1820 3249
302 106 412 146 1510
677 104 791 144 [ΑΒ.
822 103 912 143 ΧΧ.
970 103 1097 145 GAP.
1125 106 1193 146 56.
1227 107 1295 147 57

301 231 380 266 ους
415 217 505 258 τῶν
543 215 850 258 πεντακοσίων.
917 214 1032 285 μετὰ
1074 216 1120 259 δὲ
1164 214 1301 259 ταῦτά
1339 232 1474 260 τινων
1512 216 1561 260 ἐκ
1602 234 1678 272 της

298 271 589 322 Ἀπολλωνίας
627 269 1047 342 μεταπεμπομένων
1061 269 1200 316 αὐτόν
1243 273 1317 316 καὶ
1361 272 1450 342 τὴν
1490 275 1677 341 πατρίδα

301 325 550 382 προδώσειν
589 326 983 384 ἐπαγγελλομένων,
1019 322 1097 383 ἧκε
1139 328 1252 384 πρός
1287 329 1366 385 τὴν
1392 328 1534 373 πόλιν.
1590 335 1679 373 τῶν

222 390 274 429 60
307 386 354 428 δὲ
390 386 622 454 προδοτῶν
659 388 939 455 καταφανῶν
964 386 1212 440 γενομένων
1249 387 1322 429 καὶ
1358 387 1679 438 κολασθέντων,

306 440 416 485 κατὰ
455 440 533 496 μὲν
564 441 653 497 τὴν
691 441 869 512 πρώτην
913 439 1094 511 ἡμέραν
1125 441 1419 512 πολιορκήσας
1460 443 1681 497 ἄπρακτος

305 497 497 552 ἐγένετο,
530 513 583 554 τῃ
631 495 675 541 δ’
714 497 936 558 ὑστεραία
959 496 1098 541 πολλα
1138 499 1455 569 κακοπαθήσας
1491 501 1565 543 καὶ
1608 512 1681 542 συ-

305 553 435 609 χνοῦς
465 552 702 610 ἀποβαλων
731 554 857 611 μόγις
897 552 982 598 εἷλε
1017 570 1098 623 την
1133 555 1284 608 πόλιν,
1312 557 1383 600 καὶ
1421 560 1508 599 τῶν
1532 555 1682 624 Ἀπολ·

222 613 276 653 65
305 614 531 654 λωνιατῶν
585 611 692 663 τούς
738 614 966 662 πλείστους
1020 609 1278 668 ἀποσφάξας
1337 612 1548 669 διήρπασε
1604 613 1681 663 τας

303 666 484 724 κτήσεις.
529 704 534 710 s

221 726 276 765 57
335 743 337 746 >
421 723 597 768 Τούτου
637 724 683 768 δὲ
712 724 812 778 περὶ
840 722 966 767 ταῦτ’
1007 721 1159 776 ὄντος,
1189 724 1489 795 Δεινοκράτης
1528 725 1551 769 6
1593 742 1682 768 των

304 780 519 836 φυγάδων
554 780 801 852 ἡγούμενος
829 779 1066 851 ἀναλαβών
1101 781 1180 836 τὴν
1204 779 1552 837 Ἀκραγαντίνων
1579 797 1683 835 προ·

305 839 496 891 αἰρεσιν,
546 838 622 880 καὶ
662 837 911 893 προστάτην
953 836 1092 881 αὑτὸν
1133 837 1363 889 ἀναδείξας
1411 842 1487 893 τῆς
1535 842 1684 892 κοινῆς

221 897 275 936 70
305 894 579 946 ἐλευθερίας,
620 892 794 964 ἐποίησε
833 893 1023 945 πολλοὺς
1071 893 1372 949 ἁπανταχόθεν
1417 895 1684 948 συνδραμεῖν

299 948 411 1004 πρὸς
442 949 593 993 αὐτόν.
652 952 698 993 οῖ
735 950 814 1007 μὲν
849 951 932 1006 γὰρ
963 951 1036 994 διὰ
1073 950 1154 1004 τὴν
1190 951 1394 1022 ἔμφυτον
1423 955 1558 994 πᾶσιν
1587 951 1684 993 έπι-

299 1008 471 1061 θυμίαν
500 1011 576 1077 τῆς
609 1005 876 1062 αὐτονομίας
908 1009 952 1050 οἱ
980 1007 1026 1051 δὲ
1056 1007 1128 1052 δια
1155 1006 1233 1051 τὸν
1260 1006 1577 1077 Ἀγαθοκλέους
1605 1006 1684 1062 φό-

299 1066 384 1133 βον
412 1062 659 1134 προθύμως
684 1063 919 1120 ὑπήκουον
947 1069 1039 1115 τοῖς
1067 1065 1500 1119 παραγγελλομένοις.
1530 1062 1686 1120 ἠθροι-

301 1119 474 1175 σμένων
513 1119 559 1164 δ’
588 1119 738 1164 αυτῶν
783 1125 924 1174 πεζῶν
961 1121 1042 1176 μὲν
1081 1121 1135 1165 οὐ
1168 1121 1283 1164 πολύ
1319 1120 1561 1164 ἐλαττόνων
1599 1122 1685 1171 δις-

220 1179 276 1221 75
304 1177 500 1245 μυρίων,
537 1176 706 1220 ἷππέων
742 1177 788 1221 δὲ
823 1179 1037 1233 χιλίωνκ
1010 1178 1086 1221 καὶ
1121 1179 1442 1228 πεντακοσίων,
1474 1178 1547 1220 καὶ
1576 1176 1685 1219 πάν-

303 1249 394 1276 των
421 1231 593 1276 τούτων
612 1233 661 1276 έν
691 1239 854 1289 φυγαῖς
883 1234 958 1276 καὶ
986 1234 1180 1289 μελέταις
1206 1238 1286 1276 τοῦ
1315 1238 1467 1277 πονεῖν
1498 1236 1686 1287 συνεχῶς

300 1287 567 1345 γεγονότων,
597 1289 1071 1344 κατεστρατοπέδευσεν
1099 1290 1147 1333 έν
1175 1289 1407 1361 ὑπαίθρῳ,
1438 1288 1687 1342 προκαλού-

300 1361 434 1401 μενος
477 1362 529 1402 τη
578 1346 693 1402 μάχῃ
733 1347 814 1389 τόν
861 1346 1096 1402 δυνάστην.
1165 1350 1247 1390 τοῦ
1287 1344 1328 1389 δ’
1368 1344 1687 1416 Ἀγαθοκλέους

300 1402 564 1472 λειπομένου
603 1403 718 1446 πολὺ
747 1408 841 1456 ταῖς
868 1403 1083 1474 δυνάμεσι
1119 1404 1194 1446 καὶ
1225 1406 1611 1473 φυγομαχοῦντος,
1637 1401 1687 1445 ἐκ

220 1463 274 1503 80
302 1457 441 1510 ποδός
468 1456 708 1529 ἠκολούθει
745 1463 955 1527 συνεχως,
986 1459 1154 1503 ἀκονιτὶ
1189 1457 1580 1530 περιπεποιημένος
1605 1457 1686 1513 τήν

300 1516 442 1570 νίκην.
498 1513 585 1559 άπὸ
617 1515 663 1559 δε
701 1515 873 1559 τούτων
893 1520 991 1560 τῶν
1018 1532 1187 1571 καιρων
1216 1521 1307 1566 τοῖς
1336 1517 1436 1570 περὶ
1466 1515 1543 1558 τόν
1569 1513 1686 1585 Ἀγα-

299 1571 466 1616 θοκλέα
490 1571 727 1643 συνέβαινε
755 1572 867 1625 πρός
896 1572 947 1616 τὸ
975 1577 1125 1643 χεῖρον
1149 1572 1433 1642 μεταβάλλειν
1462 1571 1517 1615 οὕ
1545 1570 1686 1641 μόνον

298 1644 355 1671 τα
374 1628 502 1672 -κατοὶ
529 1630 737 1673 Σικελίαν
778 1628 889 1672 ἄλλα
917 1630 992 1673 καὶ
1032 1646 1085 1672 τα
1114 1628 1226 1672 κατά
1255 1630 1334 1700 τὴν
1358 1629 1541 1700 Λιβύην
1575 1627 1686 1682 πρά-

298 1701 455 1740 γματα.
486 1684 759 1756 Ἀρχάγαθος
780 1702 867 1742 γαρ
897 1684 927 1729 6
951 1686 1260 1756 καταλειφθεὶς
1288 1684 1369 1729 υπ’
1399 1684 1540 1729 αὐτοῦ
1559 1697 1683 1740 στρα-
1693 1694 1761 1732 449

218 1744 273 1787 85
302 1741 435 1813 τήγὸς
463 1742 570 1811 μετὰ
608 1741 688 1798 τήν
718 1741 956 1803 ἀναγωγήν
984 1746 1065 1786 τοῦ
1075 1742 1272 1813 ,πατρὸς
1311 1743 1360 1786 τὸ
1398 1741 1448 1797 μὲ
1431 1759 1478 1785 εν
1507 1756 1684 1797 πρωτον

302 1797 587 1850 ἐπλεονέκτει,
601 1797 800 1859 πέμψας
836 1801 895 1850 εἰς
924 1815 1031 1849 τους
1068 1796 1160 1842 άνω
1187 1798 1350 1849 τόπους
1380 1799 1512 1854 μέρος
1541 1814 1581 1840 τι
1609 1801 1686 1853 τῆς

303 1852 552 1923 δυνάμεως,
590 1856 642 1910 ἦς
679 1859 735 1912 ἠν
761 1854 936 1924 ἡγεμών
964 1852 1186 1912 Εὔμαχος.
1247 1857 1377 1905 οὗτος
1416 1855 1501 1910 γάρ
1537 1855 1686 1905 Τώκας

303 1908 432 1955 πόλιν
467 1911 681 1968 εὐμεγέθη
709 1911 1025 1982 χειρωσάμενος
1052 1911 1245 1961 πολλους
1273 1911 1566 1983 προςηγάγετο
1595 1927 1685 1954 των

217 1974 273 2014 90
302 1968 488 2023 πλησίον
517 1968 848 2011 κατοικούντων
878 1968 1119 2023 Νομάδων.
1162 1967 1251 2013 εἷθ’
1280 1968 1431 2023 ἑτέραν
1461 1969 1685 2020 έκπολιορ-

301 2024 439 2094 κήσας
467 2023 550 2080 τὴν
580 2023 910 2094 ὀνομαζομένην
941 2027 1155 2095 Φελλίνην
1184 2024 1405 2081 ἠνάγκασε
1433 2028 1685 2079 πειθαρχεῖν

301 2079 407 2131 τούς
447 2082 528 2136 τήν
574 2081 669 2137 ἑξῆς
707 2081 864 2152 ,χώραν
915 2081 1187 2150 νεμομένους
1234 2082 1337 2131 τοὺς
1383 2081 1686 2134 καλουμένους

299 2135 662 2194 Ἀσφοδελωδεις,
704 2137 835 2190 ὄντας
874 2142 935 2195 τῷ
979 2137 1176 2195 χρώματι
1214 2139 1545 2193 παραπλησίους
1593 2141 1685 2188 τοῖς

304 2319 361 2352 61
387 2331 455 2362 την
478 2310 632 2363 πρώτην
655 2319 753 2360 FW,
778 2319 907 2353 caeteri
930 2318 1082 2363 πρώτην
1265 2319 1321 2353 63.
1355 2317 1417 2364 μό,
1417 2331 1459 2359 ις
1481 2319 1530 2359 F,
1556 2319 1687 2352 caeteri

305 2365 412 2409 μόλις
594 2360 651 2400 69.
677 2363 958 2411 απανταχόθεν]
991 2363 1221 2410 πολλαχόθεν
1244 2366 1356 2408 FQW
1518 2365 1574 2397 70.
1602 2376 1686 2399 συν-

307 2411 485 2454 δραμεῖν]
523 2411 679 2456 δραμεῖν
711 2413 795 2445 Bas.
954 2412 1010 2446 72.
1038 2411 1411 2466 παραγγελλομένοις]
1436 2411 1686 2454 παραγγελμέ-

305 2470 386 2496 νοις
410 2458 491 2492 Bas.
675 2457 732 2493 73.
763 2456 916 2501 αὐτῶν]
941 2458 1063 2491 malim
1087 2455 1191 2502 αὐτῷ
1372 2458 1428 2492 74.
1464 2456 1683 2501 ἐλαττόνων]

306 2502 443 2538 ἐλάττω
467 2505 543 2537 τῶν
564 2504 595 2537 F
777 2504 836 2539 76.
861 2504 1001 2547 πονεῖν]
1036 2508 1158 2539 ποιεῖν
1183 2505 1264 2538 Bas.
1425 2504 1481 2538 79.
1510 2504 1683 2547 συνεχῶς]

308 2549 471 2593 συνέχων
493 2551 592 2593 QXY
615 2551 696 2584 Bas.
880 2550 936 2583 80
962 2551 1098 2594 περιπ]
1123 2551 1186 2584 καὶ
1209 2562 1333 2596 περιπ.
1359 2551 1455 2594 ΩΧΥ
1480 2550 1561 2583 Bas

401 2596 458 2635 82.
483 2593 723 2652 μεταβάλλειν
749 2598 811 2637 W,
836 2596 963 2630 caeteri
988 2598 1206 2643 μεταβαλεῖν
1389 2596 1446 2629 83.
1470 2595 1537 2640 τήν
1562 2607 1629 2629 om.
1655 2596 1685 2628 F

397 2641 477 2675 449.
525 2641 582 2676 86.
611 2640 741 2687 μέρος]
759 2641 911 2699 μέρους
934 2643 981 2676 W
1161 2643 1219 2677 87.
1249 2655 1284 2677 τι
1308 2653 1377 2675 om.
1402 2643 1432 2675 F
1619 2638 1682 2685 ἦν]

307 2701 353 2732 ην
376 2699 414 2732 γε
437 2688 501 2730 W,
525 2699 570 2721 an
595 2689 722 2722 omisso
745 2685 890 2732 ἡγεμών
912 2687 1029 2722 nescio
1211 2688 1269 2724 88.
1301 2687 1447 2731 Τώκας]
1469 2685 1579 2728 τόκας
1601 2688 1632 2721 F

442 2734 498 2769 92.
530 2735 583 2782 τῷ
613 2732 798 2779 χρώματι]
830 2737 909 2776 τοῖς
940 2731 1108 2780 χρώμασι
1132 2734 1176 2769 W
