1820 3249
467 130 581 171 LIB.
614 129 702 170 XV.
765 129 897 170 CAP.
918 130 985 171 57
1005 131 1457 172 58.1001

23 254 67 290 48
80 243 347 288 ποδίσασθαι
373 239 456 310 τήν
482 238 624 291 πόλιν,
653 234 1004 295 Ἐπαμεινώνδου
1034 239 1080 282 δὲ
1096 238 1461 309 συμβουλεύσαν-

78 317 153 351 τος
183 300 250 342 ὅτι
287 297 341 341 τά
379 295 450 339 διὰ
491 300 567 352 τῆς
596 295 810 365 ἀνδρείας
836 294 1188 366 κατεργασθέντα
1224 314 1276 353 τη
1310 303 1461 353 φιλαν-

79 358 262 427 ιὶῗρωπίᾳ
284 351 589 423 διαφυλάττειν
620 354 724 404 τούς
760 357 835 407 τῆς
864 358 955 396 τῶν
981 351 1197 406 Ἐλληνων
1223 352 1459 408 ἡγεμονίας
1488 355 1543 399 25

81 410 384 482 ὀρεγομένους,
415 409 698 479 μετέγνωσαν.
719 409 888 479 διόπερ
917 409 1023 460 τούς
1051 409 1129 465 μὲν
1155 408 1462 464 Ὀρχομενίους

80 471 142 520 εἰς
168 468 249 524 τὴν
286 471 376 510 τῶν
405 465 654 536 συμμάχων
669 483 817 522 χωραν
845 466 1102 518 κατέταξαν·
1153 468 1258 522 μετά
1290 467 1335 510 δὲ
1363 472 1465 511 ταῦ-

79 541 133 568 τα
163 527 330 575 Φωκεῖς
357 523 432 566 καὶ
460 522 684 574 Αἰτωλούς
709 523 784 566 καὶ
813 522 1016 575 Λοκρους
1047 524 1206 577 φίλους
1231 524 1466 595 ποιησάμε-

77 597 150 625 νοι
177 580 268 636 τὴν
307 581 367 630 εἰς
397 582 616 626 Βοιωτίαν
651 579 871 623 ἐπάνοδον
909 578 1179 635 ἐποιήσαντο.
1236 579 1388 623 Ἰάσων
1418 581 1464 624 δὲ
1493 585 1549 626 30

78 637 103 682 6
141 640 297 692 Φερῶν
334 634 554 689 τύραννός
597 634 665 680 αεὶ
704 641 882 708 μᾶλλον
908 636 1151 690 αὐξόμενος
1184 636 1466 691 ἐστράτευσεν

78 695 139 746 εἰς
166 693 248 750 τὴν
277 695 496 747 Λοκρίδα·
537 693 611 737 καὶ
645 692 728 748 τήν
765 694 846 764 μὲν
871 691 1132 747 Ἡράκλειαν
1161 692 1243 748 τήν
1270 694 1318 737 ἐν
1357 698 1466 748 Τρα-

77 752 194 820 χινία
230 750 304 794 διὰ
339 751 581 803 προδοσίας
619 748 730 793 ἔλων
761 748 1008 793 ἀνάστατον
1045 751 1241 806 ἐποίησε,
1280 751 1354 795 καὶ
1386 751 1467 807 τὴν

77 807 226 864 χώραν
256 809 448 857 Οἰταίοις
477 807 551 850 καὶ
579 810 825 862 Μηλιεῦσιν
854 807 1111 862 ἐδωρήσατο.
1155 823 1262 862 μετα
1292 808 1341 850 δὲ
1363 812 1466 851 ταῦ-

78 876 132 908 τα
162 864 232 907 ἐπὶ
265 864 345 920 τὴν
377 864 650 934 Περραιβίαν
679 863 896 917 ἐπιζεύξας
937 868 1026 907 τῶν
1064 863 1236 907 πόλεων
1271 882 1349 915 τας
1385 865 1465 920 μὲν
1494 866 1550 911 35

79 919 227 992 λόγοις
260 920 595 990 φιλανθρώποις
623 919 942 977 προςηγάγετο,
973 937 1050 972 τας
1083 920 1128 964 δε
1159 920 1230 964 διὰ
1260 924 1336 977 τῆς
1354 923 1467 976 βίας

77 976 349 1033 ἐχειρώσατο.
397 976 507 1031 ταχύ
549 977 595 1020 δὲ
632 982 710 1034 τῆς
749 979 1006 1028 δυναστείας
1037 975 1175 1021 αὐτοῦ
1213 978 1466 1033 στερεουμέ-

78 1050 156 1090 νης
194 1035 238 1077 οἱ
275 1034 357 1090 τήν
399 1035 636 1076 Θετταλίαν
671 1036 896 1086 οἰκοῦντες
932 1034 1184 1091 ὑφωριόντο
1221 1034 1302 1093 τὴν
1339 1034 1466 1093 αὔξη·

78 1101 151 1134 σιν
180 1088 320 1135 αὐτοῦ
348 1091 424 1134 καὶ
453 1089 531 1159 τὴν
559 1092 822 1142 πλεονεξίαν

178 1146 300 1218 ’Ἅμα
323 1148 368 1191 δὲ
397 1145 572 1198 τούτοις
600 1147 918 1218 πραττομένοις
950 1146 998 1190 ἐν
1026 1150 1081 1204 τῇ
1108 1144 1235 1191 πόλει
1256 1163 1347 1191 των
1373 1146 1463 1200 Ἀρ-
1492 1146 1549 1189 40

77 1204 207 1260 γείων
234 1204 401 1276 ἐγένετο
431 1202 579 1256 στάσις
604 1205 677 1248 καὶ
707 1202 848 1257 φόνος
875 1209 1088 1255 τοσοῦτος
1117 1204 1223 1255 ὅσος
1251 1202 1360 1259 παρ’
1382 1205 1464 1249 ἑτέ-

78 1278 174 1315 ροις
210 1266 301 1305 τῶν
326 1259 554 1332 ,Ἑλλήνων
598 1260 810 1305 οὐδέποτε
855 1261 1085 1331 γεγονέναι
1129 1261 1461 1317 μνημονεύεται.

77 1316 242 1374 ἐκλήθη
272 1317 318 1361 δὲ
348 1316 373 1363 6
401 1318 685 1388 νεωτερισμὸς
715 1314 845 1368 οὗτος
874 1335 993 1371 παρα
1026 1322 1119 1370 τοῖς
1135 1318 1316 1373 Ἑλλησι
1350 1331 1465 1362 σκυ-

79 1373 307 1431 ταλισμός,
351 1373 424 1418 δια
459 1375 539 1417 τὸν
575 1373 757 1433 τρόπον
782 1378 865 1418 τοῦ
894 1373 1095 1418 θανάτου
1133 1374 1293 1444 ταύτης
1320 1392 1464 1431 τυχων

80 1435 158 1488 τῆς
195 1431 506 1487 προςηγορίας.
540 1430 581 1500 ἦ
624 1431 673 1474 6²
703 1433 786 1474 οὐν
815 1431 965 1482 στάσις
1002 1430 1170 1486 ἐγένετο
1201 1432 1274 1475 διὰ
1316 1433 1464 1476 τοιαύ-

80 1504 159 1538 τας
188 1488 340 1538 αἰτίας.
381 1491 460 1544 τῆς
492 1486 660 1538 πόλεως
687 1504 777 1531 των
801 1486 1006 1557 Ἀργείων
1037 1489 1463 1559 δημοκρατουμένης,

81 1546 157 1587 καί
191 1560 325 1588 τινων
363 1545 643 1616 δημαγωγῶν
673 1543 1018 1597 παροξυνόντων
1055 1545 1106 1587 τὸ
1146 1548 1318 1615 πλῆἱῒος
1355 1563 1466 1593 κατα

81 1616 170 1642 των
201 1605 296 1652 ταῖς
329 1600 546 1653 ἐξουσίαις
575 1600 649 1643 καὶ
687 1599 835 1653 δόξαις
862 1599 1184 1670 ὑπερεχόντων,
1215 1618 1258 1644 οι
1289 1604 1468 1659 διαβαλῃ

83 1656 262 1712 λόμενοι
295 1656 530 1708 συστάντες
560 1657 756 1711 ἔγνωσαν
795 1662 1036 1701 καταλῦσαι
1064 1657 1144 1701 τόν
1180 1660 1335 1713 δῆμον.
1387 1662 1467 1716 βα·
1497 1663 1558 1707 50

83 1698 380 1758 σανισθέντων
408 1714 455 1757 δέ
487 1729 621 1757 τινων
655 1713 703 1758 ἐκ
733 1717 822 1757 τῶν
851 1719 1078 1770 συνεργεῖν
1107 1714 1384 1767 δοκούντων,
1424 1718 1468 1760 οἱ

82 1786 164 1826 μεν
209 1770 354 1814 αλλοι
367 1770 636 1827 φοβηθέντες
671 1770 753 1826 τὴν
790 1770 838 1814 ἐκ
875 1787 966 1814 των
1005 1770 1214 1841 βασάνων
1250 1774 1468 1827 τιμωρίαν

83 1827 265 1878 ἑαυτοὺς
301 1827 349 1870 ἐκ
380 1831 462 1871 τοῦ
493 1831 568 1884 ζην
595 1828 882 1899 μετέστησαν,
913 1827 1009 1878 ἑνὸς
1049 1825 1097 1871 δ’
1134 1827 1181 1870 ἐν
1210 1833 1303 1880 ταῖς
1331 1829 1466 1885 βασά-

83 1900 179 1934 νοις
207 1882 558 1955 ὁμολογήσαντος
586 1884 661 1928 καὶ
689 1885 835 1928 πίστιν
862 1884 1089 1954 λαβόντος,
1112 1882 1137 1927 6
1168 1900 1249 1954 μεν
1276 1902 1468 1955 μηνυτης
1497 1889 1551 1932 55

80 1939 314 1993 τριάκοντα
342 1956 432 1983 των
459 1939 813 1995 ἐπιφανεστάτων
850 1940 1168 2010 κατηγόρησεν,
1198 1940 1223 1984 6
1254 1942 1311 1986 δὲ
1331 1944 1470 2014 δῆμος

85 1995 166 2040 οὐκ
204 1997 374 2052 ἐλέγξας
416 1996 610 2068 ἄκριβως
649 1998 842 2049 ἅπαντας
878 1998 983 2048 τούς
1013 1996 1330 2054 διαβληθέντας
1367 1999 1471 2043 ἀπέ-

84 2068 222 2096 κτεινε
261 2054 335 2097 καὶ
373 2053 450 2104 τὰς
481 2052 635 2104 οὐσίας
664 2053 811 2098 αὐτῶν
828 2053 1058 2128 ἐδήμευσε.
1109 2058 1286 2098 πολλων
1315 2055 1361 2099 δὲ
1393 2073 1469 2101 και

85 2109 230 2153 α’λλων
258 2109 307 2153 ἐν
334 2108 546 2162 ’ὑποψίαις
575 2127 740 2164 οντων,
769 2111 844 2155 καὶ
871 2115 960 2154 τῶν
989 2113 1261 2182 δημαγωγῶν
1288 2113 1470 2161 ψευδέσι

85 2167 310 2220 διαβολαῖς
346 2166 733 2237 συνηγορούντων,
774 2168 843 2211 ἐπὶ
879 2171 1095 2211 τοσοῦτον
1133 2167 1377 2239 ἐξηγριώθη
1412 2171 1463 2213 τό
1493 2178 1550 2219 60

86 2224 256 2279 πλῆθος
286 2239 393 2277 ωςτε
427 2221 606 2269 πάντων
633 2239 724 2269 των
755 2225 1178 2282 κατηγορουμένων,
1220 2224 1362 2271 ὄντων
1388 2226 1466 2284 μὲν

1492 1410 1548 1453 45

1493 1469 1550 1508 58

175 2393 234 2429 48.
280 2393 339 2431 23.
370 2393 656 2442 Ἐπαμινώνδου
680 2394 722 2434 δε
743 2397 881 2441 1K‚et
905 2396 966 2441 qui
987 2390 1290 2451 Ἐπαμεινώνδου
1312 2396 1365 2439 F,
1388 2408 1467 2433 cae-

87 2439 153 2473 teri
173 2438 455 2484 Ἐπαμινώνδου
636 2444 695 2481 2-1.
727 2440 884 2489 ανδρίας
915 2444 946 2477 F
1126 2441 1185 2479 25.
1217 2446 1308 2487 post
1328 2445 1467 2489 διαφυ-

88 2483 236 2566 λάττεξιζ
252 2487 320 2567 Iog.
339 2488 683 2591 ἒέἳϋξῐὲιῖᾱιῖξέειῐ
699 2486 1400 2590 ,δὶἓῖτὲἶῃῐῗίδιαφυλάῗὸεινΦῖοὶιεεΞΞΕο-Ϊιε
1411 2537 1470 2572 29

88 2546 336 2659 ποιησάμξίιῖει)
355 2585 434 2636 post
455 2579 680 2637 ἐποιήσαντο,
701 2583 798 2625 ponit
821 2583 851 2616 Γ
1010 2578 1068 2615 38.
1091 2581 1213 2616 malim
1238 2577 1466 2626 υφεώρωντο

90 2666 274 2712 γεγονέναι
298 2623 805 2730 avggggvgxxgrssntoXFlleK
835 2623 1321 2717 οῗὲθτσιιάὶέὀῗεῗοῗέοἷὲἱλησι
1344 2629 1466 2708 amsii:

271 2714 329 2751 46.
352 2715 391 2753 δ’
415 2714 506 2763 οὖν]
531 2721 622 2762 γοῦν
645 2731 765 2754 omnes
949 2719 1007 2754 48.
1032 2722 1113 2758 ταῖς
1135 2717 1341 2764 ἐξουσίαις]
1364 2718 1466 2762 ἐξου-

90 2760 260 2802 ῦίάις.ῙΚ
409 2764 467 2799 61.
490 2776 558 2809 μεν
579 2767 725 2801 fortasse
747 2765 950 2801 delendum:
966 2764 1202 2810 παμπόλλων
1225 2765 1388 2802 Reiskius
