1820 3249
1390 137 1499 178 1131

133 250 193 294 ιὸ’.
223 251 414 304 Στρατεία
429 246 687 304 Ἀλεξάνδρου
708 246 810 302 πρός
824 244 918 295 τούς
936 244 1210 302 ἀφεστηκότας
1223 247 1411 304 Ἇοείους,
1432 253 1501 293 καὶ

246 307 389 356 ἅλωσις
412 310 482 359 τῆς
501 306 881 358 Πέτρας..

133 363 195 408 ιε’.
226 361 439 418 Ἐπιβουλὴ
462 367 533 403 τοῦ
559 361 748 415 βασιλέως
772 361 837 402 καὶ
853 332 1018 410 κόλασις
1046 379 1125 407 των
1155 363 1414 416 ἐπιθεμένων,
1446 362 1502 408 ὦν

243 423 285 463 οἱ
304 420 603 472 ἐπιφανέστατοι
633 420 872 471 Παριιενίων
896 419 963 459 καὶ
984 417 1175 468 Φιλώτας

132 475 196 526 ις’.
233 479 424 547 Στρατεία
452 474 710 546 Ἀλεξάνδρου
745 477 800 524 εἰς
827 492 922 524 τους
952 474 1316 530 Παροπαμισάδας,
1354 495 1422 519 και
1455 478 1502 520 τὰ
1532 474 1585 517 50

241 533 469 588 πραχθέντα
488 531 578 574 κατ’
603 530 740 585 αὐτήν.

132 588 198 642 ιζ’.
229 590 281 632 Ἡ
304 590 494 645 γενομένη
525 592 568 632 ἐν
595 587 757 645 Ἀρείοις
787 590 1031 643 μονομαχία,
1069 590 1136 631 καὶ
1165 586 1399 645 παράληψις
1431 596 1503 634 τοῦ

242 648 402 697 ε’θνους.

129 701 195 756 ιη’.
226 703 387 757 Βήσσου
408 708 482 746 τοῦ
504 699 714 752 ἀνελόντος
734 707 907 757 Δαρεῖον
925 700 1118 752 θάνατος.

128 759 198 803 ιθῖ
237 761 305 810 Ὡς
321 759 574 814 Ἀλέξανδρος
593 760 658 802 διὰ
682 763 752 813 τῆς
776 741 952 814 οἷνύδρου
977 760 1195 816 πορευθεὶς
1217 760 1390 810 πολλους
1412 758 1503 803 οἷπέ-
1533 756 1588 799 55

241 820 336 869 βαλε·
354 835 433 860 των
457 832 716 889 στρατιωτων.

128 871 177 917 κ’.
207 874 274 924 Ὡς
293 891 388 924 τους
405 876 626 930 Βραηίὸας
654 891 698 916 το
730 871 901 914 παλαιὸν
922 889 1003 914 υπο
1034 875 1207 927 Περσων
1234 876 1505 927 μετοικισθέν-

239 949 309 980 τας
337 934 394 982 εἰς
423 931 471 973 τοὶ
493 934 633 984 ἔσχατα
657 948 729 984 της
755 932 956 984 βασιλείας
979 947 1033 978 ως
1051 929 1251 985 προδότας
1271 937 1366 974 τῶν.
1369 932 1504 988 Ἑλλή-

240 1006 323 1030 νων
343 986 496 1030 οἷνεῖλεν
516 986 780 1041 Ἀλέξανδρος.

125 1061 200 1086 κα.
231 1045 300 1094 Ὡς
316 1062 337 1088 ο
354 1043 584 1112 βασιλεῦς’
567 1045 630 1086 επὶ
654 1042 905 1103 Σογδιανους
923 1043 990 1084 καὶ
1010 1039 1179 1092 Σκύθας
1198 1044 1465 1116 ἐστράτευσεν.
1532 1042 1587 1081 60

124 1098 201 1155 κβ’.
229 1101 296 1150 Ὡς
317 1103 358 1143 οἱ
380 1100 649 1170 πρωτεύοντες
670 1099 906 1157 Σογδιανων
931 1097 1179 1157 απαγόμενοι
1199 1119 1299 1157 προς
1320 1103 1503 1146 θάνατον

236 1156 473 1230 παραδόξως
487 1156 712 1212 ἐσώθησαν.

124 1212 194 1269 κγ’.
236 1215 302 1265 Ὡς
332 1213 586 1272 Ἀλέξανδρος
613 1211 863 1262 οἷποσταντας
893 1230 989 1263 τους
1013 1215 1266 1270 Σογδιανους
1295 1210 1502 1258 κατεπολέ-
1533 1210 1588 1252 65

236 1286 358 1326 μησε,
394 1274 463 1316 καὶ
479 1274 725 1331 κατέσφαξεν
747 1267 880 1313 αὐτῶν
901 1272 1062 1321 πλείους
1081 1277 1162 1315 τῶν
1186 1271 1343 1315 δώδεκα
1363 1292 1503 1329 μυρια-

235 1331 333 1371 δων.

123 1381 196 1426 κδ’.
225 1386 293 1436 Ὡς
312 1382 583 1454 Βακτριανους
602 1380 764 1429 ἐκόλασε
779 1385 846 1427 καὶ
849 1385 1115 1454 Σογδιανους
1135 1403 1178 1429 το
1201 1384 1430 1441 δεύτερον’
1411 1405 1505 1441 εχει-

237 1440 393 1498 ρῶσατο
413 1444 482 1486 καὶ
499 1441 632 1492 πόλεις
648 1443 798 1485 ε’κτισεν
815 1439 1006 1497 εὐκαίρως
1024 1441 1125 1498 πρὸς
1145 1461 1216 1498 τας
1236 1461 1317 1486 των
1338 1442 1505 1498 οἷφιστα-

219 1499 368 1569 μένων
386 1498 580 1548 κολασεις.

123 1551 192 1597 κε’.
219 1551 450 1606 Ἀπόστασις
472 1559 582 1625 τρίτη
599 1558 855 1612 Σογδιανων,
883 1555 952 1596 καὶ
977 1552 1124 1606 ἅλωσις
1145 1561 1223 1607 τῶν
1247 1558 1303 1606 εἰς
1325 1574 1402 1612 την
1427 1559 1504 1631 Πέ-Ι
1534 1554 1588 1593 70

235 1623 334 1667 τραν
354 1610 676 1668 καταφυγόντων.

66 1723 69 1727 Ι
101 1667 197 1729 ..κςῖ
227 1671 331 1740 Περὶ
351 1675 425 1719 τοῦ
444 1672 485 1712 ἐν
515 1673 724 1720 Βασίστοις
745 1672 941 1745 κυνηγίου
964 1669 1035 1711 καὶ
1055 1673 1129 1712 τοῦ
1146 1668 1334 1724 πληθους
1358 1688 1440 1713 των
1463 1673 1506 1714 ἐν

233 1724 346 1768 αὕτω
365 1729 540 1783 θηρίων.

121 1780 195 1832 κζ’.
229 1785 334 1851 Περὶ
360 1788 434 1838 τῆς
462 1786 518 1834 ε’ἰς
545 1799 617 1825 τον
647 1780 852 1825 Διόνυσον
882 1783 1077 1839 αμαρτίας
1104 1784 1172 1825 καὶ
1198 1788 1271 1840 τῆς
1298 1801 1407 1841 παρα
1434 1784 1506 1828 τὸν
1574 1803 1577 1806 ⁴

234 1839 357 1883 πότον
373 1839 614 1896 οἷναιρέσεως
634 1842 816 1882 Κλείτου
1535 1837 1589 1880 75

120 1893 195 1949 κη’.
229 1899 331 1952 Περὶ
348 1902 423 1952 τῆς
442 1897 746 1946 Καλλισθένους
759 1901 953 1951 τελευτῆς.

120 1951 202 1995 κθ’.
231 1958 424 2009 Στρατεία
441 1959 522 1997 -τοῦ
543 1954 761 2021 βασιλέως
767 1956 823 2004 εἰς
849 1971 944 2003 τους
964 1955 1236 2023 καλουμένους
1265 1954 1382 1998 Ναύτ
1367 1975 1497 2008 ιακας,

234 2013 303 2053 καὶ
322 2010 463 2066 φθυρα
483 2016 556 2065 τῆς
573 2008 779 2063 δυναμεως
799 2010 881 2053 υπό
901 2015 1053 2064 πολλης
1069 2010 1214 2065 χιόνος.

43 2064 166 2111 158λ’.
192 2068 261 2118 Ὡς
277 2065 538 2138 Ἀλέξανδρος
566 2068 753 2123 ε’ρασθεις
776 2065 973 2142 Ῥωξανης
999 2086 1073 2121 της
1086 2067 1327 2124 Ὀξυαρτου,
1359 2071 1503 2126 ε’γημεν
1532 2068 1585 2108 80

235 2122 378 2194 αυτήν,
407 2126 476 2167 καὶ
495 2143 578 2175 των
596 2127 728 2178 φίλων
744 2124 949 2175 πολλούς’
937 2127 1067 2168 ε’πεισε
1090 2131 1214 2181 γῆμαι
1231 2144 1302 2177 τας
1320 2145 1401 2171 των
1421 2131 1502 2172 ε’πι·

233 2197 375 2236 σημων
395 2181 611 2256 βαρβαρων
627 2182 863 2252 θυγατέρας.

119 2235 191 2279 λα’.
219 2239 461 2299 Παρασκευη
480 2244 553 2295 τῆς
567 2240 632 2283 ε’πὶ
655 2237 901 2296 [Ναύτακας
915 2238 1033 2293 τους]
1055 2237 1204 2291 Ἰνδοὺς
1228 2245 1442 2298 στρατείας.
1531 2238 1585 2280 85

120 2393 178 2429 ⁴1ss-
223 2390 260 2430 ’A
259 2395 382 2440 ρείονς
403 2397 455 2440 Β,
489 2397 617 2432 caeteri
644 2394 820 2453 Ἀρῤίους
999 2398 1057 2434 47.
1106 2399 1276 2444 Πέτρας]
1310 2398 1444 2444 πέτρας
1469 2414 1501 2446 p.

118 2441 276 2476 221.12.
464 2443 522 2478 50.
549 2442 914 2502 Παροπαμισὰδας]
944 2446 1268 2502 Παροπανισαδας
1293 2448 1343 2490 Υ,
1377 2451 1461 2493 Παρ
1466 2462 1504 2484 ο-

117 2487 351 2531 παμισάδους
367 2489 451 2524 Bas.
443 2515 467 2536 .‚
488 2490 617 2525 omisso
641 2503 731 2531 τους
916 2492 973 2528 51.
1024 2489 1167 2555 αυτήν]
1201 2492 1326 2527 αὐτων
1350 2495 1411 2539 LQ

209 2533 265 2568 52.
311 2532 461 2578 Ἀρείοις
485 2529 523 2577 Β,
549 2537 677 2571 caeteri
697 2535 855 2583 Ἀῤῥίοις
1026 2537 1083 2573 55.
1133 2553 1181 2580 ως
1203 2536 1434 2585 Ἀλέξανδρος
1459 2560 1504 2566 —-

117 2578 197 2613 158.
220 2580 277 2613 92.
317 2581 526 2627 κατέκοψεν
546 2595 615 2618 om.
641 2584 707 2617 co
694 2597 774 2642 pus
957 2585 1013 2620 62.
1061 2582 1156 2628 πρὸς
1179 2584 1373 2632 θάνατον]
1411 2585 1506 2633 πρός

116 2623 181 2661 τὸν
205 2625 376 2662 θάνατον
401 2628 430 2661 Β
610 2629 668 2664 64.
717 2627 950 2675 Ἀλέξανδρος
973 2636 1007 2665 et
1029 2631 1087 2668 65.
1112 2629 1239 2667 αιῖτων
1264 2645 1332 2667 om.
1371 2634 1399 2668 L

209 2671 267 2708 75.
313 2672 494 2719 Κλείτου]
523 2675 661 2710 Κλίτου
686 2677 719 2710 Τ
904 2679 961 2713 80.
1006 2674 1178 2723 Ῥοξανης
1202 2691 1320 2713 omnes

209 2741 289 2775 158.
321 2741 385 2779 82.
411 2754 486 2776 των
511 2741 699 2789 ἐπισήμων
722 2746 785 2780 ΒΤ
809 2747 892 2781 Bas.
905 2773 915 2787 ‚
939 2746 1069 2781 caeteri
1094 2745 1281 2791 ἐπισήμων
1443 2749 1500 2783 84.

120 2785 327 2828 Ναύτακας
350 2801 439 2829 τους
461 2800 530 2824 om.
556 2791 587 2824 X
613 2792 709 2837 Bas„
733 2793 899 2828 asterisco
925 2793 1058 2829 uomit
1081 2794 1276 2839 Stephanus
