1820 3249
298 143 410 185 1590
839 141 969 186 Lm.
1009 141 1133 185 XIX.

297 258 572 305 Polysperchon
609 259 656 295 ob
685 267 881 307 acceptam
924 260 1024 307 apud
1051 260 1308 307 Megalopolin
1339 260 1484 296 cladem
1514 263 1690 307 evile-scit.

301 318 471 351 Graecae
510 316 678 352 civitates
724 318 762 352 in
808 317 1000 353 Cassandri
1043 324 1163 364 partes
1207 325 1423 362 transeunt,
1470 321 1690 365 praesertim

299 373 549 410 Athenienses,
581 375 684 420 pacis
721 387 808 409 cum
837 374 1042 410 Cassandro
1076 375 1190 409 initae
1227 376 1454 410 conditiones
1474 374 1591 426 „Uti-.].
1626 378 1691 412 Ni-

298 442 414 464 canor
443 431 488 464 ab
517 431 764 478 expeditione*
782 432 822 466 in
844 432 1039 478 Piraeeum
1054 435 1235 467 'reversus
1263 445 1283 467 a
1303 433 1503 467 Cassandro
1527 445 1547 468 e
1567 434 1688 468 medio

297 487 456 522 tollitur.
498 489 704 522 Cassander
732 489 770 523 in
800 489 1063 524 Macedoniam
1093 495 1238 533 movet;
1276 490 1462 536 multique-
1489 491 1536 531 ad
1568 492 1689 538 ipsum

299 544 500 592 deficiunt,
530 545 853 592 Polysperchontis
881 546 1092 582 socordiam
1123 546 1307 592 indignati
1339 543 1440 595 [75.].
1586 542 1587 545 ¹

845 666 966 709 LIB.
1023 665 1154 707 XIX.

380 775 439 808 De
469 774 589 808 causis
619 785 811 819 oppressae
839 768 1025 810 libertatis
1054 779 1092 807 et
1120 774 1288 807 invectae
1310 774 1518 819 tyrannidis
1544 777 1692 821 praefa-

296 836 355 865 tus
372 830 569 874 Diodorus,
588 830 789 865 transitum
818 837 927 876 parat
956 830 1004 863 ad
1024 830 1235 877 Agathoclis
1253 831 1519 876 Syracusarum
1540 834 1692 879 tyranni

272 887 503 937 ,historiann
525 887 581 921 vel
612 888 774 921 maxime
803 888 876 921 hoc
906 887 1002 922 libro
1033 885 1290 923 enarrandam.
1330 888 1505 922 adiicitur
1535 890 1692 931 chrono-

295 944 417 990 logica
445 945 542 979 ratio
576 941 653 994 [1..]
715 944 927 990 Agathoclis
956 945 1097 979 natales
1127 945 1345 990 portentosi,
1373 946 1545 980 Thermis
1574 947 1613 981 in
1637 947 1693 983 Si-

296 1001 381 1035 cilia
420 1008 526 1036 natus
567 1013 589 1035 a
620 1008 723 1047 patre
753 1002 911 1036 Cal-cino
951 1002 998 1035 ob
1039 1002 1227 1036 somnium
1268 1002 1485 1048 exponitur,
1514 1010 1692 1050 patreque

293 1058 410 1093 inscio
441 1071 463 1093 a
493 1066 612 1093 matre
641 1059 679 1093 in
710 1058 821 1093 domo
852 1058 979 1093 fratris
1009 1058 1217 1093 Heraclidis
1249 1065 1430 1094 servatur.
1473 1069 1693 1106 septennem

294 1115 428 1161 recipit
458 1122 585 1161 pater,
616 1122 653 1150 et
690 1116 877 1161 Syracusis
906 1115 1106 1162 figulinam
1137 1116 1257 1150 docet.
1299 1123 1515 1161 portentum
1553 1129 1692 1153 novum

295 1184 382 1207 eum
413 1173 601 1219 insignem
639 1173 732 1207 facit
764 1170 841 1222 [ist]
909 1174 1049 1208 Damas
1083 1173 1219 1207 nobilis
1260 1174 1513 1219 Syracusanus
1552 1175 1694 1221 primus

294 1230 541 1276 Agathoclem
572 1230 686 1275 fovit,
728 1238 766 1264 et
805 1231 853 1265 ad
882 1229 1104 1276 dignitatem
1139 1230 1343 1265 militarem
1373 1231 1504 1266 evexit.
1551 1230 1693 1266 milita-

296 1286 362 1321 bat
407 1287 539 1321 deinde
587 1287 685 1322 inter
724 1287 1045 1334 Syracusanorum
1085 1287 1247 1331 auxilia,
1290 1287 1517 1322 Crotoniatis
1565 1296 1694 1324 contra

297 1344 460 1378 Bruttios
490 1344 613 1382 missa,
649 1345 1024 1391 Agathoclivirtutis
1053 1345 1221 1390 praemia
1250 1345 1385 1390 pugnis
1415 1351 1523 1390 parta
1541 1345 1694 1385 „invidet

297 1401 515 1436 Sosistratus
541 1398 616 1449 [3.]
647 1412 691 1435 eo
723 1402 884 1439 offensus
915 1402 1136 1447 Agathocles
1167 1401 1213 1435 ad
1251 1407 1398 1447 tempus
1428 1402 1550 1448 patria
1580 1404 1695 1438 absti-

297 1465 371 1492 net.
413 1466 540 1504 postea
576 1457 770 1493 Sosistrato
812 1459 848 1493 in
893 1459 1058 1493 exsilium
1099 1459 1210 1493 misso
1248 1469 1414 1493 reversus
1454 1460 1493 1493 in
1532 1461 1694 1506 patriam

297 1515 407 1549 rebus
447 1515 486 1549 in
527 1515 627 1549 bello
668 1523 819 1550 strenue
859 1515 970 1562 gestis
1007 1527 1186 1562 magnam
1216 1522 1438 1550 consecutus
1468 1523 1522 1550 est
1548 1518 1694 1554 famam

296 1568 374 1620 [4.].
408 1572 455 1606 ob
485 1573 681 1610 affectatae
712 1573 918 1619 tyrannidis
944 1574 1195 1620 suspicionem
1231 1578 1268 1606 et
1297 1573 1437 1608 instans
1470 1576 1601 1610 mortis
1630 1588 1694 1621 pe·

293 1629 455 1663 riculum
485 1629 709 1676 Agathocles
739 1630 906 1677 aufugit,
949 1637 985 1665 et
1024 1630 1188 1676 privatus
1217 1630 1423 1664 exercitum
1454 1632 1574 1677 cogit:
1608 1645 1694 1668 mox

293 1686 471 1721 invitatus
500 1687 538 1720 in
568 1687 730 1732 patriam
762 1688 860 1721 redit
890 1694 927 1721 et
963 1688 1167 1734 imperator
1196 1687 1373 1733 pacisque
1403 1695 1524 1722 custos
1555 1691 1692 1725 consti-

295 1744 414 1778 tuitur
454 1740 532 1792 [5..]
571 1744 646 1779 iam
686 1755 774 1779 vero
805 1745 971 1780 exercitu
1010 1745 1150 1791 potitus
1187 1750 1294 1778 aucta
1334 1744 1500 1779 factione
1534 1758 1692 1792 ususque

293 1801 367 1834 alia
405 1801 607 1846 multiplici
648 1801 929 1847 opportunitate
963 1804 1085 1848 primo
1125 1808 1298 1836 senatum
1332 1801 1401 1836 600
1430 1802 1595 1837 virorum
1627 1817 1694 1851 per

278 1857 445 1892 -insidias
470 1858 680 1902 obtruncat,
703 1859 834 1894 deinde
865 1859 970 1894 bonis
1000 1871 1131 1894 eorum
1160 1859 1319 1904 praedae
1350 1859 1442 1893 datis
1471 1859 1693 1897 vilissimum

294 1926 482 1961 quemque
515 1915 585 1949 sibi
623 1916 791 1951 amicum
829 1916 923 1950 facit
954 1914 1034 1965 [6].
1071 1923 1154 1950 tum
1194 1915 1369 1950 caedibus
1402 1923 1524 1951 totam
1561 1920 1694 1954 urbem

294 1972 426 2018 implet
459 1968 505 2019 [7.
537 1971 601 2021 8.].
643 1973 803 2020 denique
831 1973 869 2007 xi
898 1980 1010 2020 atque
1040 1974 1125 2007 dolo
1158 1973 1319 2007 civitatis
1348 1974 1603 2019 principatum
1635 1989 1693 2011 so-

294 2030 349 2063 lus
379 2029 524 2063 obtinet
549 2026 624 2078 [9..]
659 2031 821 2066 Romani
852 2042 938 2065 cum
964 2031 1191 2065 Samnitibus
1220 2030 1361 2064 bellum
1391 2031 1581 2077 gerebant,
1603 2034 1693 2067 Cro·
1737 2056 1740 2057 ν

294 2086 461 2120 toniatae
491 2098 578 2120 cum
606 2088 784 2133 Bruttiis,
814 2093 851 2121 et
884 2088 981 2122 cives
1012 2100 1100 2122 cum
1130 2087 1270 2120 civibus
1296 2083 1396 2136 [lO.].
1430 2088 1623 2134 Olympias
1652 2091 1692 2125 in

294 2135 557 2178 Macedoniam
587 2144 704 2178 redux
732 2151 769 2178 ct
797 2145 1013 2191 Philippum
1043 2151 1080 2178 et
1109 2143 1316 2189 Eurydicen
1346 2145 1421 2178 vita
1449 2145 1572 2189 privat
1595 2147 1692 2181 mul-

295 2206 428 2246 tosque
467 2201 580 2234 simul
608 2202 806 2236 Cassandri
845 2203 985 2236 amicos
1018 2198 1119 2249 [tl.].
1157 2204 1230 2236 Res
1262 2200 1300 2234 in
1331 2201 1416 2235 Asia
1444 2209 1579 2247 gestae.
1617 2205 1692 2238 Eu-

296 2267 424 2290 menes
455 2257 609 2292 hiberna
655 2259 753 2304 apud
784 2253 896 2294 Caras
924 2259 1152 2305 Babyloniae
1190 2257 1343 2301 habuit,
1383 2258 1448 2292 uhi
1478 2260 1621 2305 Python
1655 2269 1692 2296 et

298 2314 474 2348 Seleucus
505 2315 539 2348 ei
568 2315 732 2349 maxime
765 2316 1067 2351 adversabantur.
1120 2314 1293 2348 maximis
1330 2315 1473 2350 insidiis
1507 2318 1693 2354 Eumenes

299 2371 348 2404 ad
387 2371 519 2417 Tigrin
559 2373 838 2408 circumventus
877 2370 979 2422 [12.].
1017 2372 1166 2407 tandem
1206 2372 1338 2417 Tigrin
1374 2379 1621 2419 transgressus
1655 2383 1692 2411 et

300 2428 338 2461 in
366 2428 558 2462 Susianffln
588 2429 730 2464 delatus
760 2431 993 2477 superiorum
1024 2428 1301 2475 provinciarum
1331 2436 1494 2475 satrapas
1523 2431 1560 2465 in
1591 2434 1695 2467 auxi-

299 2484 395 2519 lium
435 2492 553 2519 vocat.
589 2483 691 2535 [13.].
725 2487 765 2521 hi
804 2493 886 2522 tum
915 2488 1075 2522 maxime
1114 2485 1297 2520 exercitus
1325 2493 1458 2521 contra
1485 2488 1693 2533 Pythonem

301 2548 450 2576 coactos
484 2542 683 2578 habebant.
715 2556 903 2579 summum
941 2544 1141 2591 imperium
1172 2543 1326 2588 gerebat
1354 2545 1544 2580 Peucestes
1573 2547 1693 2582 Persi-

302 2598 356 2633 dis
394 2605 550 2644 satrapa.
592 2600 780 2636 adduntur
819 2601 1014 2648 copiarum
1047 2600 1196 2635 numeri
1235 2596 1336 2648 [144.
1376 2608 1533 2635 cunctae
1563 2614 1692 2638 eorum

300 2656 431 2701 copiae
459 2667 548 2691 cum
579 2658 615 2691 in
645 2659 800 2694 Susiana
827 2658 1068 2696 Eumenianis
1097 2669 1136 2691 se
1173 2657 1398 2701 iunxissem,
1428 2658 1470 2693 fit
1501 2661 1691 2694 contentio

298 2712 344 2746 de
372 2724 520 2748 summo
559 2715 742 2760 imperio;
774 2727 889 2763 quam
918 2715 1207 2750 controversiam
1247 2716 1432 2749 Eumenes
1461 2716 1612 2751 diremit
1638 2718 1691 2751 ita

300 2777 340 2804 ut
377 2781 562 2806 consessus
594 2772 730 2807 ducum
772 2773 958 2808 habendos
986 2778 1222 2820 proponeret.
1259 2772 1430 2808 iunctum
1458 2780 1691 2821 satraparum
