<?xml version="1.0" encoding="UTF-8"?>
<!DOCTYPE html PUBLIC "-//W3C//DTD XHTML 1.0 Transitional//EN"
    "http://www.w3.org/TR/xhtml1/DTD/xhtml1-transitional.dtd">
<html xmlns="http://www.w3.org/1999/xhtml" xml:lang="en" lang="en">
 <head>
  <title>
</title>
<meta http-equiv="Content-Type" content="text/html;charset=utf-8" />
  <meta name='ocr-system' content='tesseract 3.04.00' />
  <meta name='ocr-capabilities' content='ocr_page ocr_carea ocr_par ocr_line ocrx_word'/>
</head>
<body>
  <div class='ocr_page' id='page_1' title='image "./p1bibliothecahisto02dioduoft_0375.png"; bbox 0 0 1820 3249; ppageno 0'>
   <div class='ocr_carea' id='block_1_1' title="bbox 532 180 1556 224">
    <p class='ocr_par' dir='ltr' id='par_1_1' title="bbox 532 180 1556 224">
     <span class='ocr_line' id='line_1_1' title="bbox 532 180 1556 224; baseline -0.003 0"><span class='ocrx_word' id='word_1_1' title='bbox 532 180 828 224; x_wconf 79' lang='lat' dir='ltr'>LIB.XV111.</span> <span class='ocrx_word' id='word_1_2' title='bbox 887 180 1017 222; x_wconf 83' lang='lat' dir='ltr'><strong>CAP.</strong></span> <span class='ocrx_word' id='word_1_3' title='bbox 1047 181 1213 222; x_wconf 57' lang='lat'><strong>3686.</strong></span> <span class='ocrx_word' id='word_1_4' title='bbox 1447 181 1556 222; x_wconf 79' lang='grc'><strong><em>1291</em></strong></span> 
     </span>
    </p>
   </div>
   <div class='ocr_carea' id='block_1_2' title="bbox 169 289 1666 2161">
    <p class='ocr_par' dir='ltr' id='par_1_2' title="bbox 179 289 1644 1029">
     <span class='ocr_line' id='line_1_2' title="bbox 186 289 1642 361; baseline -0.003 -23"><span class='ocrx_word' id='word_1_5' title='bbox 186 290 364 347; x_wconf 86' lang='grc' dir='ltr'><strong><em>πόρον,</em></strong></span> <span class='ocrx_word' id='word_1_6' title='bbox 386 294 445 338; x_wconf 74' lang='grc' dir='ltr'><strong><em>οἱ</em></strong></span> <span class='ocrx_word' id='word_1_7' title='bbox 480 290 526 338; x_wconf 85' lang='grc' dir='ltr'><strong><em>δ’</em></strong></span> <span class='ocrx_word' id='word_1_8' title='bbox 563 290 756 348; x_wconf 76' lang='grc' dir='ltr'><em>ὄμβρους</em></span> <span class='ocrx_word' id='word_1_9' title='bbox 792 291 840 335; x_wconf 86' lang='grc' dir='ltr'><strong><em>ἐν</em></strong></span> <span class='ocrx_word' id='word_1_10' title='bbox 876 295 968 341; x_wconf 84' lang='grc' dir='ltr'><strong><em>τοῖς</em></strong></span> <span class='ocrx_word' id='word_1_11' title='bbox 1004 289 1095 334; x_wconf 79' lang='grc' dir='ltr'><strong><em>ἄνω</em></strong></span> <span class='ocrx_word' id='word_1_12' title='bbox 1124 290 1272 341; x_wconf 86' lang='grc' dir='ltr'><strong><em>τόποις</em></strong></span> <span class='ocrx_word' id='word_1_13' title='bbox 1290 290 1559 361; x_wconf 77' lang='grc' dir='ltr'><strong><em>γενομένους</em></strong></span> <span class='ocrx_word' id='word_1_14' title='bbox 1587 293 1642 336; x_wconf 82' lang='lat'><strong><em>75</em></strong></span> 
     </span>
     <span class='ocr_line' id='line_1_3' title="bbox 188 346 1563 421; baseline -0.003 -27"><span class='ocrx_word' id='word_1_15' title='bbox 188 350 375 421; x_wconf 77' lang='grc' dir='ltr'><em>αὐξῆσαι</em></span> <span class='ocrx_word' id='word_1_16' title='bbox 411 351 464 394; x_wconf 87' lang='grc' dir='ltr'><strong><em>τὸ</em></strong></span> <span class='ocrx_word' id='word_1_17' title='bbox 494 349 677 418; x_wconf 78' lang='grc' dir='ltr'><strong><em>μέγεθος</em></strong></span> <span class='ocrx_word' id='word_1_18' title='bbox 713 365 791 392; x_wconf 89' lang='grc' dir='ltr'><strong><em>του</em></strong></span> <span class='ocrx_word' id='word_1_19' title='bbox 822 350 1002 391; x_wconf 28' lang='grc' dir='ltr'><strong><em>ΝείἾλου</em></strong></span> <span class='ocrx_word' id='word_1_20' title='bbox 1060 347 1229 391; x_wconf 85' lang='grc' dir='ltr'><strong><em>τούτων</em></strong></span> <span class='ocrx_word' id='word_1_21' title='bbox 1256 346 1299 391; x_wconf 85' lang='lat'><strong><em>6&#39;</em></strong></span> <span class='ocrx_word' id='word_1_22' title='bbox 1331 346 1563 417; x_wconf 79' lang='grc' dir='ltr'><strong><em>οὐδέτερον</em></strong></span> 
     </span>
     <span class='ocr_line' id='line_1_4' title="bbox 185 401 1563 477; baseline -0.003 -27"><span class='ocrx_word' id='word_1_23' title='bbox 185 409 256 477; x_wconf 81' lang='grc' dir='ltr'><strong><em>ἠν,</em></strong></span> <span class='ocrx_word' id='word_1_24' title='bbox 288 406 395 450; x_wconf 77' lang='grc' dir='ltr'><strong><em>ἀλλά</em></strong></span> <span class='ocrx_word' id='word_1_25' title='bbox 437 410 517 450; x_wconf 84' lang='grc' dir='ltr'><strong><em>τοῦ</em></strong></span> <span class='ocrx_word' id='word_1_26' title='bbox 543 404 688 460; x_wconf 84' lang='grc' dir='ltr'><strong><em>πόρου</em></strong></span> <span class='ocrx_word' id='word_1_27' title='bbox 717 405 798 475; x_wconf 72' lang='grc' dir='ltr'><strong><em>τήν</em></strong></span> <span class='ocrx_word' id='word_1_28' title='bbox 828 405 905 460; x_wconf 78' lang='grc' dir='ltr'><strong><em>μὲν</em></strong></span> <span class='ocrx_word' id='word_1_29' title='bbox 935 403 1112 458; x_wconf 84' lang='grc' dir='ltr'><strong><em>πρώτην</em></strong></span> <span class='ocrx_word' id='word_1_30' title='bbox 1143 403 1350 460; x_wconf 85' lang='grc' dir='ltr'><strong><em>διάβασιν</em></strong></span> <span class='ocrx_word' id='word_1_31' title='bbox 1377 401 1563 457; x_wconf 83' lang='grc' dir='ltr'><strong><em>ἀσφαλε-</em></strong></span> 
     </span>
     <span class='ocr_line' id='line_1_5' title="bbox 187 459 1563 532; baseline -0.003 -26"><span class='ocrx_word' id='word_1_32' title='bbox 187 463 355 518; x_wconf 78' lang='grc' dir='ltr'><strong><em>στέραν</em></strong></span> <span class='ocrx_word' id='word_1_33' title='bbox 375 462 604 518; x_wconf 76' lang='grc' dir='ltr'><strong><em>συνέβαινε</em></strong></span> <span class='ocrx_word' id='word_1_34' title='bbox 631 461 874 532; x_wconf 73' lang='grc' dir='ltr'><strong><em>γεγονέναι,</em></strong></span> <span class='ocrx_word' id='word_1_35' title='bbox 910 461 1118 516; x_wconf 84' lang='grc' dir='ltr'><strong><em>ἀκεραίου</em></strong></span> <span class='ocrx_word' id='word_1_36' title='bbox 1130 465 1225 530; x_wconf 87' lang='grc' dir='ltr'><strong><em>τῆς</em></strong></span> <span class='ocrx_word' id='word_1_37' title='bbox 1239 461 1347 505; x_wconf 81' lang='grc' dir='ltr'><strong><em>κατὰ</em></strong></span> <span class='ocrx_word' id='word_1_38' title='bbox 1371 460 1451 515; x_wconf 76' lang='grc' dir='ltr'><strong><em>τὴν</em></strong></span> <span class='ocrx_word' id='word_1_39' title='bbox 1473 459 1563 503; x_wconf 84' lang='grc' dir='ltr'><strong><em>διά-</em></strong></span> 
     </span>
     <span class='ocr_line' id='line_1_6' title="bbox 183 516 1562 588; baseline -0.002 -25"><span class='ocrx_word' id='word_1_40' title='bbox 183 523 336 576; x_wconf 87' lang='grc' dir='ltr'><strong><em>βασιν</em></strong></span> <span class='ocrx_word' id='word_1_41' title='bbox 353 519 506 588; x_wconf 79' lang='grc' dir='ltr'><strong><em>ἄμμου</em></strong></span> <span class='ocrx_word' id='word_1_42' title='bbox 526 518 829 575; x_wconf 77' lang='grc' dir='ltr'><strong><em>γεγενημένης,</em></strong></span> <span class='ocrx_word' id='word_1_43' title='bbox 878 517 989 562; x_wconf 75' lang='grc' dir='ltr'><strong><em>κατὰ</em></strong></span> <span class='ocrx_word' id='word_1_44' title='bbox 1021 517 1066 562; x_wconf 82' lang='grc' dir='ltr'><strong><em>δὲ</em></strong></span> <span class='ocrx_word' id='word_1_45' title='bbox 1094 516 1169 568; x_wconf 81' lang='grc' dir='ltr'><strong><em>τὰς</em></strong></span> <span class='ocrx_word' id='word_1_46' title='bbox 1198 516 1441 568; x_wconf 68' lang='grc' dir='ltr'><strong><em>ἅλλαςιὺπό</em></strong></span> <span class='ocrx_word' id='word_1_47' title='bbox 1471 534 1562 560; x_wconf 88' lang='grc' dir='ltr'><strong><em>των</em></strong></span> 
     </span>
     <span class='ocr_line' id='line_1_7' title="bbox 181 574 1644 647; baseline -0.003 -26"><span class='ocrx_word' id='word_1_48' title='bbox 181 574 630 647; x_wconf 78' lang='grc' dir='ltr'><strong><em>προδιαβεβηκότων</em></strong></span> <span class='ocrx_word' id='word_1_49' title='bbox 619 577 763 619; x_wconf 86' lang='grc' dir='ltr'><strong><em>ι’ππων</em></strong></span> <span class='ocrx_word' id='word_1_50' title='bbox 792 591 837 618; x_wconf 89' lang='grc' dir='ltr'><strong><em>τε</em></strong></span> <span class='ocrx_word' id='word_1_51' title='bbox 868 576 942 618; x_wconf 84' lang='grc' dir='ltr'><strong><em>καὶ</em></strong></span> <span class='ocrx_word' id='word_1_52' title='bbox 965 574 1226 630; x_wconf 78' lang='grc' dir='ltr'><strong><em>ἐλεφάντων,</em></strong></span> <span class='ocrx_word' id='word_1_53' title='bbox 1255 575 1315 617; x_wconf 75' lang='grc' dir='ltr'><strong><em>ἔτι</em></strong></span> <span class='ocrx_word' id='word_1_54' title='bbox 1336 574 1381 617; x_wconf 88' lang='lat'><strong><em>65</em></strong></span> <span class='ocrx_word' id='word_1_55' title='bbox 1402 578 1557 626; x_wconf 78' lang='grc' dir='ltr'><strong><em>πεζῶν,</em></strong></span> <span class='ocrx_word' id='word_1_56' title='bbox 1591 578 1644 617; x_wconf 83' lang='grc'><strong><em>80</em></strong></span> 
     </span>
     <span class='ocr_line' id='line_1_8' title="bbox 181 631 1562 700; baseline -0.002 -24"><span class='ocrx_word' id='word_1_57' title='bbox 181 638 274 684; x_wconf 88' lang='grc' dir='ltr'><strong><em>τοῖς</em></strong></span> <span class='ocrx_word' id='word_1_58' title='bbox 311 633 398 689; x_wconf 77' lang='grc' dir='ltr'><strong><em>μὲν</em></strong></span> <span class='ocrx_word' id='word_1_59' title='bbox 428 633 533 676; x_wconf 87' lang='grc' dir='ltr'><strong><em>ποσὶ</em></strong></span> <span class='ocrx_word' id='word_1_60' title='bbox 559 632 647 688; x_wconf 74' lang='grc' dir='ltr'><strong><em>τὴν</em></strong></span> <span class='ocrx_word' id='word_1_61' title='bbox 687 631 834 688; x_wconf 75' lang='grc' dir='ltr'><strong><em>ἄμμον</em></strong></span> <span class='ocrx_word' id='word_1_62' title='bbox 872 631 1152 700; x_wconf 81' lang='grc' dir='ltr'><strong><em>πατουμένην</em></strong></span> <span class='ocrx_word' id='word_1_63' title='bbox 1187 631 1260 674; x_wconf 84' lang='grc' dir='ltr'><strong><em>καὶ</em></strong></span> <span class='ocrx_word' id='word_1_64' title='bbox 1298 631 1562 686; x_wconf 78' lang='grc' dir='ltr'><strong><em>κινουμένην</em></strong></span> 
     </span>
     <span class='ocr_line' id='line_1_9' title="bbox 179 687 1562 745; baseline -0.003 -12"><span class='ocrx_word' id='word_1_65' title='bbox 179 688 267 734; x_wconf 82' lang='grc' dir='ltr'><strong><em>ὑπὸ</em></strong></span> <span class='ocrx_word' id='word_1_66' title='bbox 297 693 383 733; x_wconf 83' lang='grc' dir='ltr'><strong><em>τοῦ.</em></strong></span> <span class='ocrx_word' id='word_1_67' title='bbox 406 691 589 744; x_wconf 77' lang='grc' dir='ltr'><strong><em>ῥείθρου</em></strong></span> <span class='ocrx_word' id='word_1_68' title='bbox 620 693 959 745; x_wconf 82' lang='grc' dir='ltr'><strong><em>κατενεχθῆναι,</em></strong></span> <span class='ocrx_word' id='word_1_69' title='bbox 976 689 1048 732; x_wconf 84' lang='grc' dir='ltr'><strong><em>καὶ</em></strong></span> <span class='ocrx_word' id='word_1_70' title='bbox 1078 687 1150 731; x_wconf 81' lang='grc' dir='ltr'><strong><em>διά</em></strong></span> <span class='ocrx_word' id='word_1_71' title='bbox 1178 692 1309 731; x_wconf 83' lang='grc' dir='ltr'><strong><em>τοῦτο</em></strong></span> <span class='ocrx_word' id='word_1_72' title='bbox 1330 690 1515 730; x_wconf 75' lang='grc' dir='ltr'><strong><em>κοιλωθὲ</em></strong></span> <span class='ocrx_word' id='word_1_73' title='bbox 1519 704 1562 730; x_wconf 90' lang='grc' dir='ltr'><strong><em>ν-</em></strong></span> 
     </span>
     <span class='ocr_line' id='line_1_10' title="bbox 180 743 1561 815; baseline -0.003 -25"><span class='ocrx_word' id='word_1_74' title='bbox 180 763 256 797; x_wconf 88' lang='grc' dir='ltr'><strong><em>τος</em></strong></span> <span class='ocrx_word' id='word_1_75' title='bbox 290 750 371 790; x_wconf 80' lang='grc' dir='ltr'><strong><em>τοῦ</em></strong></span> <span class='ocrx_word' id='word_1_76' title='bbox 391 747 551 814; x_wconf 81' lang='grc' dir='ltr'><strong><em>πόρου</em></strong></span> <span class='ocrx_word' id='word_1_77' title='bbox 587 746 843 801; x_wconf 80' lang='grc' dir='ltr'><strong><em>βαθυτέραν</em></strong></span> <span class='ocrx_word' id='word_1_78' title='bbox 870 747 1081 814; x_wconf 73' lang='grc' dir='ltr'><strong><em>γενέσθαι</em></strong></span> <span class='ocrx_word' id='word_1_79' title='bbox 1110 745 1190 799; x_wconf 74' lang='grc' dir='ltr'><strong><em>τὴν</em></strong></span> <span class='ocrx_word' id='word_1_80' title='bbox 1217 743 1424 815; x_wconf 85' lang='grc' dir='ltr'><strong><em>διάβασιν</em></strong></span> <span class='ocrx_word' id='word_1_81' title='bbox 1450 744 1561 787; x_wconf 75' lang='grc' dir='ltr'><strong><em>κατὰ</em></strong></span> 
     </span>
     <span class='ocr_line' id='line_1_11' title="bbox 180 799 1558 872; baseline -0.001 -26"><span class='ocrx_word' id='word_1_82' title='bbox 180 803 316 871; x_wconf 82' lang='grc' dir='ltr'><strong><em>μέσον</em></strong></span> <span class='ocrx_word' id='word_1_83' title='bbox 351 801 430 846; x_wconf 81' lang='grc' dir='ltr'><strong><em>τόν</em></strong></span> <span class='ocrx_word' id='word_1_84' title='bbox 465 802 678 858; x_wconf 85' lang='grc' dir='ltr'><strong><em>ποταμόν.</em></strong></span> <span class='ocrx_word' id='word_1_85' title='bbox 739 802 822 847; x_wconf 87' lang='grc' dir='ltr'><strong><em>δια</em></strong></span> <span class='ocrx_word' id='word_1_86' title='bbox 850 804 917 846; x_wconf 87' lang='lat'><strong><em>65</em></strong></span> <span class='ocrx_word' id='word_1_87' title='bbox 923 802 1094 858; x_wconf 76' lang='grc' dir='ltr'><strong><em>ταύτην</em></strong></span> <span class='ocrx_word' id='word_1_88' title='bbox 1110 801 1220 872; x_wconf 78' lang='grc' dir='ltr'><strong><em>την</em></strong></span> <span class='ocrx_word' id='word_1_89' title='bbox 1223 803 1369 844; x_wconf 82' lang='grc' dir='ltr'><strong><em>αἰτίαν</em></strong></span> <span class='ocrx_word' id='word_1_90' title='bbox 1400 799 1558 845; x_wconf 81' lang='grc' dir='ltr'><strong><em>ἀδυνα-</em></strong></span> 
     </span>
     <span class='ocr_line' id='line_1_12' title="bbox 179 856 1643 931; baseline -0.001 -29"><span class='ocrx_word' id='word_1_91' title='bbox 179 859 356 915; x_wconf 82' lang='grc' dir='ltr'><strong><em>τούσης</em></strong></span> <span class='ocrx_word' id='word_1_92' title='bbox 377 877 452 915; x_wconf 84' lang='grc' dir='ltr'><strong><em>της</em></strong></span> <span class='ocrx_word' id='word_1_93' title='bbox 489 863 645 916; x_wconf 86' lang='grc' dir='ltr'><strong><em>λοιπῆς</em></strong></span> <span class='ocrx_word' id='word_1_94' title='bbox 684 860 907 915; x_wconf 85' lang='grc' dir='ltr'><strong><em>δυνάμεως</em></strong></span> <span class='ocrx_word' id='word_1_95' title='bbox 937 862 1142 931; x_wconf 76' lang='grc' dir='ltr'><strong><em>διαβῆναι</em></strong></span> <span class='ocrx_word' id='word_1_96' title='bbox 1172 857 1250 901; x_wconf 80' lang='grc' dir='ltr'><strong><em>τὸν</em></strong></span> <span class='ocrx_word' id='word_1_97' title='bbox 1278 856 1500 914; x_wconf 79' lang='grc' dir='ltr'><strong><em>ποταμόν,</em></strong></span> <span class='ocrx_word' id='word_1_98' title='bbox 1531 856 1554 901; x_wconf 90' lang='grc' dir='ltr'>ὁ</span> <span class='ocrx_word' id='word_1_99' title='bbox 1590 859 1643 900; x_wconf 84' lang='grc'><strong><em>85</em></strong></span> 
     </span>
     <span class='ocr_line' id='line_1_13' title="bbox 182 915 1561 987; baseline -0.001 -28"><span class='ocrx_word' id='word_1_100' title='bbox 182 919 436 970; x_wconf 72' lang='grc' dir='ltr'><strong><em>Περδίκκας</em></strong></span> <span class='ocrx_word' id='word_1_101' title='bbox 447 919 514 986; x_wconf 85' lang='grc' dir='ltr'><strong><em>εἰς</em></strong></span> <span class='ocrx_word' id='word_1_102' title='bbox 537 916 710 987; x_wconf 90' lang='grc' dir='ltr'><strong><em>πολλην</em></strong></span> <span class='ocrx_word' id='word_1_103' title='bbox 739 916 928 986; x_wconf 80' lang='grc' dir='ltr'><strong><em>ἀπορίαν</em></strong></span> <span class='ocrx_word' id='word_1_104' title='bbox 957 916 1162 963; x_wconf 81' lang='grc' dir='ltr'><strong><em>ἐνέπιπτε,</em></strong></span> <span class='ocrx_word' id='word_1_105' title='bbox 1193 919 1283 958; x_wconf 75' lang='grc' dir='ltr'><strong><em>τῶν</em></strong></span> <span class='ocrx_word' id='word_1_106' title='bbox 1311 915 1403 970; x_wconf 67' lang='grc' dir='ltr'><strong><em>μὲν</em></strong></span> <span class='ocrx_word' id='word_1_107' title='bbox 1421 917 1561 970; x_wconf 84' lang='grc' dir='ltr'><strong><em>διαβε-</em></strong></span> 
     </span>
     <span class='ocr_line' id='line_1_14' title="bbox 180 972 1541 1044; baseline -0.002 -28"><span class='ocrx_word' id='word_1_108' title='bbox 180 972 397 1044; x_wconf 77' lang='grc' dir='ltr'><strong><em>βηκότων</em></strong></span> <span class='ocrx_word' id='word_1_109' title='bbox 424 972 508 1017; x_wconf 79' lang='grc' dir='ltr'><strong><em>οὐκ</em></strong></span> <span class='ocrx_word' id='word_1_110' title='bbox 549 972 792 1044; x_wconf 78' lang='grc' dir='ltr'><strong><em>ἀξιομάχων</em></strong></span> <span class='ocrx_word' id='word_1_111' title='bbox 822 973 966 1017; x_wconf 81' lang='grc' dir='ltr'><strong><em>ὄντων</em></strong></span> <span class='ocrx_word' id='word_1_112' title='bbox 992 978 1083 1024; x_wconf 83' lang='grc' dir='ltr'><strong><em>τοῖς</em></strong></span> <span class='ocrx_word' id='word_1_113' title='bbox 1112 974 1357 1027; x_wconf 80' lang='grc' dir='ltr'><strong><em>πολεμίοις,</em></strong></span> <span class='ocrx_word' id='word_1_114' title='bbox 1395 976 1484 1014; x_wconf 77' lang='grc' dir='ltr'><strong><em>τῶν</em></strong></span> <span class='ocrx_word' id='word_1_115' title='bbox 1515 974 1541 1014; x_wconf 93' lang='lat'><strong><em>6</em></strong></span> 
     </span>
    </p>

    <p class='ocr_par' dir='ltr' id='par_1_3' title="bbox 173 1029 1641 1369">
     <span class='ocr_line' id='line_1_15' title="bbox 180 1029 1558 1086; baseline -0.001 -14"><span class='ocrx_word' id='word_1_116' title='bbox 180 1030 228 1072; x_wconf 84' lang='grc' dir='ltr'><strong><em>ἐν</em></strong></span> <span class='ocrx_word' id='word_1_117' title='bbox 255 1046 315 1084; x_wconf 87' lang='grc' dir='ltr'><strong><em>τῳ</em></strong></span> <span class='ocrx_word' id='word_1_118' title='bbox 345 1029 484 1084; x_wconf 85' lang='grc' dir='ltr'><strong><em>πέραν</em></strong></span> <span class='ocrx_word' id='word_1_119' title='bbox 513 1029 571 1083; x_wconf 82' lang='grc' dir='ltr'><strong><em>μὴ</em></strong></span> <span class='ocrx_word' id='word_1_120' title='bbox 603 1031 862 1084; x_wconf 81' lang='grc' dir='ltr'><strong><em>δυναμένων</em></strong></span> <span class='ocrx_word' id='word_1_121' title='bbox 890 1033 1072 1086; x_wconf 81' lang='grc' dir='ltr'><strong><em>βοηθεῖν</em></strong></span> <span class='ocrx_word' id='word_1_122' title='bbox 1100 1034 1192 1079; x_wconf 83' lang='grc' dir='ltr'><strong><em>τοῖς</em></strong></span> <span class='ocrx_word' id='word_1_123' title='bbox 1222 1031 1370 1079; x_wconf 78' lang='grc' dir='ltr'><strong><em>ἰδίοις,</em></strong></span> <span class='ocrx_word' id='word_1_124' title='bbox 1407 1029 1558 1082; x_wconf 75' lang='grc' dir='ltr'><strong><em>προςε-</em></strong></span> 
     </span>
     <span class='ocr_line' id='line_1_16' title="bbox 177 1084 1641 1138; baseline 0.002 -10"><span class='ocrx_word' id='word_1_125' title='bbox 177 1088 303 1137; x_wconf 81' lang='grc' dir='ltr'><strong><em>ταξεν</em></strong></span> <span class='ocrx_word' id='word_1_126' title='bbox 345 1087 422 1136; x_wconf 85' lang='grc' dir='ltr'><strong><em>εἰς</em></strong></span> <span class='ocrx_word' id='word_1_127' title='bbox 443 1086 638 1130; x_wconf 80' lang='grc' dir='ltr'><strong><em>τούπίσω</em></strong></span> <span class='ocrx_word' id='word_1_128' title='bbox 676 1085 809 1130; x_wconf 88' lang='grc' dir='ltr'><strong><em>πάλιν</em></strong></span> <span class='ocrx_word' id='word_1_129' title='bbox 840 1086 1012 1129; x_wconf 79' lang='grc' dir='ltr'><strong><em>ἀπιέναι</em></strong></span> <span class='ocrx_word' id='word_1_130' title='bbox 1038 1085 1216 1136; x_wconf 83' lang='grc' dir='ltr'><strong><em>πάντας.</em></strong></span> <span class='ocrx_word' id='word_1_131' title='bbox 1276 1085 1425 1138; x_wconf 79' lang='grc' dir='ltr'><strong><em>διόπερ</em></strong></span> <span class='ocrx_word' id='word_1_132' title='bbox 1456 1084 1557 1128; x_wconf 84' lang='grc' dir='ltr'><strong><em>ἀνα-</em></strong></span> <span class='ocrx_word' id='word_1_133' title='bbox 1586 1093 1641 1133; x_wconf 88' lang='grc'><strong><em>90</em></strong></span> 
     </span>
     <span class='ocr_line' id='line_1_17' title="bbox 177 1140 1558 1198; baseline 0 -14"><span class='ocrx_word' id='word_1_134' title='bbox 177 1141 461 1197; x_wconf 74' lang='grc' dir='ltr'><strong><em>γκασθέντων</em></strong></span> <span class='ocrx_word' id='word_1_135' title='bbox 484 1142 696 1186; x_wconf 78' lang='grc' dir='ltr'><strong><em>ἁπάντων</em></strong></span> <span class='ocrx_word' id='word_1_136' title='bbox 724 1147 1020 1198; x_wconf 83' lang='grc' dir='ltr'><strong><em>περαιοῦσθαι</em></strong></span> <span class='ocrx_word' id='word_1_137' title='bbox 1057 1141 1106 1186; x_wconf 83' lang='grc' dir='ltr'><strong><em>τὸ</em></strong></span> <span class='ocrx_word' id='word_1_138' title='bbox 1148 1140 1354 1197; x_wconf 78' lang='grc' dir='ltr'><strong><em>ῥεῖθρον,</em></strong></span> <span class='ocrx_word' id='word_1_139' title='bbox 1397 1144 1440 1184; x_wconf 81' lang='grc' dir='ltr'><strong><em>οἱ</em></strong></span> <span class='ocrx_word' id='word_1_140' title='bbox 1479 1142 1558 1197; x_wconf 76' lang='grc' dir='ltr'><strong><em>μὲν</em></strong></span> 
     </span>
     <span class='ocr_line' id='line_1_18' title="bbox 177 1197 1557 1254; baseline 0 -12"><span class='ocrx_word' id='word_1_141' title='bbox 177 1198 470 1253; x_wconf 75' lang='grc' dir='ltr'><strong><em>ἐπιστάμενοι</em></strong></span> <span class='ocrx_word' id='word_1_142' title='bbox 491 1204 635 1250; x_wconf 83' lang='grc' dir='ltr'><strong><em>καλως</em></strong></span> <span class='ocrx_word' id='word_1_143' title='bbox 674 1205 768 1243; x_wconf 87' lang='grc' dir='ltr'><strong><em>νεῖν</em></strong></span> <span class='ocrx_word' id='word_1_144' title='bbox 806 1200 896 1244; x_wconf 76' lang='grc' dir='ltr'><strong><em>καὶ</em></strong></span> <span class='ocrx_word' id='word_1_145' title='bbox 921 1204 1012 1253; x_wconf 84' lang='grc' dir='ltr'><strong><em>τοῖς</em></strong></span> <span class='ocrx_word' id='word_1_146' title='bbox 1051 1197 1249 1254; x_wconf 81' lang='grc' dir='ltr'><strong><em>σώμασιν</em></strong></span> <span class='ocrx_word' id='word_1_147' title='bbox 1287 1198 1557 1254; x_wconf 81' lang='grc' dir='ltr'><strong><em>ἰσχυρότεροι</em></strong></span> 
     </span>
     <span class='ocr_line' id='line_1_19' title="bbox 175 1246 1557 1327; baseline -0.001 -28"><span class='ocrx_word' id='word_1_148' title='bbox 175 1255 281 1311; x_wconf 80' lang='grc' dir='ltr'><strong><em>μετά</em></strong></span> <span class='ocrx_word' id='word_1_149' title='bbox 296 1260 473 1325; x_wconf 84' lang='grc' dir='ltr'><strong><em>πολλῆς</em></strong></span> <span class='ocrx_word' id='word_1_150' title='bbox 494 1258 801 1307; x_wconf 80' lang='grc' dir='ltr'><strong><em>κακοπαθείας</em></strong></span> <span class='ocrx_word' id='word_1_151' title='bbox 829 1246 1080 1327; x_wconf 79' lang='grc' dir='ltr'><strong><em>διενήξαντο</em></strong></span> <span class='ocrx_word' id='word_1_152' title='bbox 1110 1255 1190 1299; x_wconf 77' lang='grc' dir='ltr'><strong><em>τόν</em></strong></span> <span class='ocrx_word' id='word_1_153' title='bbox 1209 1258 1393 1303; x_wconf 88' lang='grc' dir='ltr'><strong><em>Νεῖλον,</em></strong></span> <span class='ocrx_word' id='word_1_154' title='bbox 1417 1255 1557 1298; x_wconf 89' lang='grc' dir='ltr'><strong><em>πολλα</em></strong></span> 
     </span>
     <span class='ocr_line' id='line_1_20' title="bbox 173 1311 1556 1382; baseline -0.001 -27"><span class='ocrx_word' id='word_1_155' title='bbox 173 1328 263 1355; x_wconf 82' lang='grc' dir='ltr'><strong><em>των</em></strong></span> <span class='ocrx_word' id='word_1_156' title='bbox 292 1312 438 1356; x_wconf 87' lang='grc' dir='ltr'><strong><em>όπλων</em></strong></span> <span class='ocrx_word' id='word_1_157' title='bbox 465 1313 774 1369; x_wconf 77' lang='grc' dir='ltr'><strong><em>ἀποβαλόντες,</em></strong></span> <span class='ocrx_word' id='word_1_158' title='bbox 805 1316 892 1357; x_wconf 79' lang='grc' dir='ltr'><strong><em>τῶν</em></strong></span> <span class='ocrx_word' id='word_1_159' title='bbox 923 1311 970 1356; x_wconf 89' lang='lat'><strong><em>6&#39;</em></strong></span> <span class='ocrx_word' id='word_1_160' title='bbox 984 1313 1140 1356; x_wconf 91' lang='grc' dir='ltr'><strong><em>άλλων</em></strong></span> <span class='ocrx_word' id='word_1_161' title='bbox 1160 1312 1233 1355; x_wconf 87' lang='grc' dir='ltr'><strong><em>δια</em></strong></span> <span class='ocrx_word' id='word_1_162' title='bbox 1252 1313 1341 1368; x_wconf 77' lang='grc' dir='ltr'><strong><em>τήν</em></strong></span> <span class='ocrx_word' id='word_1_163' title='bbox 1354 1311 1556 1382; x_wconf 79' lang='grc' dir='ltr'><strong><em>ἀπειρίαν</em></strong></span> 
     </span>
    </p>

    <p class='ocr_par' dir='ltr' id='par_1_4' title="bbox 169 1368 1666 1993">
     <span class='ocr_line' id='line_1_21' title="bbox 173 1368 1639 1439; baseline -0.001 -26.998"><span class='ocrx_word' id='word_1_164' title='bbox 173 1371 221 1412; x_wconf 77' lang='grc' dir='ltr'><strong><em>οἵ</em></strong></span> <span class='ocrx_word' id='word_1_165' title='bbox 248 1369 326 1423; x_wconf 80' lang='grc' dir='ltr'><strong><em>μὲν</em></strong></span> <span class='ocrx_word' id='word_1_166' title='bbox 353 1368 440 1414; x_wconf 80' lang='grc' dir='ltr'><strong><em>ὑπὸ</em></strong></span> <span class='ocrx_word' id='word_1_167' title='bbox 471 1375 551 1413; x_wconf 88' lang='grc' dir='ltr'><strong><em>τοῦ</em></strong></span> <span class='ocrx_word' id='word_1_168' title='bbox 581 1371 763 1426; x_wconf 86' lang='grc' dir='ltr'><strong><em>ρείθρου</em></strong></span> <span class='ocrx_word' id='word_1_169' title='bbox 791 1369 1124 1439; x_wconf 82' lang='grc' dir='ltr'><strong><em>κατεπόθησαν,</em></strong></span> <span class='ocrx_word' id='word_1_170' title='bbox 1163 1371 1206 1413; x_wconf 83' lang='grc' dir='ltr'><strong><em>οἱ</em></strong></span> <span class='ocrx_word' id='word_1_171' title='bbox 1237 1369 1282 1412; x_wconf 88' lang='lat'><strong><em>65</em></strong></span> <span class='ocrx_word' id='word_1_172' title='bbox 1311 1369 1422 1421; x_wconf 79' lang='grc' dir='ltr'><strong><em>πρὸς</em></strong></span> <span class='ocrx_word' id='word_1_173' title='bbox 1450 1368 1556 1419; x_wconf 76' lang='grc' dir='ltr'><strong><em>τοὺς</em></strong></span> <span class='ocrx_word' id='word_1_174' title='bbox 1585 1374 1639 1416; x_wconf 88' lang='lat'><strong><em>95</em></strong></span> 
     </span>
     <span class='ocr_line' id='line_1_22' title="bbox 173 1426 1555 1480; baseline 0 -12"><span class='ocrx_word' id='word_1_175' title='bbox 173 1429 409 1480; x_wconf 83' lang='grc' dir='ltr'><strong><em>πολεμίους</em></strong></span> <span class='ocrx_word' id='word_1_176' title='bbox 449 1426 671 1479; x_wconf 75' lang='grc' dir='ltr'><strong><em>ἐξέπεσον,</em></strong></span> <span class='ocrx_word' id='word_1_177' title='bbox 723 1429 767 1470; x_wconf 80' lang='grc' dir='ltr'><strong><em>οἱ</em></strong></span> <span class='ocrx_word' id='word_1_178' title='bbox 804 1431 996 1470; x_wconf 84' lang='grc' dir='ltr'><strong><em>πλεῖστοι</em></strong></span> <span class='ocrx_word' id='word_1_179' title='bbox 1037 1426 1084 1469; x_wconf 75' lang='grc' dir='ltr'><strong><em>δὲ</em></strong></span> <span class='ocrx_word' id='word_1_180' title='bbox 1121 1443 1259 1478; x_wconf 72' lang='grc' dir='ltr'><strong><em>παρετ</em></strong></span> <span class='ocrx_word' id='word_1_181' title='bbox 1264 1427 1455 1480; x_wconf 78' lang='grc' dir='ltr'><strong><em>εχθέντες</em></strong></span> <span class='ocrx_word' id='word_1_182' title='bbox 1486 1426 1555 1469; x_wconf 85' lang='grc' dir='ltr'><strong><em>ἐπὶ</em></strong></span> 
     </span>
     <span class='ocr_line' id='line_1_23' title="bbox 172 1482 1556 1555; baseline 0.001 -30"><span class='ocrx_word' id='word_1_183' title='bbox 172 1482 315 1526; x_wconf 76' lang='grc' dir='ltr'><strong><em>πολύν</em></strong></span> <span class='ocrx_word' id='word_1_184' title='bbox 344 1483 508 1553; x_wconf 86' lang='grc' dir='ltr'><strong><em>χρόνον</em></strong></span> <span class='ocrx_word' id='word_1_185' title='bbox 536 1482 625 1526; x_wconf 83' lang='grc' dir='ltr'><strong><em>ὑπὸ</em></strong></span> <span class='ocrx_word' id='word_1_186' title='bbox 655 1487 744 1527; x_wconf 76' lang='grc' dir='ltr'><strong><em>τῶν</em></strong></span> <span class='ocrx_word' id='word_1_187' title='bbox 773 1483 820 1526; x_wconf 79' lang='grc' dir='ltr'><strong><em>ἐν</em></strong></span> <span class='ocrx_word' id='word_1_188' title='bbox 848 1487 909 1540; x_wconf 75' lang='grc' dir='ltr'><strong><em>τῷ</em></strong></span> <span class='ocrx_word' id='word_1_189' title='bbox 938 1487 1120 1555; x_wconf 75' lang='grc' dir='ltr'><strong><em>ποταμῷ</em></strong></span> <span class='ocrx_word' id='word_1_190' title='bbox 1143 1485 1315 1538; x_wconf 86' lang='grc' dir='ltr'><strong><em>θηρίων</em></strong></span> <span class='ocrx_word' id='word_1_191' title='bbox 1339 1482 1556 1555; x_wconf 70' lang='grc' dir='ltr'><strong><em>κατεβρώ-</em></strong></span> 
     </span>
     <span class='ocr_line' id='line_1_24' title="bbox 171 1528 1641 1609; baseline -0.001 -26"><span class='ocrx_word' id='word_1_192' title='bbox 171 1545 331 1596; x_wconf 88' lang='grc' dir='ltr'><strong><em>θησαν.</em></strong></span> <span class='ocrx_word' id='word_1_193' title='bbox 391 1537 678 1595; x_wconf 76' lang='grc' dir='ltr'><strong><em>ἀπολομένων</em></strong></span> <span class='ocrx_word' id='word_1_194' title='bbox 717 1541 762 1583; x_wconf 86' lang='grc' dir='ltr'><strong><em>δὲ</em></strong></span> <span class='ocrx_word' id='word_1_195' title='bbox 800 1528 1015 1583; x_wconf 88' lang='grc' dir='ltr'><strong><em>πλειόνων</em></strong></span> <span class='ocrx_word' id='word_1_196' title='bbox 1057 1557 1102 1593; x_wconf 91' lang='grc' dir='ltr'><strong><em>η</em></strong></span> <span class='ocrx_word' id='word_1_197' title='bbox 1124 1541 1361 1609; x_wconf 75' lang='grc' dir='ltr'><strong><em>διςχιλίων,</em></strong></span> <span class='ocrx_word' id='word_1_198' title='bbox 1407 1540 1458 1584; x_wconf 84' lang='grc' dir='ltr'><strong><em>ἐν</em></strong></span> <span class='ocrx_word' id='word_1_199' title='bbox 1490 1536 1556 1590; x_wconf 81' lang='grc' dir='ltr'><strong><em>οἷς</em></strong></span> <span class='ocrx_word' id='word_1_200' title='bbox 1583 1547 1641 1586; x_wconf 78' lang='grc'><strong><em>36</em></strong></span> 
     </span>
     <span class='ocr_line' id='line_1_25' title="bbox 173 1593 1659 1666; baseline -0.001 -27"><span class='ocrx_word' id='word_1_201' title='bbox 173 1598 248 1639; x_wconf 82' lang='grc' dir='ltr'><strong><em>καὶ</em></strong></span> <span class='ocrx_word' id='word_1_202' title='bbox 276 1613 364 1639; x_wconf 88' lang='grc' dir='ltr'><strong><em>των</em></strong></span> <span class='ocrx_word' id='word_1_203' title='bbox 396 1596 626 1651; x_wconf 76' lang='grc' dir='ltr'><strong><em>ἐπιφανῶν</em></strong></span> <span class='ocrx_word' id='word_1_204' title='bbox 654 1613 766 1648; x_wconf 82' lang='grc' dir='ltr'><strong><em>τινες</em></strong></span> <span class='ocrx_word' id='word_1_205' title='bbox 795 1595 1022 1652; x_wconf 75' lang='grc' dir='ltr'><strong><em>ἡγεμρνων</em></strong></span> <span class='ocrx_word' id='word_1_206' title='bbox 1050 1597 1273 1666; x_wconf 84' lang='grc' dir='ltr'><strong><em>υπῆρχον,</em></strong></span> <span class='ocrx_word' id='word_1_207' title='bbox 1317 1593 1554 1650; x_wconf 83' lang='grc' dir='ltr'><strong><em>ἀλλοτρίως</em></strong></span> <span class='ocrx_word' id='word_1_208' title='bbox 1655 1646 1659 1653; x_wconf 30' lang='lat'>⁸</span> 
     </span>
     <span class='ocr_line' id='line_1_26' title="bbox 171 1652 1666 1709; baseline 0 -13"><span class='ocrx_word' id='word_1_209' title='bbox 171 1653 221 1696; x_wconf 84' lang='grc' dir='ltr'><strong><em>τὸ</em></strong></span> <span class='ocrx_word' id='word_1_210' title='bbox 250 1657 420 1709; x_wconf 81' lang='grc' dir='ltr'><strong><em>πλῆθος</em></strong></span> <span class='ocrx_word' id='word_1_211' title='bbox 457 1654 553 1709; x_wconf 75' lang='grc' dir='ltr'><strong><em>ἔσχε</em></strong></span> <span class='ocrx_word' id='word_1_212' title='bbox 579 1654 690 1706; x_wconf 77' lang='grc' dir='ltr'><strong><em>πρὸς</em></strong></span> <span class='ocrx_word' id='word_1_213' title='bbox 718 1653 796 1697; x_wconf 80' lang='grc' dir='ltr'><strong><em>τὸν</em></strong></span> <span class='ocrx_word' id='word_1_214' title='bbox 829 1655 1090 1707; x_wconf 82' lang='grc' dir='ltr'><strong><em>Περδίκκαν.</em></strong></span> <span class='ocrx_word' id='word_1_215' title='bbox 1147 1652 1170 1696; x_wconf 88' lang='grc' dir='ltr'>ὁ</span> <span class='ocrx_word' id='word_1_216' title='bbox 1204 1653 1250 1696; x_wconf 86' lang='lat'><strong><em>65</em></strong></span> <span class='ocrx_word' id='word_1_217' title='bbox 1281 1656 1554 1708; x_wconf 83' lang='grc' dir='ltr'><strong><em>Πτολεμαῖος</em></strong></span> <span class='ocrx_word' id='word_1_218' title='bbox 1586 1661 1666 1700; x_wconf 85' lang='grc'><strong><em>100</em></strong></span> 
     </span>
     <span class='ocr_line' id='line_1_27' title="bbox 170 1708 1555 1765; baseline -0.001 -12"><span class='ocrx_word' id='word_1_219' title='bbox 170 1710 226 1753; x_wconf 80' lang='grc' dir='ltr'><strong><em>τὰ</em></strong></span> <span class='ocrx_word' id='word_1_220' title='bbox 255 1711 432 1765; x_wconf 81' lang='grc' dir='ltr'><strong><em>σώματα</em></strong></span> <span class='ocrx_word' id='word_1_221' title='bbox 460 1715 549 1754; x_wconf 78' lang='grc' dir='ltr'><strong><em>τῶν</em></strong></span> <span class='ocrx_word' id='word_1_222' title='bbox 578 1710 687 1765; x_wconf 84' lang='grc' dir='ltr'><strong><em>πρὸς</em></strong></span> <span class='ocrx_word' id='word_1_223' title='bbox 718 1708 858 1753; x_wconf 81' lang='grc' dir='ltr'><strong><em>αὐτὸν</em></strong></span> <span class='ocrx_word' id='word_1_224' title='bbox 885 1709 1158 1753; x_wconf 77' lang='grc' dir='ltr'><strong><em>ἐκπεσόντων</em></strong></span> <span class='ocrx_word' id='word_1_225' title='bbox 1186 1709 1355 1760; x_wconf 86' lang='grc' dir='ltr'><strong><em>καύσας</em></strong></span> <span class='ocrx_word' id='word_1_226' title='bbox 1377 1710 1451 1753; x_wconf 83' lang='grc' dir='ltr'><strong><em>καὶ</em></strong></span> <span class='ocrx_word' id='word_1_227' title='bbox 1479 1714 1555 1764; x_wconf 84' lang='grc' dir='ltr'><strong><em>τῆς</em></strong></span> 
     </span>
     <span class='ocr_line' id='line_1_28' title="bbox 173 1765 1554 1823; baseline -0.001 -13"><span class='ocrx_word' id='word_1_228' title='bbox 173 1766 470 1822; x_wconf 77' lang='grc' dir='ltr'><strong><em>ἁρμοζούσης.</em></strong></span> <span class='ocrx_word' id='word_1_229' title='bbox 486 1770 660 1823; x_wconf 75' lang='grc' dir='ltr'><strong><em>κηδείας</em></strong></span> <span class='ocrx_word' id='word_1_230' title='bbox 699 1765 911 1818; x_wconf 81' lang='grc' dir='ltr'><strong><em>ἀξιώσας,</em></strong></span> <span class='ocrx_word' id='word_1_231' title='bbox 953 1765 1194 1810; x_wconf 82' lang='grc' dir='ltr'><strong><em>ἀπέστειλε</em></strong></span> <span class='ocrx_word' id='word_1_232' title='bbox 1207 1784 1261 1810; x_wconf 86' lang='grc' dir='ltr'><strong><em>τα</em></strong></span> <span class='ocrx_word' id='word_1_233' title='bbox 1304 1765 1409 1810; x_wconf 84' lang='grc' dir='ltr'><strong><em>ὀστα</em></strong></span> <span class='ocrx_word' id='word_1_234' title='bbox 1439 1768 1554 1820; x_wconf 81' lang='grc' dir='ltr'><strong><em>πρός</em></strong></span> 
     </span>
     <span class='ocr_line' id='line_1_29' title="bbox 170 1822 1552 1881; baseline 0 -15"><span class='ocrx_word' id='word_1_235' title='bbox 170 1823 274 1875; x_wconf 82' lang='grc' dir='ltr'><strong><em>τοὺς</em></strong></span> <span class='ocrx_word' id='word_1_236' title='bbox 307 1826 503 1874; x_wconf 81' lang='grc' dir='ltr'><strong><em>οἰκείους</em></strong></span> <span class='ocrx_word' id='word_1_237' title='bbox 524 1840 567 1866; x_wconf 87' lang='grc' dir='ltr'><strong><em>τε</em></strong></span> <span class='ocrx_word' id='word_1_238' title='bbox 596 1825 667 1867; x_wconf 84' lang='grc' dir='ltr'><strong><em>καὶ</em></strong></span> <span class='ocrx_word' id='word_1_239' title='bbox 702 1827 860 1881; x_wconf 84' lang='grc' dir='ltr'><strong><em>φίλους</em></strong></span> <span class='ocrx_word' id='word_1_240' title='bbox 896 1840 985 1867; x_wconf 90' lang='grc' dir='ltr'><strong><em>των</em></strong></span> <span class='ocrx_word' id='word_1_241' title='bbox 1014 1822 1391 1880; x_wconf 81' lang='grc' dir='ltr'><strong><em>τετελευτηκότων.</em></strong></span> <span class='ocrx_word' id='word_1_242' title='bbox 1453 1823 1552 1866; x_wconf 88' lang='grc' dir='ltr'><strong><em>τού-</em></strong></span> 
     </span>
     <span class='ocr_line' id='line_1_30' title="bbox 171 1879 1607 1949; baseline 0.002 -27"><span class='ocrx_word' id='word_1_243' title='bbox 171 1895 260 1923; x_wconf 87' lang='grc' dir='ltr'><strong><em>των</em></strong></span> <span class='ocrx_word' id='word_1_244' title='bbox 287 1880 348 1924; x_wconf 84' lang='lat'><strong><em>65</em></strong></span> <span class='ocrx_word' id='word_1_245' title='bbox 371 1880 677 1935; x_wconf 83' lang='grc' dir='ltr'><strong><em>πραχθέντων,</em></strong></span> <span class='ocrx_word' id='word_1_246' title='bbox 729 1883 772 1924; x_wconf 82' lang='grc' dir='ltr'><strong><em>οἵ</em></strong></span> <span class='ocrx_word' id='word_1_247' title='bbox 799 1879 918 1934; x_wconf 79' lang='grc' dir='ltr'><strong><em>παρά</em></strong></span> <span class='ocrx_word' id='word_1_248' title='bbox 946 1884 1007 1941; x_wconf 73' lang='grc' dir='ltr'><strong><em>τῷ</em></strong></span> <span class='ocrx_word' id='word_1_249' title='bbox 1044 1882 1265 1949; x_wconf 72' lang='grc' dir='ltr'><strong><em>Περδίκκᾳ</em></strong></span> <span class='ocrx_word' id='word_1_250' title='bbox 1295 1879 1552 1931; x_wconf 81' lang='grc' dir='ltr'><strong><em>Μακεδόνες</em></strong></span> <span class='ocrx_word' id='word_1_251' title='bbox 1582 1883 1607 1925; x_wconf 89' lang='grc'>5</span> 
     </span>
     <span class='ocr_line' id='line_1_31' title="bbox 169 1927 1550 2011; baseline 0.001 -32"><span class='ocrx_word' id='word_1_252' title='bbox 169 1936 281 1991; x_wconf 76' lang='grc' dir='ltr'><strong><em>πρὸς</em></strong></span> <span class='ocrx_word' id='word_1_253' title='bbox 317 1937 423 1992; x_wconf 73' lang='grc' dir='ltr'><strong><em>μέν</em></strong></span> <span class='ocrx_word' id='word_1_254' title='bbox 435 1942 594 1980; x_wconf 85' lang='grc' dir='ltr'><strong><em>τοῦτον</em></strong></span> <span class='ocrx_word' id='word_1_255' title='bbox 623 1942 769 1994; x_wconf 78' lang='grc' dir='ltr'><strong><em>πολλῷ</em></strong></span> <span class='ocrx_word' id='word_1_256' title='bbox 801 1942 968 1992; x_wconf 74' lang='grc' dir='ltr'><strong><em>μαλλον</em></strong></span> <span class='ocrx_word' id='word_1_257' title='bbox 980 1927 1400 2011; x_wconf 61' lang='grc' dir='ltr'><strong><em>ἀπεθηριώθησαν,</em></strong></span> <span class='ocrx_word' id='word_1_258' title='bbox 1440 1936 1550 1990; x_wconf 86' lang='grc' dir='ltr'><strong><em>πρὸς</em></strong></span> 
     </span>
    </p>

    <p class='ocr_par' dir='ltr' id='par_1_5' title="bbox 171 1983 1551 2065">
     <span class='ocr_line' id='line_1_32' title="bbox 171 1983 1551 2065; baseline 0 -29"><span class='ocrx_word' id='word_1_259' title='bbox 171 1993 219 2036; x_wconf 89' lang='lat'><strong><em>65</em></strong></span> <span class='ocrx_word' id='word_1_260' title='bbox 241 1993 324 2038; x_wconf 87' lang='grc' dir='ltr'><strong><em>τόν-</em></strong></span> <span class='ocrx_word' id='word_1_261' title='bbox 341 1995 614 2048; x_wconf 84' lang='grc' dir='ltr'><strong><em>Πτολεμαῖον</em></strong></span> <span class='ocrx_word' id='word_1_262' title='bbox 637 1983 873 2064; x_wconf 74' lang='grc' dir='ltr'><strong><em>ἀπέκλιναν</em></strong></span> <span class='ocrx_word' id='word_1_263' title='bbox 890 1999 990 2045; x_wconf 77' lang='grc' dir='ltr'><strong><em>ταῖς</em></strong></span> <span class='ocrx_word' id='word_1_264' title='bbox 1007 1993 1207 2045; x_wconf 86' lang='grc' dir='ltr'><strong><em>ευνοίαις.</em></strong></span> <span class='ocrx_word' id='word_1_265' title='bbox 1248 1995 1551 2065; x_wconf 75' lang='grc' dir='ltr'><strong><em>ἐπιγενομένης</em></strong></span> 
     </span>
    </p>

    <p class='ocr_par' dir='ltr' id='par_1_6' title="bbox 170 2047 1553 2161">
     <span class='ocr_line' id='line_1_33' title="bbox 171 2047 1552 2124; baseline 0.001 -31"><span class='ocrx_word' id='word_1_266' title='bbox 171 2050 219 2093; x_wconf 82' lang='grc' dir='ltr'><strong><em>δὲ</em></strong></span> <span class='ocrx_word' id='word_1_267' title='bbox 254 2050 414 2102; x_wconf 77' lang='grc' dir='ltr'><strong><em>νυκτός</em></strong></span> <span class='ocrx_word' id='word_1_268' title='bbox 451 2050 643 2121; x_wconf 85' lang='grc' dir='ltr'><strong><em>πλήρης</em></strong></span> <span class='ocrx_word' id='word_1_269' title='bbox 636 2047 712 2124; x_wconf 80' lang='grc' dir='ltr'><strong><em>ἦν</em></strong></span> <span class='ocrx_word' id='word_1_270' title='bbox 751 2049 777 2107; x_wconf 83' lang='grc' dir='ltr'><strong><em>ἡ</em></strong></span> <span class='ocrx_word' id='word_1_271' title='bbox 809 2051 1062 2121; x_wconf 68' lang='grc' dir='ltr'><strong><em>παρεμβολῇ</em></strong></span> <span class='ocrx_word' id='word_1_272' title='bbox 1093 2054 1322 2107; x_wconf 80' lang='grc' dir='ltr'><strong><em>κλαυθμοῦ</em></strong></span> <span class='ocrx_word' id='word_1_273' title='bbox 1352 2052 1429 2093; x_wconf 82' lang='grc' dir='ltr'><strong><em>καὶ</em></strong></span> <span class='ocrx_word' id='word_1_274' title='bbox 1452 2050 1552 2094; x_wconf 85' lang='grc' dir='ltr'><strong><em>πέν-</em></strong></span> 
     </span>
     <span class='ocr_line' id='line_1_34' title="bbox 170 2107 1553 2161; baseline 0.001 -11"><span class='ocrx_word' id='word_1_275' title='bbox 170 2112 312 2160; x_wconf 81' lang='grc' dir='ltr'><strong><em>θους,</em></strong></span> <span class='ocrx_word' id='word_1_276' title='bbox 364 2107 589 2151; x_wconf 82' lang='grc' dir='ltr'><strong><em>τοσούτων</em></strong></span> <span class='ocrx_word' id='word_1_277' title='bbox 620 2107 795 2161; x_wconf 78' lang='grc' dir='ltr'><strong><em>ἀνδρῶν</em></strong></span> <span class='ocrx_word' id='word_1_278' title='bbox 824 2107 992 2161; x_wconf 80' lang='grc' dir='ltr'><strong><em>ἀλόγως</em></strong></span> <span class='ocrx_word' id='word_1_279' title='bbox 1012 2108 1312 2152; x_wconf 77' lang='grc' dir='ltr'><strong><em>ἀπολωλότων</em></strong></span> <span class='ocrx_word' id='word_1_280' title='bbox 1341 2108 1446 2151; x_wconf 80' lang='grc' dir='ltr'><strong><em>ἄνευ</em></strong></span> <span class='ocrx_word' id='word_1_281' title='bbox 1477 2124 1553 2151; x_wconf 86' lang='grc' dir='ltr'><strong><em>πο-</em></strong></span> 
     </span>
    </p>
   </div>
   <div class='ocr_carea' id='block_1_3' title="bbox 94 2164 1634 2235">
    <p class='ocr_par' dir='ltr' id='par_1_7' title="bbox 94 2164 1634 2235">
     <span class='ocr_line' id='line_1_35' title="bbox 94 2164 1634 2235; baseline 0.001 -27"><span class='ocrx_word' id='word_1_282' title='bbox 94 2166 323 2219; x_wconf 67' lang='grc' dir='ltr'><strong><em>Ξὸὅλεμίας</em></strong></span> <span class='ocrx_word' id='word_1_283' title='bbox 353 2169 531 2220; x_wconf 73' lang='grc' dir='ltr'><strong><em>πληγῆς,</em></strong></span> <span class='ocrx_word' id='word_1_284' title='bbox 561 2165 634 2212; x_wconf 80' lang='grc' dir='ltr'><strong><em>καὶ</em></strong></span> <span class='ocrx_word' id='word_1_285' title='bbox 663 2167 833 2209; x_wconf 84' lang='grc' dir='ltr'><strong><em>τούτων</em></strong></span> <span class='ocrx_word' id='word_1_286' title='bbox 864 2165 946 2208; x_wconf 81' lang='grc' dir='ltr'><strong><em>οὐκ</em></strong></span> <span class='ocrx_word' id='word_1_287' title='bbox 976 2164 1218 2208; x_wconf 76' lang='grc' dir='ltr'><strong><em>ἐλαττόνων</em></strong></span> <span class='ocrx_word' id='word_1_288' title='bbox 1236 2182 1273 2219; x_wconf 93' lang='grc' dir='ltr'><strong><em>η</em></strong></span> <span class='ocrx_word' id='word_1_289' title='bbox 1304 2167 1452 2235; x_wconf 88' lang='grc' dir='ltr'><strong><em>χιλίων</em></strong></span> <span class='ocrx_word' id='word_1_290' title='bbox 1473 2170 1550 2220; x_wconf 81' lang='grc' dir='ltr'><strong><em>θη·</em></strong></span> <span class='ocrx_word' id='word_1_291' title='bbox 1583 2170 1634 2210; x_wconf 88' lang='grc'><strong><em>10</em></strong></span> 
     </span>
    </p>
   </div>
   <div class='ocr_carea' id='block_1_4' title="bbox 158 2220 1637 2482">
    <p class='ocr_par' dir='ltr' id='par_1_8' title="bbox 158 2220 1637 2450">
     <span class='ocr_line' id='line_1_36' title="bbox 158 2220 1551 2294; baseline 0 -31"><span class='ocrx_word' id='word_1_292' title='bbox 158 2221 426 2292; x_wconf 79' lang='grc' dir='ltr'><strong><em>ριοβρώτων</em></strong></span> <span class='ocrx_word' id='word_1_293' title='bbox 432 2220 694 2294; x_wconf 74' lang='grc' dir='ltr'><strong><em>γεγονότων.</em></strong></span> <span class='ocrx_word' id='word_1_294' title='bbox 726 2223 878 2265; x_wconf 85' lang='grc' dir='ltr'><strong><em>πολλοὶ</em></strong></span> <span class='ocrx_word' id='word_1_295' title='bbox 895 2221 974 2276; x_wconf 76' lang='grc' dir='ltr'><strong><em>μὲν</em></strong></span> <span class='ocrx_word' id='word_1_296' title='bbox 992 2224 1075 2265; x_wconf 84' lang='grc' dir='ltr'><strong><em>οὐν</em></strong></span> <span class='ocrx_word' id='word_1_297' title='bbox 1093 2227 1180 2265; x_wconf 80' lang='grc' dir='ltr'><strong><em>τῶν</em></strong></span> <span class='ocrx_word' id='word_1_298' title='bbox 1202 2220 1438 2292; x_wconf 88' lang='grc' dir='ltr'><strong><em>ηγεμόνων</em></strong></span> <span class='ocrx_word' id='word_1_299' title='bbox 1451 2234 1551 2264; x_wconf 88' lang='grc' dir='ltr'><strong><em>συν-</em></strong></span> 
     </span>
     <span class='ocr_line' id='line_1_37' title="bbox 170 2276 1551 2349; baseline 0.001 -30"><span class='ocrx_word' id='word_1_300' title='bbox 170 2279 344 2321; x_wconf 81' lang='grc' dir='ltr'><strong><em>ίσταντο</em></strong></span> <span class='ocrx_word' id='word_1_301' title='bbox 373 2279 445 2322; x_wconf 85' lang='grc' dir='ltr'><strong><em>καὶ</em></strong></span> <span class='ocrx_word' id='word_1_302' title='bbox 479 2277 756 2349; x_wconf 78' lang='grc' dir='ltr'><strong><em>κατηγόρουν</em></strong></span> <span class='ocrx_word' id='word_1_303' title='bbox 779 2283 868 2322; x_wconf 81' lang='grc' dir='ltr'><strong><em>τοῦ</em></strong></span> <span class='ocrx_word' id='word_1_304' title='bbox 895 2281 1158 2331; x_wconf 86' lang='grc' dir='ltr'><strong><em>Περδίκκου,</em></strong></span> <span class='ocrx_word' id='word_1_305' title='bbox 1189 2282 1308 2322; x_wconf 79' lang='grc' dir='ltr'><strong><em>πᾶσα</em></strong></span> <span class='ocrx_word' id='word_1_306' title='bbox 1338 2277 1383 2322; x_wconf 86' lang='lat'><strong><em>6&#39;</em></strong></span> <span class='ocrx_word' id='word_1_307' title='bbox 1413 2296 1439 2334; x_wconf 93' lang='grc' dir='ltr'><strong><em>η</em></strong></span> <span class='ocrx_word' id='word_1_308' title='bbox 1467 2276 1551 2332; x_wconf 85' lang='grc' dir='ltr'><strong><em>φά-</em></strong></span> 
     </span>
     <span class='ocr_line' id='line_1_38' title="bbox 168 2334 1552 2406; baseline 0.002 -31"><span class='ocrx_word' id='word_1_309' title='bbox 168 2335 273 2388; x_wconf 80' lang='grc' dir='ltr'><strong><em>λαγξ</em></strong></span> <span class='ocrx_word' id='word_1_310' title='bbox 299 2337 386 2377; x_wconf 81' lang='grc' dir='ltr'><strong><em>τῶν</em></strong></span> <span class='ocrx_word' id='word_1_311' title='bbox 394 2338 551 2388; x_wconf 77' lang='grc' dir='ltr'><strong><em>πεζῶν</em></strong></span> <span class='ocrx_word' id='word_1_312' title='bbox 576 2335 999 2404; x_wconf 77' lang='grc' dir='ltr'><strong><em>ἀπαλλοτριωθεῖσα</em></strong></span> <span class='ocrx_word' id='word_1_313' title='bbox 1012 2352 1224 2406; x_wconf 78' lang='grc' dir='ltr'><strong><em>φανεράν</em></strong></span> <span class='ocrx_word' id='word_1_314' title='bbox 1237 2334 1311 2377; x_wconf 80' lang='grc' dir='ltr'><strong><em>διά</em></strong></span> <span class='ocrx_word' id='word_1_315' title='bbox 1334 2338 1420 2390; x_wconf 79' lang='grc' dir='ltr'><strong><em>τῆς</em></strong></span> <span class='ocrx_word' id='word_1_316' title='bbox 1435 2334 1552 2378; x_wconf 83' lang='grc' dir='ltr'><strong><em>ἀπει-</em></strong></span> 
     </span>
     <span class='ocr_line' id='line_1_39' title="bbox 170 2389 1637 2482; baseline 0.003 -49"><span class='ocrx_word' id='word_1_317' title='bbox 170 2389 345 2447; x_wconf 81' lang='grc' dir='ltr'><strong><em>λούσης</em></strong></span> <span class='ocrx_word' id='word_1_318' title='bbox 382 2396 533 2478; x_wconf 83' lang='grc' dir='ltr'><strong><em>φωνῆς</em></strong></span> <span class='ocrx_word' id='word_1_319' title='bbox 575 2409 657 2473; x_wconf 84' lang='grc' dir='ltr'><strong><em>την</em></strong></span> <span class='ocrx_word' id='word_1_320' title='bbox 695 2394 827 2436; x_wconf 88' lang='grc' dir='ltr'><strong><em>ι’δίαν-</em></strong></span> <span class='ocrx_word' id='word_1_321' title='bbox 861 2391 1199 2437; x_wconf 76' lang='grc' dir='ltr'><strong><em>κατεσκεύασεν</em></strong></span> <span class='ocrx_word' id='word_1_322' title='bbox 1209 2389 1551 2482; x_wconf 79' lang='grc' dir='ltr'><strong><em>ἀλλοτριότητα.</em></strong></span> <span class='ocrx_word' id='word_1_323' title='bbox 1585 2395 1637 2437; x_wconf 89' lang='grc'><strong><em>15</em></strong></span> 
     </span>
    </p>
   </div>
   <div class='ocr_carea' id='block_1_5' title="bbox 169 2535 1378 2584">
    <p class='ocr_par' dir='ltr' id='par_1_9' title="bbox 169 2535 1378 2584">
     <span class='ocr_line' id='line_1_40' title="bbox 169 2535 1378 2584; baseline 0.002 -14"><span class='ocrx_word' id='word_1_324' title='bbox 169 2535 227 2571; x_wconf 79' lang='grc'><strong><em>83.</em></strong></span> <span class='ocrx_word' id='word_1_325' title='bbox 274 2535 469 2582; x_wconf 80' lang='grc' dir='ltr'><strong><em>γενέσθαι]</em></strong></span> <span class='ocrx_word' id='word_1_326' title='bbox 492 2538 679 2584; x_wconf 78' lang='grc' dir='ltr'><strong><em>γεγονέναι</em></strong></span> <span class='ocrx_word' id='word_1_327' title='bbox 701 2540 730 2573; x_wconf 87' lang='lat' dir='ltr'>F</span> <span class='ocrx_word' id='word_1_328' title='bbox 734 2541 810 2574; x_wconf 89' lang='lat' dir='ltr'><strong><em>VW</em></strong></span> <span class='ocrx_word' id='word_1_329' title='bbox 995 2539 1051 2574; x_wconf 80' lang='lat'><strong><em>85.</em></strong></span> <span class='ocrx_word' id='word_1_330' title='bbox 1101 2536 1147 2584; x_wconf 86' lang='lat'><strong><em>6]</em></strong></span> <span class='ocrx_word' id='word_1_331' title='bbox 1182 2535 1202 2575; x_wconf 88' lang='lat'><strong><em>6</em></strong></span> <span class='ocrx_word' id='word_1_332' title='bbox 1226 2551 1294 2583; x_wconf 82' lang='grc' dir='ltr'><strong><em>μεν</em></strong></span> <span class='ocrx_word' id='word_1_333' title='bbox 1319 2540 1378 2572; x_wconf 86' lang='lat' dir='ltr'><strong><em>Fv</em></strong></span> 
     </span>
    </p>
   </div>
   <div class='ocr_carea' id='block_1_6' title="bbox 166 2585 1555 2873">
    <p class='ocr_par' dir='ltr' id='par_1_10' title="bbox 166 2585 1553 2873">
     <span class='ocr_line' id='line_1_41' title="bbox 167 2585 1451 2649; baseline 0.002 -22"><span class='ocrx_word' id='word_1_334' title='bbox 167 2594 227 2627; x_wconf 86' lang='grc'><strong><em>91.</em></strong></span> <span class='ocrx_word' id='word_1_335' title='bbox 272 2595 374 2638; x_wconf 86' lang='grc' dir='ltr'><strong><em>νεῖν]</em></strong></span> <span class='ocrx_word' id='word_1_336' title='bbox 401 2585 543 2649; x_wconf 73' lang='grc' dir='ltr'><strong><em>βαίνεῖν</em></strong></span> <span class='ocrx_word' id='word_1_337' title='bbox 566 2596 596 2630; x_wconf 78' lang='lat' dir='ltr'><strong>F</strong></span> <span class='ocrx_word' id='word_1_338' title='bbox 781 2596 1032 2642; x_wconf 80' lang='grc' dir='ltr'><strong><em>ἰσχυρότεροι]</em></strong></span> <span class='ocrx_word' id='word_1_339' title='bbox 1058 2594 1293 2641; x_wconf 83' lang='grc' dir='ltr'><strong><em>ἰσχυρότατοι</em></strong></span> <span class='ocrx_word' id='word_1_340' title='bbox 1317 2597 1345 2628; x_wconf 65' lang='grc' dir='ltr'>Υ</span> <span class='ocrx_word' id='word_1_341' title='bbox 1368 2596 1451 2631; x_wconf 65' lang='grc' dir='ltr'><strong><em>Βει-ῑ.</em></strong></span> 
     </span>
     <span class='ocr_line' id='line_1_42' title="bbox 259 2639 1553 2700; baseline 0.001 -27"><span class='ocrx_word' id='word_1_342' title='bbox 259 2640 316 2674; x_wconf 61' lang='grc'><strong><em>91.</em></strong></span> <span class='ocrx_word' id='word_1_343' title='bbox 365 2640 651 2696; x_wconf 77' lang='grc' dir='ltr'><strong><em>κατεπόθησαν]</em></strong></span> <span class='ocrx_word' id='word_1_344' title='bbox 686 2646 974 2700; x_wconf 75' lang='grc' dir='ltr'><strong><em>κατεπόνθησαν</em></strong></span> <span class='ocrx_word' id='word_1_345' title='bbox 1008 2645 1090 2676; x_wconf 76' lang='lat' dir='ltr'>Bas.</span> <span class='ocrx_word' id='word_1_346' title='bbox 1286 2642 1344 2676; x_wconf 78' lang='grc'><strong><em>96.</em></strong></span> <span class='ocrx_word' id='word_1_347' title='bbox 1392 2639 1553 2685; x_wconf 80' lang='grc' dir='ltr'><strong><em>χρόνον]</em></strong></span> 
     </span>
     <span class='ocr_line' id='line_1_43' title="bbox 168 2685 1555 2742; baseline 0 -23"><span class='ocrx_word' id='word_1_348' title='bbox 168 2686 315 2720; x_wconf 70' lang='lat' dir='ltr'><strong>fortusse</strong></span> <span class='ocrx_word' id='word_1_349' title='bbox 345 2691 496 2742; x_wconf 80' lang='lat' dir='ltr'>praestat</span> <span class='ocrx_word' id='word_1_350' title='bbox 529 2687 645 2723; x_wconf 88' lang='grc' dir='ltr'><strong><em>τόπον</em></strong></span> <span class='ocrx_word' id='word_1_351' title='bbox 751 2708 773 2721; x_wconf 73' lang='grc' dir='ltr'><strong><em>ι.</em></strong></span> <span class='ocrx_word' id='word_1_352' title='bbox 827 2691 903 2724; x_wconf 55' lang='grc' dir='ltr'><strong><em>99μ</em></strong></span> <span class='ocrx_word' id='word_1_353' title='bbox 915 2688 1153 2736; x_wconf 75' lang='grc' dir='ltr'><strong><em>ηγεμόνων]</em></strong></span> <span class='ocrx_word' id='word_1_354' title='bbox 1178 2690 1261 2723; x_wconf 79' lang='grc' dir='ltr'><strong><em>τῶν</em></strong></span> <span class='ocrx_word' id='word_1_355' title='bbox 1278 2685 1468 2732; x_wconf 71' lang='grc' dir='ltr'><strong><em>ἡ)εμόνωι</em></strong></span> <span class='ocrx_word' id='word_1_356' title='bbox 1497 2688 1555 2719; x_wconf 82' lang='lat' dir='ltr'><strong><em>Fv</em></strong></span> 
     </span>
     <span class='ocr_line' id='line_1_44' title="bbox 348 2729 1548 2779; baseline -0.001 -13"><span class='ocrx_word' id='word_1_357' title='bbox 348 2733 381 2766; x_wconf 77' lang='lat'><strong><em>6.</em></strong></span> <span class='ocrx_word' id='word_1_358' title='bbox 431 2729 652 2779; x_wconf 77' lang='grc' dir='ltr'><strong><em>ἀπέκλιναν]</em></strong></span> <span class='ocrx_word' id='word_1_359' title='bbox 687 2732 884 2771; x_wconf 72' lang='grc' dir='ltr'><strong><em>ἀπέκλινον</em></strong></span> <span class='ocrx_word' id='word_1_360' title='bbox 915 2737 946 2770; x_wconf 84' lang='lat' dir='ltr'><strong>F</strong></span> <span class='ocrx_word' id='word_1_361' title='bbox 1104 2735 1164 2769; x_wconf 49' lang='grc' dir='ltr'><strong><em>Ἰ8.</em></strong></span> <span class='ocrx_word' id='word_1_362' title='bbox 1210 2734 1401 2770; x_wconf 80' lang='grc' dir='ltr'><strong><em>τοσούτων</em></strong></span> <span class='ocrx_word' id='word_1_363' title='bbox 1435 2733 1548 2766; x_wconf 79' lang='lat' dir='ltr'><strong>nescio</strong></span> 
     </span>
     <span class='ocr_line' id='line_1_45' title="bbox 166 2775 936 2844; baseline 0.013 -34"><span class='ocrx_word' id='word_1_364' title='bbox 166 2777 226 2821; x_wconf 82' lang='lat' dir='ltr'><strong><em>qui</em></strong></span> <span class='ocrx_word' id='word_1_365' title='bbox 243 2775 480 2844; x_wconf 46' lang='lat' dir='ltr'><strong><em>YVesselingiQ</em></strong></span> <span class='ocrx_word' id='word_1_366' title='bbox 502 2781 632 2814; x_wconf 77' lang='lat' dir='ltr'><strong>«aeteri</strong></span> <span class='ocrx_word' id='word_1_367' title='bbox 654 2781 843 2819; x_wconf 79' lang='grc' dir='ltr'><strong><em>τοσούτων</em></strong></span> <span class='ocrx_word' id='word_1_368' title='bbox 865 2780 911 2828; x_wconf 65' lang='grc' dir='ltr'><strong><em>μὲ</em></strong></span> <span class='ocrx_word' id='word_1_369' title='bbox 897 2795 936 2817; x_wconf 85' lang='grc' dir='ltr'><strong><em>ν</em></strong></span> 
     </span>
     <span class='ocr_line' id='line_1_46' title="bbox 256 2823 1463 2873; baseline 0.003 -15.007"><span class='ocrx_word' id='word_1_370' title='bbox 256 2823 337 2859; x_wconf 70' lang='grc'><strong><em>2-85.</em></strong></span> <span class='ocrx_word' id='word_1_371' title='bbox 370 2825 427 2860; x_wconf 86' lang='lat'><strong><em>11</em></strong></span> <span class='ocrx_word' id='word_1_372' title='bbox 474 2825 608 2861; x_wconf 76' lang='lat' dir='ltr'>addidi</span> <span class='ocrx_word' id='word_1_373' title='bbox 616 2838 686 2862; x_wconf 87' lang='grc' dir='ltr'><strong><em>ονν</em></strong></span> <span class='ocrx_word' id='word_1_374' title='bbox 872 2829 930 2871; x_wconf 63' lang='lat'><strong><em>13.</em></strong></span> <span class='ocrx_word' id='word_1_375' title='bbox 981 2826 1173 2873; x_wconf 70' lang='grc' dir='ltr'><strong><em>φανεράν]</em></strong></span> <span class='ocrx_word' id='word_1_376' title='bbox 1209 2838 1381 2872; x_wconf 70' lang='grc' dir='ltr'><strong><em>φανερως</em></strong></span> <span class='ocrx_word' id='word_1_377' title='bbox 1406 2824 1463 2858; x_wconf 53' lang='grc' dir='ltr'><strong><em>ΙΝ</em></strong></span> 
     </span>
    </p>
   </div>
  </div>
 </body>
</html>
