1820 3249
120 1121 200 1158 117.

210 123 321 163 1596
788 117 910 160 ZLIB.
959 117 1058 159 XX.

209 239 421 272 Poenorum
451 240 571 272 castra
609 234 648 268 in
689 234 784 269 colle
815 236 981 269 Ecnomo
1019 247 1134 282 prope
1168 226 1434 274 Hiinermnfffl
1465 235 1603 270 descri-

210 296 361 328 buntur.
401 304 421 326 e
449 292 603 337 regione
645 292 766 326 stabat
795 293 1026 339 Agathocles,
1061 300 1237 340 utrosque
1267 305 1288 327 a
1317 290 1603 339 pugna'deter-

210 352 319 386 rebat
347 356 448 384 vetus
477 347 709 384 vaticinium.
745 350 809 382 sed
838 351 958 384 subito
989 351 1194 384 conseritur
1222 344 1425 396 proelium,
1458 350 1498 383 in
1530 342 1602 395 quo

211 408 378 454 primum
409 405 627 452 Agathocles
663 406 833 450 superior
864 403 990 456 [108.].
1030 407 1201 441 adhibitis
1240 413 1377 441 autem>
1403 406 1602 440 funditori-

213 466 281 499 bus
310 463 489 508 novisque
529 473 573 495 ex
603 462 729 496 Africa
769 464 1069 499 subvenientibus
1109 464 1224 509 copiis
1261 475 1411 510 pugnae
1446 463 1604 498 fortuna

213 521 369 556 inclinat
398 520 439 554 in
468 521 624 556 Poenos.
671 521 890 565 Agathocles
920 528 1073 567 accepta
1114 521 1220 554 clade
1258 521 1358 566 fugit
1394 517 1528 569 [109.],
1569 526 1606 554 et

213 579 338 624 primo
381 577 516 611 Gelam
561 588 600 610 se
641 576 797 622 recipit3
838 578 954 612 Poeni
994 590 1083 612 vero
1115 578 1322 613 Siculorum
1361 577 1498 611 multos
1537 577 1606 611 sibi

214 635 428 669 conciliant.
468 634 800 680 tumrAgathocles
829 634 1027 680 Syracusas
1056 635 1172 680 redit,
1202 641 1239 668 et
1268 635 1421 669 benum
1441 634 1478 668 in
1509 634 1606 668 Afri-

213 704 297 726 cam
328 691 531 726 transferre
561 691 798 726 machinatur
829 688 955 740 [110.].
1482 699 1484 701 ’

774 812 893 856 LIB.
951 811 1053 856 XX.

330 921 585 956 Praemittitur
621 921 804 967 prooemii
840 921 922 954 loco
953 921 1075 956 brevis
1114 921 1316 968 disputatio
1357 921 1401 955 de
1434 920 1611 955 orationi-

216 980 284 1014 bus
314 978 489 1013 historiae
528 978 743 1012 inserendis.
792 989 852 1011 eas
886 980 1062 1023 reprobat
1101 979 1307 1022 Diodorus,
1347 979 1377 1013 si
1414 978 1523 1012 nimis
1551 978 1612 1012 vel

220 1036 408 1083 quaesitae
438 1035 497 1069 vel
526 1035 659 1082 longae
690 1035 887 1069 crebraeve
916 1035 992 1069 sint
1023 1033 1099 1084 [lm]
1128 1048 1214 1070 raro
1242 1042 1278 1070 et
1299 1040 1505 1082 opportuno
1527 1035 1612 1068 loco

221 1093 402 1127 adhibitas
431 1093 608 1138 perutiles
639 1099 793 1128 censets
813 1092 987 1126 adiicitur
1023 1093 1111 1126 libri
1139 1100 1407 1140 argumentum
1430 1099 1472 1126 et
1506 1093 1613 1125 chro-

221 1150 374 1196 nologia
405 1146 482 1197 [2..]
524 1149 746 1196 Agathocles
775 1149 918 1194 proelio
958 1149 1004 1183 ad
1036 1151 1230 1185 Himeram
1264 1151 1367 1184 fusus
1394 1149 1537 1184 bellum
1575 1149 1614 1182 in

222 1207 389 1241 Africam
419 1207 622 1240 transferre
651 1213 820 1242 conatur.
854 1206 999 1241 consilii
1029 1213 1065 1240 et
1094 1207 1266 1252 capiendi
1295 1213 1332 1240 et
1360 1205 1617 1240 dissimulandi

222 1276 346 1298 causas
376 1264 535 1309 explicat
564 1264 762 1298 historicus
794 1260 872 1311 [3..]
916 1263 964 1298 ad
993 1264 1267 1310 expeditionem
1304 1262 1616 1298 incertam'mili-

222 1329 277 1355 tes
315 1321 484 1364 instruit3
526 1321 720 1355 conatibus
758 1333 885 1354 rerum
924 1332 1106 1355 novarum
1143 1334 1237 1368 quae
1276 1327 1487 1365 opportuna
1515 1319 1616 1354 vide·

221 1380 358 1412 bantur
389 1378 566 1423 opponit3
602 1378 778 1422 pecunias
807 1378 843 1412 vi
873 1383 916 1411 et'
938 1378 1072 1412 fraude
1111 1379 1211 1425 cogit
1250 1375 1326 1427 [4η]
1364 1378 1487 1412 classis
1513 1378 1617 1423 Aga-

222 1435 558 1480 thoclis‘profecta
598 1435 699 1468 inter
740 1435 903 1469 maxima
944 1436 1112 1481 pericula
1150 1436 1287 1481 ubique
1324 1436 1474 1469 obvium
1504 1434 1618 1468 habet

223 1493 378 1526 hostem.
415 1492 501 1525 solis
536 1491 681 1537 eclipsis
720 1498 904 1527 terrorem
944 1495 1059 1526 etiam
1095 1493 1216 1527 iniicit
1249 1490 1330 1541 [5.].
1361 1493 1522 1527 eluctata
1551 1492 1618 1525 ho-

222 1550 335 1584 stium
374 1549 680 1593 insectationem,
722 1550 768 1583 ad
808 1550 954 1584 Africae
989 1550 1077 1584 litus
1113 1551 1301 1595 pervenit,
1333 1550 1534 1595 copiasque
1573 1547 1619 1582 ad

223 1606 444 1652 lapicidinas
474 1607 625 1651 exponit
656 1603 732 1654 [6.].
765 1607 864 1640 facto
894 1608 1022 1641 Cereri
1058 1614 1094 1641 et
1120 1607 1360 1652 Proserpinae
1389 1618 1494 1641 sacro
1524 1607 1620 1652 Aga-

222 1664 365 1697 thocles
402 1674 514 1697 naves
554 1663 745 1706 accendit,
783 1676 829 1697 ne
866 1664 1058 1710 refugium
1088 1665 1227 1699 milites
1263 1665 1442 1698 haberent
1477 1660 1539 1711 [7.]
1572 1663 1620 1696 si-

223 1721 304 1754 mul
334 1720 471 1754 milites
502 1727 755 1754 consternatos
793 1733 859 1766 per
893 1723 1062 1767 regiones
1102 1733 1278 1756 amoenas
1308 1728 1346 1755 et
1380 1721 1522 1755 fertiles
1552 1720 1620 1753 du-

225 1789 311 1811 cens
346 1777 600 1823 Megalopolin
633 1784 669 1811 et
699 1778 835 1812 Album
865 1783 1052 1814 Tunetem
1087 1785 1276 1825 expugnat
1311 1785 1348 1813 et
1378 1779 1512 1812 evertit
1543 1773 1620 1824 [8η]

226 1835 494 1880 Carthaginem
534 1835 699 1868 maxima
736 1836 838 1881 capit
877 1836 1075 1881 trepidatio
1108 1833 1185 1884 [9..]
1227 1838 1451 1870 Hannonem
1481 1841 1518 1869 et
1550 1835 1620 1868 Bo-

225 1892 421 1925 milcarem
450 1898 639 1936 praetores
677 1900 808 1926 creant
838 1893 1176 1938 Carthaginienses.
1228 1895 1355 1940 copiae
1385 1893 1506 1926 subito
1538 1902 1620 1924 coa-

229 1956 309 1982 ctae
349 1956 386 1982 et
423 1949 471 1982 ad
518 1961 683 1995 pugnam
726 1950 922 1996 dispositae
964 1950 1225 1984 describuntur
1265 1948 1379 1998 [lO.].
1426 1949 1622 1994 copiarum

228 2006 443 2052 Agathoclis
462 2018 652 2040 vuumerus
682 2012 719 2040 et
749 2008 952 2052 dispositio,
999 2007 1162 2051 noctuis,
1194 2020 1284 2053 quas
1314 2007 1352 2040 in
1384 2006 1512 2041 castris
1542 2005 1621 2039 alu-

230 2070 329 2105 erat,
362 2063 525 2106 emissis,
559 2064 632 2097 suis
664 2064 790 2097 fausta
831 2065 995 2110 auspicia
1043 2072 1222 2110 procurat
1259 2064 1480 2110 Agathocles
1522 2058 1621 2109 [ll.].

230 2120 412 2165 proelium
445 2121 698 2154 commissum.
738 2121 838 2155 cadit
866 2124 1013 2158 Hanno.
1052 2122 1240 2156 Bomilcar
1269 2122 1366 2155 male
1402 2119 1556 2154 callidus
1586 2124 1623 2151 et

229 2178 268 2210 in
299 2183 444 2210 summo
474 2189 603 2211 rerum
634 2178 847 2212 discrimine
877 2179 1027 2225 impius.
1057 2179 1377 2225 Carthaginienses
1404 2178 1538 2223 fugam
1563 2187 1623 2209 ca—

230 2240 392 2280 pessunt.
425 2240 546 2268 castra
574 2235 801 2280 diripiuntur
833 2233 932 2284 [124
966 2236 1174 2270 occisorum
1207 2247 1397 2270 numerus.
1426 2237 1466 2267 in
1496 2232 1625 2267 castris

231 2280 440 2336 Podnorum
468 2292 704 2325 manicarum
734 2305 872 2339 magna
905 2293 957 2326 vis
992 2294 1153 2327 inventa.
1182 2293 1355 2326 fortunae
1386 2290 1626 2326 insolentiam

231 2348 438 2381 demiratur
468 2348 666 2382 historicus
699 2345 796 2397 [13.].
830 2350 1172 2396 Carthaginienses,
1204 2350 1272 2384 diis
1302 2350 1404 2383 iratis
1436 2348 1623 2382 calamita—

229 2411 307 2439 tem
337 2405 563 2451 tribuentes,
602 2406 914 2451 supplicationem
953 2408 1159 2441 deceruunt
1194 2407 1406 2452 hostiasque
1442 2406 1625 2439 humanas

230 2461 432 2496 immolant
463 2459 563 2509 [14.].
592 2463 631 2495 in
662 2463 826 2497 Siciliam
866 2476 955 2499 vero
991 2464 1145 2498 mittunt
1176 2465 1238 2510 qui
1270 2464 1405 2498 auxilia
1432 2462 1626 2508 requirant

231 2525 269 2553 et
297 2530 489 2552 rumorem
530 2519 724 2565 divulgent
754 2522 996 2567 Agathoclem
1028 2521 1170 2554 victum
1201 2533 1290 2556 esse.
1327 2521 1450 2554 luctus
1484 2519 1624 2553 idcirco

230 2576 432 2620 Syracusas
472 2582 651 2621 occupat,
691 2588 765 2622 quo
806 2578 924 2612 fretus
966 2575 1149 2612 Amilcar'
1179 2570 1271 2612 urbe
1315 2577 1427 2624 potiri
1467 2581 1624 2610 conatur

233 2628 333 2681 [15.].
375 2644 465 2666 cum
493 2632 682 2667 Antander
720 2640 758 2667 et
787 2635 980 2680 Erymnon
1021 2635 1067 2669 de
1096 2635 1286 2670 deditione
1322 2635 1423 2668 urbis
1457 2632 1624 2667 dissenti-

230 2696 339 2733 rent,
380 2689 482 2723 venit
511 2689 689 2724 victoriae
718 2692 873 2726 nuntius
902 2693 948 2726 ab
979 2692 1206 2739 Agathocle3
1236 2703 1309 2738 quo
1341 2697 1495 2737 accepto
1527 2690 1625 2723 cives

232 2746 462 2781 incurrentes
510 2746 549 2781 in
588 2747 796 2782 obsidentes
841 2749 1063 2785 Amilcarem
1110 2749 1203 2784 urbo
1249 2749 1438 2784 discedere
1486 2751 1625 2794 cogunt
