1820 3249
295 89 406 134 1082
676 90 791 132 LIB.
823 89 929 132 XVI.
959 89 1091 131 cAP.
1122 94 1188 134 44.
1208 93 1277 134 45.

295 200 556 256 στρατιώτας
585 201 841 257 ἐξέπεμψαν,
881 201 1122 274 στρατηγὸν
1151 203 1197 246 δὲ
1227 202 1350 247 αὐτοὶ
1378 202 1456 258 μὲν
1485 201 1566 257 οὐχ
1595 205 1655 246 εἶ’-

211 262 265 305 95
293 262 446 311 λοντο,
484 262 566 302 τοῦ
595 260 641 302 δὲ
671 259 878 314 βασιλέως
906 259 1005 302 κατ’
1035 260 1174 317 ὄνομα
1201 259 1502 313 Νικόστρατον
1532 270 1656 317 στρα-

291 314 433 384 τηγὸν
453 315 744 370 αἰτησαμένου
775 315 1098 370 συνεχώρησαν.
1143 332 1198 371 ην
1225 317 1308 373 γάρ
1339 314 1363 360 ὁ
1389 315 1498 371 ἀνὴρ
1529 318 1658 366 οὗτος

291 369 458 426 ἀγαθός
486 373 558 414 καὶ
586 373 743 425 πρᾶξαι
771 373 844 415 καὶ
876 372 1228 427 βουλεύσασθαι,
1260 372 1522 441 μεμιγμένην
1551 371 1659 426 ἔχων

289 432 343 484 τῆ
371 428 580 498 φρονήσει
609 430 781 499 μανίαν.
825 432 878 485 τῇ
905 428 989 483 γὰρ
1020 432 1102 471 τοῦ
1122 429 1327 497 σώματος
1357 428 1481 484 ῥώμῃ
1512 428 1660 483 διαφέ-

291 501 383 538 ρων
412 485 598 539 ἐμιμεῖτο
624 485 702 528 τὸν
719 483 929 539 Ἡρακλέα
951 501 1061 528 κατα
1080 501 1156 534 τας
1185 487 1418 540 στρατείας,
1446 485 1519 528 καὶ
1543 489 1660 527 λεον-

182 546 262 586 100
290 544 369 596 τῆν
398 540 548 595 ἐφόρει
574 541 646 583 καὶ
677 540 870 596 ῥόπαλον
899 541 947 583 ἐν
974 546 1068 591 ταῖς
1097 540 1260 597 μάχαις.
1301 541 1462 597 ὁμοίως
1492 541 1537 584 δὲ
1559 541 1661 584 voda

288 614 381 647 τοις
410 599 454 640 οἵ
481 597 561 653 τὴν
589 598 946 652 παραθαλαττίαν
971 601 1046 653 τῆς
1067 595 1209 649 Ἀσίας
1227 600 1446 649 οἰκοῦντες
1457 598 1660 666 Έλληνες

289 651 544 697 ἀπέστειλαν
569 654 830 707 στρατιώτας
859 653 1187 709 έξακιςχιλίους,
1229 654 1333 705 ῶςτε
1361 655 1464 705 τούς
1493 652 1659 703 πάντας

277 708 489 766 ι’Ἐλληνας
515 710 715 765 γενέσθαι
748 710 996 766 συμμάχους
1025 712 1222 764 μυρίους.
1267 711 1351 764 πρὸ
1383 713 1428 755 δὲ
1456 715 1530 766 τῆς
1557 710 1658 753 τού-

287 782 377 809 των
417 768 663 820 παρουσίας
692 767 715 809 ὁ
745 767 823 822 μὲν
853 766 1056 835 βασιλεύς
1081 768 1351 838 διεληλυθώς
1377 768 1457 822 τὴν
1485 768 1735 820 Συρίαν116

234 824 262 866 5
289 823 364 866 καὶ
389 822 739 877 παραγενόμενος
769 825 827 873 εἰς
855 839 936 878 την
955 823 1173 892 Φοινίκην
1197 823 1581 893 ἐστρατοπέδευσεν
1602 821 1656 866 οὐ

289 879 464 934 μακρὰν
487 883 564 935 τῆς
592 881 898 930 Σιδῶνος.οί
927 879 972 922 δὲ
1000 878 1227 932 Σιδώνιοι,
1256 878 1556 950 κεχρονικότος
1578 882 1658 922 τοῦ

289 935 499 990 βασιλέως
527 936 627 988 περὶ
655 934 733 986 τάς
758 935 1054 989 παρασκευάς,
1087 938 1209 980 σίτου
1236 953 1281 980 τε
1309 937 1383 980 καὶ
1412 936 1558 980 ὅπλων
1585 935 1660 979 καὶ

292 993 431 1046 βελῶν
466 992 630 1060 πολλην
668 992 911 1047 ἐπιμέλειαν
948 992 1218 1048 ἐποιησαντο.
1278 991 1439 1049 ὁμοίως
1468 995 1551 1036 οὑν
1578 991 1660 1047 τήν

211 1053 264 1092 10
292 1047 422 1091 πόλιν
459 1048 646 1104 τάφροις
695 1053 893 1102 τριπλαῖς
933 1049 1136 1110 μεγάλαις
1173 1050 1247 1093 καὶ
1283 1054 1434 1106 τειχῶν
1476 1048 1658 1104 ὑψηλῶν

288 1110 574 1154 κατασκευαῖς
608 1105 969 1161 περιειλήφεισαν
1036 1111 1152 1162 εἰχον
1194 1107 1240 1149 δὲ
1278 1107 1352 1149 καὶ
1386 1110 1658 1160 στρατιωτῶν

289 1159 445 1206 ἱκανόν
472 1165 639 1217 πλῆθος
667 1166 902 1205 πολιτικῶν
931 1162 977 1205 ἐν
1005 1164 1259 1233 γυμνασίοις
1287 1164 1361 1206 καὶ
1389 1163 1542 1213 πόνοις
1567 1162 1659 1217 ἐνη

289 1217 470 1288 θληκὸς
491 1218 565 1262 καὶ
591 1223 684 1269 ταῖς
712 1223 799 1262 τῶν
827 1219 1038 1274 σωμάτων
1067 1218 1246 1271 εὐεξίαις
1274 1220 1348 1263 καὶ
1377 1219 1541 1289 ῥώμαις
1570 1221 1657 1262 δια-

292 1274 445 1343 φέρον.
502 1275 675 1332 πλούτῳ
717 1292 761 1319 τε
795 1277 868 1319 καὶ
905 1281 998 1326 ταῖς
1034 1275 1183 1326 α’λλαις
1218 1278 1441 1339 χορηγίαις
1479 1275 1505 1331 ἡ
1535 1274 1659 1324 πόλις

211 1332 263 1374 15
293 1330 406 1374 πολυ
437 1337 608 1387 προεῖχε
645 1335 734 1374 τῶν
769 1348 878 1375 κατα
918 1349 999 1387 την
1038 1335 1250 1394 Φοινίκην
1287 1331 1572 1376 πόλεων.τό
1613 1332 1659 1375 δὲ

292 1386 517 1457 μέγιστον,
562 1388 750 1444 τριήρεις
789 1406 862 1431 και
888 1388 1112 1458 πεντήρεις
1140 1394 1221 1444 εἰχε
1248 1391 1422 1440 πλείους
1450 1391 1538 1432 τῶν
1566 1388 1659 1431 ἕκα-

208 1448 266 1488 45
293 1444 382 1487 τόν.
439 1443 464 1487 6
506 1444 552 1488 δὲ
592 1447 753 1500 Τέννης
787 1445 1111 1500 κοινωσάμενος
1146 1463 1227 1502 την
1264 1447 1508 1500 προδοσίαν
1537 1444 1658 1488 Μέν-

208 1507 263 1546 20
293 1517 388 1554 τορι
411 1504 473 1558 τῷ
503 1506 723 1557 στρατηγῷ
753 1506 841 1544 τῶν
863 1503 904 1553 ἐξ
922 1502 1147 1557 Αἰγύπτου
1167 1502 1468 1558 μισθοφόρων,
1498 1505 1658 1545 τοῦτον

291 1573 370 1613 μεν
400 1546 575 1601 ἀπέλιπε
603 1562 821 1614 τηροῦντα
845 1560 976 1613 μέρος
997 1576 1072 1615 της
1092 1559 1253 1615 πόλεως
1271 1560 1341 1603 καὶ
1363 1562 1658 1628 συνεργοῦντα

291 1619 382 1664 τοῖς
411 1615 510 1668 περὶ
539 1615 615 1670 τὴν
644 1617 884 1669 προδοσίαν
913 1616 1278 1685 ἐγχειρουμένοις,
1318 1615 1448 1666 αύτός
1478 1616 1522 1658 δὲ
1552 1631 1658 1670 μετα

292 1675 566 1724 στρατιωτῶν
601 1673 896 1714 πεντακοσίων
924 1677 1112 1728 προῆγεν
1145 1672 1191 1715 ἐκ
1209 1690 1294 1726 της
1322 1671 1502 1723 πόλεως,
1530 1687 1658 1724 προς-

229 1736 239 1742 ’
291 1726 550 1784 ποιούμενος
580 1728 648 1770 ἐπὶ
673 1729 825 1783 κοινὴν
853 1732 942 1771 τῶν
962 1731 1181 1771 Φοινίκων
1211 1729 1402 1773 σύνοδον
1432 1728 1654 1771 άπαντᾶν·

210 1783 264 1826 25
292 1786 368 1838 ἦγε
408 1784 453 1827 δὲ
491 1783 594 1851 μεθ’
633 1784 792 1828 ἑαυτοῦ
832 1785 933 1835 τοὺς
961 1786 1364 1844 ἐπιφανεστάτους
1356 1790 1441 1829 τῶν
1467 1788 1657 1828 πολιτῶν

294 1856 449 1884 εκατον
486 1858 545 1892 ως
585 1841 874 1897 συμβούλους.
933 1842 1023 1885 ἐπεὶ
1053 1843 1098 1886 δε
1127 1845 1309 1897 πλησίον
1336 1837 1448 1898 ἦσαν
1475 1846 1555 1884 τοῦ
1585 1845 1657 1896 βα

295 1897 468 1951 σιλέως,
516 1899 799 1952 συναρπάσας
833 1915 937 1950 τους
976 1899 1127 1942 ἑκατὸν
1161 1900 1383 1969 παρέδωκε
1423 1903 1484 1968 τῷ
1518 1896 1659 1950 Ἀρτα-

295 1953 428 2010 ξέρξῃ.
497 1955 520 1998 6
559 1956 605 1998 δὲ
644 1954 845 2010 βασιλευς
886 1952 1205 2009 ἀποδεξάμενος
1242 1954 1377 1999 αὐτὸν
1417 1954 1475 2005 ῶς
1513 1958 1657 2008 φίλον,

212 2015 265 2054 30
295 2011 400 2060 τούς
429 2011 508 2065 μὲν
538 2011 692 2055 ἑκατὸν
721 2012 779 2063 ῶς
811 2013 976 2063 αἰτίους
1012 2012 1140 2063 ὄντας
1169 2017 1244 2067 τῆς
1275 2011 1550 2062 ἀποστάσεως
1578 2027 1657 2052 κα-

289 2066 534 2123 τηκόντισε,
565 2071 860 2112 πεντακοσίων
890 2069 936 2112 δε
964 2074 1052 2112 τῶν
1081 2068 1267 2123 πρῶτων
1295 2070 1525 2111 Σιδωνίων
1553 2066 1654 2123 μεθ’

291 2125 515 2181 ἱκετηριῶν
554 2123 897 2182 ἀπαντησάντων
927 2106 1213 2170 ἀνεκαλέσατο
1243 2125 1319 2170 τὸν
1350 2125 1537 2180 Τέννην,
1584 2141 1657 2167 και

290 2295 347 2329 9-1.
395 2296 556 2342 εἴλοντο]
581 2295 724 2331 εἵλαντο
752 2297 812 2330 FL
834 2297 914 2331 Bas.

385 2365 464 2399 116.
507 2365 542 2400 5.
589 2363 916 2406 ἐστρατοπέδευσεν
946 2365 1017 2410 ου’]
1059 2363 1358 2410 ἐστρατοπέδευσε
1389 2365 1419 2397 F
1625 2362 1658 2395 7.

290 2410 546 2456 παρασκευὰς]
576 2422 801 2451 κατασκευας
824 2413 916 2454 FLQ
940 2414 1021 2447 Bas.
1211 2411 1266 2447 13.
1313 2409 1491 2452 σωμάτων
1514 2408 1657 2442 Rhodo

291 2469 447 2500 manuus,
473 2457 669 2502 συμμάχων
689 2458 745 2490 FI,
731 2476 758 2499 A,
783 2457 910 2502 μάχων
929 2460 1021 2496 Bas.
1046 2469 1182 2502 conpore
1204 2463 1237 2491 et
1262 2458 1389 2490 ziribus
1410 2457 1555 2499 Cospns
1580 2465 1656 2486 vae-

293 2504 357 2537 teri
379 2506 504 2546 μαχῶν
651 2503 706 2537 14.
739 2505 885 2538 πλούτω
910 2507 960 2547 τε]
987 2506 1107 2538 malim
1130 2502 1273 2549 πλουτςο
1299 2498 1657 2537 52:137&-

291 2563 358 2594 νης
381 2551 470 2584 LTY
496 2551 595 2589 Bas„
621 2551 687 2583 Cos
674 2561 763 2592 pus,
793 2540 907 2593 Τένης
930 2550 972 2592 F,
1003 2552 1138 2594 Τέννης
1165 2539 1320 2593 ὒΙέντωρ
1347 2550 1388 2585 ἐ,
1414 2562 1431 2580 ιι
1434 2548 1539 2581 ueteri
1561 2545 1660 2581 Mab-

292 2609 366 2640 τωρ
546 2597 601 2629 19.
652 2595 818 2638 Μέντορι
842 2597 900 2629 Η
925 2599 1004 2630 Bas.
1017 2625 1024 2636 ,
1055 2599 1119 2630 (3ος
1106 2608 1185 2640 epus
1172 2622 1198 2637 ,
1223 2608 1290 2630 om.
1318 2596 1360 2636 X,
1389 2593 1513 2628 caru-‚ri
1544 2595 1584 2627 Γ
1578 2592 1658 2636 ’ννῃ

475 2642 532 2675 22.
582 2642 848 2685 πεντακοσίων]
883 2645 1046 2677 sexcentis
1076 2644 1140 2676 Cos
1126 2653 1205 2685 epus
1397 2641 1454 2674 23.
1501 2640 1658 2682 προῆγεν

292 2687 334 2722 ἐκ
358 2689 422 2734 τῆς
445 2687 603 2730 πόλεως]
629 2686 667 2722 ἐκ
691 2688 756 2745 τῆς
778 2687 914 2727 πόλεως
937 2691 1049 2735 προῇ)
1037 2701 1092 2733 γιετ
1118 2690 1147 2721 R
1173 2689 1251 2723 bas.
1423 2685 1480 2719 ²4.
1530 2683 1569 2719 δὲ
1591 2695 1657 2719 om.

293 2736 322 2768 F
503 2735 559 2769 .'.(i.
606 2732 704 2778 ἐπεὶ]
732 2732 856 2780 ἐπειδη
882 2736 910 2770 l·
1094 2735 1152 2770 32.
1205 2718 1322 2778 Τένην
1347 2734 1376 2767 1⁴
1399 2743 1533 2777 semper
