1820 3249
251 148 364 189 1598
812 146 846 185 L
861 145 931 186 lB.
993 144 1090 187 XX.

254 266 396 301 Romae
436 263 572 309 Appius
608 262 786 298 Claudius
826 267 958 296 censor
997 263 1102 297 novis
1140 262 1318 297 institutis
1363 263 1457 298 bene
1504 270 1641 299 meret:

255 332 350 368 aqua
380 321 499 367 Appia
537 321 574 354 in
614 321 749 355 urbem
782 319 962 364 deducta,
995 319 1057 354 via
1086 320 1204 365 Appia
1243 325 1389 364 strata,‘
1409 320 1644 368 magistratus

230 383 339 413 ’cum
377 379 485 424 plebe
515 377 659 424 vulgati
690 374 788 426 [36.].
824 377 1062 412 Ptolemaeus
1101 377 1261 423 Aegypti
1302 379 1471 424 princeps
1502 379 1643 424 Myndo

213 439 222 448 '
252 436 398 471 solvens
431 435 611 470 Graeciae
641 435 751 469 urbes
780 433 820 467 in
842 433 1058 468 libertatem
1088 445 1249 468 asserere
1279 435 1414 481 pergit.
1447 436 1647 481 Cleopatra

251 492 453 528 Alexandri
493 494 547 526 M.
588 503 693 526 soror
722 491 898 526 Sardibus
934 491 1033 526 iussu
1072 491 1254 538 Antigoni
1285 492 1408 526 occisa
1447 489 1546 540 [37.].
1602 493 1648 527 In

252 550 380 586 Africa
409 549 631 596 Agathocles
659 549 791 583 relicto
823 548 870 582 ad
893 550 1079 582 Tunetem
1105 548 1182 582 filio
1207 549 1417 584 Poenorum
1443 557 1564 584 castra
1589 549 1648 583 in-

251 608 441 655 sequitur,
476 618 610 652 eosque
641 607 687 655 ad
718 605 901 652 proelium
931 611 1150 651 provocatos
1181 605 1257 639 acri
1288 608 1489 641 certamine
1523 607 1649 640 fundit

252 662 352 713 [.38.].
395 664 537 698 interea
579 663 764 698 Numidae
814 664 1048 697 Graecorum
1100 667 1217 696 castra
1263 663 1432 708 spoliant.
1481 664 1647 709 captivos

250 724 419 758 Graecos
441 721 662 767 Agathocles
693 727 825 754 contra
848 720 972 753 datam
993 719 1108 753 fidem
1133 719 1332 766 exstinguit
1354 717 1455 768 [39.].
1486 720 1560 755 iam
1583 733 1649 755 au-

251 778 383 827 gendis
413 779 544 825 opibus
573 778 738 812 intentus
771 777 973 822 Ophellam
1004 777 1234 822 Cyrenaicae
1262 777 1495 822 praefectum
1525 778 1562 811 in
1592 789 1649 812 so·

253 837 429 870 cietatem
469 835 602 869 allicit.
661 834 839 880 Ophellas
882 835 1115 869 Graecorum
1159 834 1272 868 etiam
1313 834 1451 868 auxilia
1492 835 1650 869 advocat

254 890 359 942 [40.].
402 892 585 938 Ophellae
616 892 812 937 copiarum
852 902 1028 925 numerus
1066 898 1102 925 et
1132 903 1198 937 per
1234 892 1407 937 regiones
1439 899 1649 926 memoratu

255 950 384 996 dignas
414 950 497 984 iter.
537 949 747 995 episodium
777 948 823 982 de
853 948 1005 982 Lamiae
1036 954 1143 982 antro
1174 954 1210 982 et
1239 949 1364 983 fabula
1386 945 1497 996 ·[41?],
1528 950 1650 995 regio-

254 1019 321 1041 nes
350 1007 607 1053 peragrandae
636 1017 749 1051 porro
781 1005 1051 1039 describuntur.
1094 1005 1257 1050 socium,
1289 1017 1375 1040 cum
1405 1002 1650 1052 adventasset,

254 1064 370 1110 impia
401 1064 519 1098 caede
543 1063 724 1109 opprimit
753 1062 994 1109 Agathocles,
1022 1068 1178 1109 totoque
1209 1063 1286 1097 eius
1315 1062 1480 1098 exercitu
1508 1064 1652 1109 potitur

276 1118 359 1169 42}
394 1122 537 1156 Eodem
570 1126 740 1166 tempore
769 1120 959 1154 Bomilcar
997 1120 1203 1165 tyrannidis
1241 1121 1462 1154 obtinendae
1499 1120 1652 1154 consilia

258 1178 415 1225 agitavit
447 1175 559 1226 [43.];
589 1178 653 1212 sed
682 1189 877 1223 oppressus
907 1190 928 1212 a
957 1176 1096 1211 civibus
1125 1177 1308 1222 supplicio
1338 1178 1525 1211 occubuit.
1554 1179 1652 1224 Aga-

94 1186 229 1293 AB
257 1235 400 1270 thocles
430 1247 542 1269 naves
571 1234 696 1280 spoliis
718 1242 867 1268 onustas
885 1236 1080 1280 Syracusas
1108 1234 1236 1268 mittit.
1268 1237 1528 1269 Romanorum
1551 1235 1651 1269 bella

192 1283 241 1349 2:
258 1294 297 1327 in
319 1292 504 1328 Samnites
536 1298 571 1326 et
596 1293 770 1326 Etruscos
794 1288 893 1339 [44.].
920 1291 1133 1325 Demetrius
1163 1291 1338 1337 Antigoni
1367 1291 1465 1325 filius
1495 1303 1516 1325 a
1545 1297 1651 1336 patre

255 1351 372 1384 iussus
405 1350 547 1395 Epheso
588 1349 701 1382 solvit
738 1349 785 1382 ad
815 1348 1015 1383 Graeciam
1056 1348 1096 1382 in
1126 1348 1338 1382 libertatem
1376 1348 1651 1385 vindicandam.

254 1407 378 1453 prima
407 1406 576 1440 omnium
598 1405 825 1439 Athenarum
856 1405 944 1440 urbs
972 1406 1009 1439 vi
1040 1412 1161 1451 capta,
1191 1405 1309 1440 adhuc
1327 1405 1521 1440 Cassandri
1543 1417 1650 1451 prae-

255 1464 347 1498 sidio
379 1470 574 1509 occupata.
598 1462 601 1466 ’
621 1463 836 1497 Demetrius
867 1464 1068 1497 Phalereus
1108 1463 1208 1497 urbis
1250 1469 1402 1497 curator
1430 1463 1576 1497 Thebas
1615 1469 1652 1497 et

255 1521 341 1555 inde
370 1521 411 1555 in
433 1522 643 1567 Aegyptum
674 1520 840 1567 aufugit3
869 1519 1069 1565 Dionysius
1089 1520 1317 1566 lVIunychiae
1346 1520 1554 1566 praefectus
1576 1531 1651 1555 una

257 1591 344 1613 cum
375 1578 468 1613 urbe
504 1578 541 1612 vi
580 1583 708 1623 captus
739 1574 838 1625 [÷5.].
870 1577 1056 1623 Antigono
1090 1583 1127 1610 et
1156 1578 1349 1611 Demetrio
1381 1583 1526 1612 statuae
1555 1577 1653 1624 posi-

254 1643 315 1671 tae
346 1642 382 1670 et
417 1646 482 1669 ara
517 1636 757 1669 Servatorum
789 1634 922 1671 dicata.
968 1634 1055 1668 inde
1087 1634 1228 1668 liberae
1262 1635 1449 1679 Athenae,
1481 1636 1651 1680 Megara,

254 1693 414 1728 Imbrus.
446 1699 594 1726 senatus
624 1705 644 1727 e
675 1692 887 1727 civitatibus
916 1691 1024 1725 sociis
1055 1691 1274 1725 constitutus
1308 1689 1406 1740 [—‘46.].
1438 1691 1652 1726 Demetrius

254 1762 343 1785 vero
376 1751 476 1784 ultra
505 1749 660 1784 tendens
689 1750 727 1784 in
760 1752 926 1794 Cyprum
959 1748 1126 1792 traiecit,
1156 1755 1199 1782 ut
1227 1749 1267 1782 in
1304 1749 1507 1782 Ptolemaei
1538 1749 1652 1782 duces

254 1808 398 1842 bellum
429 1813 588 1854 gereret.
630 1807 727 1853 apud
756 1806 983 1841 Salaminem
1023 1806 1172 1840 obviam
1209 1805 1331 1840 factus
1362 1806 1534 1840 Menelao
1563 1808 1652 1841 Pto-

254 1865 390 1900 lemaei
426 1865 551 1910 legato
589 1864 773 1910 proelium
814 1863 1002 1897 commisit
1041 1869 1077 1897 et
1108 1863 1324 1897 Menelaum
1362 1863 1481 1907 ludit,
1514 1862 1652 1908 captivi

256 1923 303 1957 ad
333 1922 563 1968 Antigonum
593 1922 715 1964 missi,
746 1921 809 1967 qui
836 1927 918 1954 tum
948 1921 987 1954 in
1017 1920 1124 1966 Syria
1155 1920 1395 1966 Antigoniam
1425 1932 1562 1955 novam
1587 1931 1652 1954 ur·

255 1980 343 2015 hem
373 1979 570 2014 condehat.
599 1978 818 2021 Menolaus,
845 1977 884 2012 in
916 1978 1049 2012 urbem
1083 1977 1313 2012 Salaminem
1342 1978 1482 2024 pulsus,
1513 1989 1536 2012 a
1564 1978 1653 2011 Pto-

255 2038 402 2071 lemaeo
433 2035 572 2070 auxilia
601 2035 760 2082 requirit
787 2032 887 2083 [47.].
919 2035 1146 2081 oppugnatio
1177 2035 1278 2068 urbis
1308 2035 1508 2070 Salaminis
1538 2035 1653 2069 aDe·

258 2094 393 2129 metrio
433 2093 578 2127 interea
614 2099 796 2138 suscepta.
839 2103 959 2125 novae
996 2092 1192 2126 machinae
1232 2092 1410 2137 helepolis
1440 2090 1652 2136 descriptio.

257 2150 559 2198 oppugnantium
584 2150 776 2184 machinas
804 2149 975 2183 incendio
1006 2155 1123 2183 vastat
1150 2150 1347 2183 Menelaus
1380 2146 1479 2197 [48.].
1507 2148 1565 2182 his
1593 2147 1653 2182 in-

257 2208 420 2244 tervenit
452 2208 689 2243 Ptolemaeus
721 2219 810 2241 cum
845 2207 958 2240 classe
987 2205 1285 2240 instructissima.
1316 2206 1509 2252 copiarum
1540 2205 1652 2239 adve-

257 2272 404 2300 ctarum
436 2265 662 2311 naviumque
696 2275 885 2298 numerus.
917 2263 1131 2298 Demetrius
1162 2263 1318 2297 classem
1346 2263 1513 2309 opponit,
1543 2268 1581 2296 et
1603 2261 1650 2296 ab

257 2324 349 2357 urbe
380 2322 571 2368 classeque
609 2322 794 2368 oppidana
822 2320 969 2355 hostem
1009 2327 1111 2355 arcet
1152 2317 1251 2369 [49.].
1288 2320 1377 2355 hinc
1416 2319 1462 2354 ab
1493 2326 1652 2366 utraque

258 2387 364 2426 parte
401 2380 521 2414 aciem
552 2379 599 2412 ad
629 2378 898 2413 conserendam
938 2389 1108 2424 pugnam
1137 2378 1328 2411 instruunt
1368 2373 1470 2426 [50.].
1502 2387 1652 2424 pugnae

256 2437 396 2472 navalis
437 2436 639 2482 descriptio
681 2433 782 2484 [51.].
828 2435 1040 2470 Demetrius
1080 2435 1202 2470 victor
1242 2430 1342 2483 [52.].
1379 2440 1533 2480 accepta
1581 2434 1651 2468 hac

259 2495 366 2530 clade
395 2494 649 2538 Ptolemaeus,
689 2494 826 2527 omissa
857 2493 980 2538 Cypro
1018 2492 1058 2526 in
1085 2493 1295 2538 Aegyptum
1325 2491 1450 2528 rediit.
1491 2491 1653 2537 Antigo-

259 2564 326 2587 nus
365 2552 484 2586 victor
524 2551 623 2597 regis
660 2561 800 2585 nomen
841 2555 878 2584 et
907 2548 1130 2596 dignitatem
1167 2548 1236 2582 sibi
1274 2549 1428 2596 filioque
1456 2547 1651 2583 Demetrio

258 2610 450 2655 imposuit.
491 2607 628 2642 horum
663 2606 830 2653 exempla
864 2606 979 2640 ceteri
1016 2606 1130 2640 etiam
1169 2605 1280 2640 duces
1317 2605 1432 2640 secuti
1467 2615 1575 2652 reges
1611 2615 1651 2639 se

258 2666 487 2712 proclamari
516 2665 713 2700 iusserunt.
759 2667 832 2701 Res
869 2663 1007 2708 Libyae
1048 2669 1085 2697 et
1116 2661 1266 2697 Siciliae
1298 2658 1398 2712 [53..]
1430 2660 1652 2710 Agathocles

257 2724 335 2770 ipse
366 2720 511 2769 quoque
540 2722 640 2768 regis
668 2721 820 2756 titulum
849 2721 1023 2754 assumit:
1062 2719 1175 2754 simul
1202 2719 1347 2754 facinus
1375 2731 1464 2766 rege
1494 2720 1651 2765 dignum

258 2781 416 2828 aggredi
444 2789 648 2826 properans
682 2778 721 2813 in
750 2777 909 2813 rebelles
939 2778 1127 2812 Vticenses
1164 2783 1301 2812 movet.
1360 2777 1505 2812 Vticam
1533 2784 1651 2823 oppu-
