<?xml version="1.0" encoding="UTF-8"?>
<!DOCTYPE html PUBLIC "-//W3C//DTD XHTML 1.0 Transitional//EN"
    "http://www.w3.org/TR/xhtml1/DTD/xhtml1-transitional.dtd">
<html xmlns="http://www.w3.org/1999/xhtml" xml:lang="en" lang="en">
 <head>
  <title>
</title>
<meta http-equiv="Content-Type" content="text/html;charset=utf-8" />
  <meta name='ocr-system' content='tesseract 3.04.00' />
  <meta name='ocr-capabilities' content='ocr_page ocr_carea ocr_par ocr_line ocrx_word'/>
</head>
<body>
  <div class='ocr_page' id='page_1' title='image "./p1bibliothecahisto02dioduoft_0383.png"; bbox 0 0 1820 3249; ppageno 0'>
   <div class='ocr_carea' id='block_1_1' title="bbox 537 147 1570 196">
    <p class='ocr_par' dir='ltr' id='par_1_1' title="bbox 537 147 1570 196">
     <span class='ocr_line' id='line_1_1' title="bbox 537 147 1570 196; baseline -0.003 -5"><span class='ocrx_word' id='word_1_1' title='bbox 537 147 1020 192; x_wconf 80' lang='lat' dir='ltr'><strong>LIB.xv·111.cAP.</strong></span> <span class='ocrx_word' id='word_1_2' title='bbox 1049 151 1118 192; x_wconf 72' lang='lat'><em>44.</em></span> <span class='ocrx_word' id='word_1_3' title='bbox 1150 150 1219 192; x_wconf 83' lang='lat'><em>45.</em></span> <span class='ocrx_word' id='word_1_4' title='bbox 1458 154 1570 196; x_wconf 79' lang='lat'>1299</span> 
     </span>
    </p>
   </div>
   <div class='ocr_carea' id='block_1_2' title="bbox 85 257 1663 2475">
    <p class='ocr_par' dir='ltr' id='par_1_2' title="bbox 85 257 1663 2475">
     <span class='ocr_line' id='line_1_2' title="bbox 183 257 1651 335; baseline -0.001 -27"><span class='ocrx_word' id='word_1_5' title='bbox 183 262 290 316; x_wconf 78' lang='grc' dir='ltr'><em>τοὺς</em></span> <span class='ocrx_word' id='word_1_6' title='bbox 318 262 416 318; x_wconf 80' lang='grc' dir='ltr'><em>περὶ</em></span> <span class='ocrx_word' id='word_1_7' title='bbox 442 259 523 307; x_wconf 80' lang='grc' dir='ltr'><em>τόν</em></span> <span class='ocrx_word' id='word_1_8' title='bbox 551 259 742 335; x_wconf 79' lang='grc' dir='ltr'><em>Εὐμένη,</em></span> <span class='ocrx_word' id='word_1_9' title='bbox 772 259 917 328; x_wconf 78' lang='grc' dir='ltr'><em>ἔκρινε</em></span> <span class='ocrx_word' id='word_1_10' title='bbox 947 257 1197 314; x_wconf 79' lang='grc' dir='ltr'><strong><em>στρατεύειν</em></strong></span> <span class='ocrx_word' id='word_1_11' title='bbox 1225 259 1295 303; x_wconf 80' lang='grc' dir='ltr'><em>ἐπὶ</em></span> <span class='ocrx_word' id='word_1_12' title='bbox 1324 260 1404 305; x_wconf 83' lang='grc' dir='ltr'><em>τὸν</em></span> <span class='ocrx_word' id='word_1_13' title='bbox 1425 260 1565 307; x_wconf 81' lang='grc' dir='ltr'><em>Ἀλκέ-</em></span> <span class='ocrx_word' id='word_1_14' title='bbox 1594 272 1651 315; x_wconf 86' lang='grc'><em>85</em></span> 
     </span>
     <span class='ocr_line' id='line_1_3' title="bbox 182 316 1567 386; baseline -0.003 -22"><span class='ocrx_word' id='word_1_15' title='bbox 182 337 264 364; x_wconf 88' lang='grc' dir='ltr'><em>ταν</em></span> <span class='ocrx_word' id='word_1_16' title='bbox 292 321 365 364; x_wconf 87' lang='grc' dir='ltr'><em>καὶ</em></span> <span class='ocrx_word' id='word_1_17' title='bbox 389 319 614 363; x_wconf 76' lang='grc' dir='ltr'><em>’Ἀτταλον.</em></span> <span class='ocrx_word' id='word_1_18' title='bbox 674 325 799 361; x_wconf 83' lang='grc' dir='ltr'><em>οῦτοι</em></span> <span class='ocrx_word' id='word_1_19' title='bbox 828 333 933 386; x_wconf 85' lang='grc' dir='ltr'><em>γαρ</em></span> <span class='ocrx_word' id='word_1_20' title='bbox 951 316 1239 360; x_wconf 87' lang='grc' dir='ltr'><em>υπελείποντο</em></span> <span class='ocrx_word' id='word_1_21' title='bbox 1268 321 1358 360; x_wconf 79' lang='grc' dir='ltr'><em>τῶν</em></span> <span class='ocrx_word' id='word_1_22' title='bbox 1386 322 1567 373; x_wconf 84' lang='grc' dir='ltr'><em>Περδίκ-</em></span> 
     </span>
     <span class='ocr_line' id='line_1_4' title="bbox 181 372 1566 448; baseline 0 -28"><span class='ocrx_word' id='word_1_23' title='bbox 181 394 266 420; x_wconf 85' lang='grc' dir='ltr'><em>κου</em></span> <span class='ocrx_word' id='word_1_24' title='bbox 296 380 438 448; x_wconf 86' lang='grc' dir='ltr'><em>φίλων</em></span> <span class='ocrx_word' id='word_1_25' title='bbox 478 375 553 418; x_wconf 85' lang='grc' dir='ltr'><em>καὶ</em></span> <span class='ocrx_word' id='word_1_26' title='bbox 593 375 768 418; x_wconf 83' lang='grc' dir='ltr'><em>οἰκείων</em></span> <span class='ocrx_word' id='word_1_27' title='bbox 795 372 1005 442; x_wconf 77' lang='grc' dir='ltr'><em>ἡγεμόνες</em></span> <span class='ocrx_word' id='word_1_28' title='bbox 1032 374 1112 429; x_wconf 80' lang='grc' dir='ltr'><em>μὲν</em></span> <span class='ocrx_word' id='word_1_29' title='bbox 1140 372 1386 430; x_wconf 79' lang='grc' dir='ltr'><em>ἀξιόλογοι,</em></span> <span class='ocrx_word' id='word_1_30' title='bbox 1438 388 1566 445; x_wconf 58' lang='grc' dir='ltr'><em>στρα&lt;</em></span> 
     </span>
     <span class='ocr_line' id='line_1_5' title="bbox 180 428 1563 502; baseline 0.001 -26"><span class='ocrx_word' id='word_1_31' title='bbox 180 433 339 484; x_wconf 75' lang='grc' dir='ltr'><em>τιώτας</em></span> <span class='ocrx_word' id='word_1_32' title='bbox 386 432 432 477; x_wconf 84' lang='grc' dir='ltr'><em>δ’</em></span> <span class='ocrx_word' id='word_1_33' title='bbox 480 433 674 501; x_wconf 87' lang='grc' dir='ltr'><em>εχοντες</em></span> <span class='ocrx_word' id='word_1_34' title='bbox 696 430 880 482; x_wconf 81' lang='grc' dir='ltr'><em>ἱκανούς</em></span> <span class='ocrx_word' id='word_1_35' title='bbox 918 428 1262 502; x_wconf 85' lang='grc' dir='ltr'><em>ἀμφιςβητῆσαι</em></span> <span class='ocrx_word' id='word_1_36' title='bbox 1279 432 1563 487; x_wconf 76' lang='grc' dir='ltr'><em>πραγμάτων.</em></span> 
     </span>
     <span class='ocr_line' id='line_1_6' title="bbox 181 486 1563 562; baseline 0 -29"><span class='ocrx_word' id='word_1_37' title='bbox 181 487 417 543; x_wconf 80' lang='grc' dir='ltr'><em>ἀναζεύξας</em></span> <span class='ocrx_word' id='word_1_38' title='bbox 454 493 536 533; x_wconf 88' lang='grc' dir='ltr'><em>οὐν</em></span> <span class='ocrx_word' id='word_1_39' title='bbox 571 486 676 559; x_wconf 77' lang='grc' dir='ltr'><em>μετά</em></span> <span class='ocrx_word' id='word_1_40' title='bbox 709 488 849 544; x_wconf 87' lang='grc' dir='ltr'><em>πάσης</em></span> <span class='ocrx_word' id='word_1_41' title='bbox 884 491 960 543; x_wconf 84' lang='grc' dir='ltr'><em>τῆς</em></span> <span class='ocrx_word' id='word_1_42' title='bbox 990 492 1214 562; x_wconf 78' lang='grc' dir='ltr'><em>δυνάμεως</em></span> <span class='ocrx_word' id='word_1_43' title='bbox 1246 487 1293 531; x_wconf 80' lang='grc' dir='ltr'><em>ἐκ</em></span> <span class='ocrx_word' id='word_1_44' title='bbox 1323 491 1563 534; x_wconf 84' lang='grc' dir='ltr'><em>Καππαδο-</em></span> 
     </span>
     <span class='ocr_line' id='line_1_7' title="bbox 178 543 1646 617; baseline 0.001 -28"><span class='ocrx_word' id='word_1_45' title='bbox 178 548 276 597; x_wconf 87' lang='grc' dir='ltr'><em>κίας</em></span> <span class='ocrx_word' id='word_1_46' title='bbox 303 550 495 602; x_wconf 81' lang='grc' dir='ltr'><em>προῆγεν</em></span> <span class='ocrx_word' id='word_1_47' title='bbox 521 544 592 588; x_wconf 80' lang='grc' dir='ltr'><em>ἐπὶ</em></span> <span class='ocrx_word' id='word_1_48' title='bbox 619 543 701 617; x_wconf 86' lang='grc' dir='ltr'><em>τὴν</em></span> <span class='ocrx_word' id='word_1_49' title='bbox 732 545 980 615; x_wconf 85' lang='grc' dir='ltr'><em>Πισιδικήν,</em></span> <span class='ocrx_word' id='word_1_50' title='bbox 1011 544 1058 587; x_wconf 82' lang='grc' dir='ltr'><em>ἐν</em></span> <span class='ocrx_word' id='word_1_51' title='bbox 1085 550 1112 601; x_wconf 81' lang='grc' dir='ltr'>ῄ</span> <span class='ocrx_word' id='word_1_52' title='bbox 1143 544 1372 614; x_wconf 84' lang='grc' dir='ltr'><em>συνέβαινε</em></span> <span class='ocrx_word' id='word_1_53' title='bbox 1404 549 1561 601; x_wconf 90' lang='grc' dir='ltr'><em>διατρί-</em></span> <span class='ocrx_word' id='word_1_54' title='bbox 1589 553 1646 595; x_wconf 89' lang='grc'><em>90</em></span> 
     </span>
     <span class='ocr_line' id='line_1_8' title="bbox 178 600 1562 658; baseline 0.001 -12"><span class='ocrx_word' id='word_1_55' title='bbox 178 606 273 658; x_wconf 88' lang='grc' dir='ltr'><em>βειν</em></span> <span class='ocrx_word' id='word_1_56' title='bbox 295 603 399 654; x_wconf 81' lang='grc' dir='ltr'><em>τούς</em></span> <span class='ocrx_word' id='word_1_57' title='bbox 419 603 517 658; x_wconf 86' lang='grc' dir='ltr'><em>περὶ</em></span> <span class='ocrx_word' id='word_1_58' title='bbox 537 618 616 645; x_wconf 93' lang='grc' dir='ltr'><em>τον</em></span> <span class='ocrx_word' id='word_1_59' title='bbox 640 601 855 645; x_wconf 80' lang='grc' dir='ltr'><em>Ἀλκέταν.</em></span> <span class='ocrx_word' id='word_1_60' title='bbox 894 600 1039 653; x_wconf 80' lang='grc' dir='ltr'><em>ὀξεῖαν</em></span> <span class='ocrx_word' id='word_1_61' title='bbox 1069 604 1114 645; x_wconf 80' lang='grc' dir='ltr'><em>δὲ</em></span> <span class='ocrx_word' id='word_1_62' title='bbox 1143 601 1217 644; x_wconf 88' lang='grc' dir='ltr'><em>καὶ</em></span> <span class='ocrx_word' id='word_1_63' title='bbox 1233 606 1451 654; x_wconf 81' lang='grc' dir='ltr'><em>παντελῶς</em></span> <span class='ocrx_word' id='word_1_64' title='bbox 1473 604 1562 647; x_wconf 83' lang='grc' dir='ltr'><em>ἐπι-</em></span> 
     </span>
     <span class='ocr_line' id='line_1_9' title="bbox 175 656 1560 716; baseline 0.001 -14"><span class='ocrx_word' id='word_1_65' title='bbox 175 659 412 716; x_wconf 83' lang='grc' dir='ltr'><em>τεταμένην</em></span> <span class='ocrx_word' id='word_1_66' title='bbox 453 675 534 716; x_wconf 88' lang='grc' dir='ltr'><em>την</em></span> <span class='ocrx_word' id='word_1_67' title='bbox 572 661 757 713; x_wconf 86' lang='grc' dir='ltr'><em>πορείαν</em></span> <span class='ocrx_word' id='word_1_68' title='bbox 803 656 1100 714; x_wconf 89' lang='grc' dir='ltr'><em>ποιησάμενος</em></span> <span class='ocrx_word' id='word_1_69' title='bbox 1145 658 1193 701; x_wconf 86' lang='grc' dir='ltr'><em>έν</em></span> <span class='ocrx_word' id='word_1_70' title='bbox 1230 657 1412 713; x_wconf 80' lang='grc' dir='ltr'><em>ἡμέραις</em></span> <span class='ocrx_word' id='word_1_71' title='bbox 1453 659 1560 704; x_wconf 82' lang='grc' dir='ltr'><em>επτά</em></span> 
     </span>
     <span class='ocr_line' id='line_1_10' title="bbox 173 715 1560 784; baseline 0.001 -26"><span class='ocrx_word' id='word_1_72' title='bbox 173 717 249 758; x_wconf 78' lang='grc' dir='ltr'><em>καὶ,</em></span> <span class='ocrx_word' id='word_1_73' title='bbox 276 721 371 767; x_wconf 88' lang='grc' dir='ltr'><em>ταῖς</em></span> <span class='ocrx_word' id='word_1_74' title='bbox 399 718 515 768; x_wconf 86' lang='grc' dir='ltr'><em>’ίσαις</em></span> <span class='ocrx_word' id='word_1_75' title='bbox 544 717 640 768; x_wconf 80' lang='grc' dir='ltr'><em>νυξὶ</em></span> <span class='ocrx_word' id='word_1_76' title='bbox 670 715 849 772; x_wconf 82' lang='grc' dir='ltr'><em>διήνυσε</em></span> <span class='ocrx_word' id='word_1_77' title='bbox 878 717 1085 765; x_wconf 78' lang='grc' dir='ltr'><em>σταδίους</em></span> <span class='ocrx_word' id='word_1_78' title='bbox 1114 717 1347 784; x_wconf 87' lang='grc' dir='ltr'><em>διςχιλίους</em></span> <span class='ocrx_word' id='word_1_79' title='bbox 1368 716 1442 759; x_wconf 87' lang='grc' dir='ltr'><em>καὶ</em></span> <span class='ocrx_word' id='word_1_80' title='bbox 1460 733 1560 760; x_wconf 88' lang='grc' dir='ltr'><em>πεν-</em></span> 
     </span>
     <span class='ocr_line' id='line_1_11' title="bbox 170 770 1558 841; baseline 0.002 -27"><span class='ocrx_word' id='word_1_81' title='bbox 170 775 405 824; x_wconf 87' lang='grc' dir='ltr'><em>τακοσίους</em></span> <span class='ocrx_word' id='word_1_82' title='bbox 435 776 493 824; x_wconf 83' lang='grc' dir='ltr'><em>εἰς</em></span> <span class='ocrx_word' id='word_1_83' title='bbox 521 773 602 827; x_wconf 87' lang='grc' dir='ltr'><em>τὴν</em></span> <span class='ocrx_word' id='word_1_84' title='bbox 632 771 958 841; x_wconf 82' lang='grc' dir='ltr'><em>ὀνομαζομένην</em></span> <span class='ocrx_word' id='word_1_85' title='bbox 986 775 1174 827; x_wconf 74' lang='grc' dir='ltr'><em>Κρητῶν</em></span> <span class='ocrx_word' id='word_1_86' title='bbox 1204 770 1346 814; x_wconf 87' lang='grc' dir='ltr'><em>πόλιν.</em></span> <span class='ocrx_word' id='word_1_87' title='bbox 1402 774 1558 817; x_wconf 79' lang='grc' dir='ltr'><em>λαθών</em></span> 
     </span>
     <span class='ocr_line' id='line_1_12' title="bbox 169 826 1639 899; baseline 0.001 -27"><span class='ocrx_word' id='word_1_88' title='bbox 169 829 217 872; x_wconf 81' lang='grc' dir='ltr'><em>δὲ</em></span> <span class='ocrx_word' id='word_1_89' title='bbox 246 846 350 881; x_wconf 89' lang='grc' dir='ltr'><em>τους</em></span> <span class='ocrx_word' id='word_1_90' title='bbox 378 832 611 886; x_wconf 88' lang='grc' dir='ltr'><em>πολεμίους</em></span> <span class='ocrx_word' id='word_1_91' title='bbox 642 830 715 873; x_wconf 80' lang='grc' dir='ltr'><em>διά</em></span> <span class='ocrx_word' id='word_1_92' title='bbox 744 830 824 886; x_wconf 79' lang='grc' dir='ltr'><em>τήν</em></span> <span class='ocrx_word' id='word_1_93' title='bbox 844 826 1042 899; x_wconf 80' lang='grc' dir='ltr'><em>ὀξύτητα</em></span> <span class='ocrx_word' id='word_1_94' title='bbox 1070 832 1147 884; x_wconf 86' lang='grc' dir='ltr'><em>τῆς</em></span> <span class='ocrx_word' id='word_1_95' title='bbox 1172 831 1365 883; x_wconf 82' lang='grc' dir='ltr'><em>πορείας,</em></span> <span class='ocrx_word' id='word_1_96' title='bbox 1396 831 1471 872; x_wconf 80' lang='grc' dir='ltr'><em>καὶ</em></span> <span class='ocrx_word' id='word_1_97' title='bbox 1489 847 1556 885; x_wconf 75' lang='grc' dir='ltr'><em>γε·</em></span> <span class='ocrx_word' id='word_1_98' title='bbox 1585 836 1639 878; x_wconf 85' lang='grc'><em>95</em></span> 
     </span>
     <span class='ocr_line' id='line_1_13' title="bbox 169 884 1550 956; baseline 0.001 -28"><span class='ocrx_word' id='word_1_99' title='bbox 169 885 354 941; x_wconf 85' lang='grc' dir='ltr'><em>νόμενος</em></span> <span class='ocrx_word' id='word_1_100' title='bbox 402 889 587 956; x_wconf 85' lang='grc' dir='ltr'><em>πλησίον</em></span> <span class='ocrx_word' id='word_1_101' title='bbox 638 885 785 929; x_wconf 81' lang='grc' dir='ltr'><em>αὐτῶν</em></span> <span class='ocrx_word' id='word_1_102' title='bbox 828 884 1109 940; x_wconf 77' lang='grc' dir='ltr'><em>ἀγνοούντων</em></span> <span class='ocrx_word' id='word_1_103' title='bbox 1156 884 1235 941; x_wconf 84' lang='grc' dir='ltr'><em>τὴν</em></span> <span class='ocrx_word' id='word_1_104' title='bbox 1281 888 1550 940; x_wconf 75' lang='grc' dir='ltr'><em>παρουσίαν,</em></span> 
     </span>
     <span class='ocr_line' id='line_1_14' title="bbox 168 942 1552 1011; baseline 0.001 -26"><span class='ocrx_word' id='word_1_105' title='bbox 168 942 365 998; x_wconf 83' lang='grc' dir='ltr'><em>ε’φθασεν</em></span> <span class='ocrx_word' id='word_1_106' title='bbox 403 942 675 998; x_wconf 78' lang='grc' dir='ltr'><em>ἀκρολοφίας</em></span> <span class='ocrx_word' id='word_1_107' title='bbox 704 942 825 993; x_wconf 82' lang='grc' dir='ltr'><em>τινάς</em></span> <span class='ocrx_word' id='word_1_108' title='bbox 853 943 926 986; x_wconf 81' lang='grc' dir='ltr'><em>καὶ</em></span> <span class='ocrx_word' id='word_1_109' title='bbox 956 943 1198 1011; x_wconf 84' lang='grc' dir='ltr'><em>δυςχωρίας</em></span> <span class='ocrx_word' id='word_1_110' title='bbox 1221 943 1552 1011; x_wconf 85' lang='grc' dir='ltr'><em>προκαταλαβό-</em></span> 
     </span>
     <span class='ocr_line' id='line_1_15' title="bbox 167 998 1554 1070; baseline 0.002 -29"><span class='ocrx_word' id='word_1_111' title='bbox 167 1001 413 1053; x_wconf 85' lang='grc' dir='ltr'><em>μενος.οῖ</em></span> <span class='ocrx_word' id='word_1_112' title='bbox 451 1000 497 1043; x_wconf 79' lang='grc' dir='ltr'><em>δὲ</em></span> <span class='ocrx_word' id='word_1_113' title='bbox 537 1001 638 1052; x_wconf 87' lang='grc' dir='ltr'><em>περὶ</em></span> <span class='ocrx_word' id='word_1_114' title='bbox 667 998 745 1042; x_wconf 80' lang='grc' dir='ltr'><em>τόν</em></span> <span class='ocrx_word' id='word_1_115' title='bbox 771 998 970 1042; x_wconf 84' lang='grc' dir='ltr'><em>’Λλκέταν</em></span> <span class='ocrx_word' id='word_1_116' title='bbox 997 999 1245 1054; x_wconf 82' lang='grc' dir='ltr'><em>πυθόμενοι</em></span> <span class='ocrx_word' id='word_1_117' title='bbox 1272 1016 1357 1070; x_wconf 88' lang='grc' dir='ltr'><em>την</em></span> <span class='ocrx_word' id='word_1_118' title='bbox 1381 1016 1554 1055; x_wconf 87' lang='grc' dir='ltr'><em>παρου-</em></span> 
     </span>
     <span class='ocr_line' id='line_1_16' title="bbox 167 1053 1551 1124; baseline 0.001 -26"><span class='ocrx_word' id='word_1_119' title='bbox 167 1057 270 1098; x_wconf 90' lang='grc' dir='ltr'><em>σίαν</em></span> <span class='ocrx_word' id='word_1_120' title='bbox 297 1059 387 1098; x_wconf 79' lang='grc' dir='ltr'><em>τῶν</em></span> <span class='ocrx_word' id='word_1_121' title='bbox 414 1058 655 1111; x_wconf 86' lang='grc' dir='ltr'><em>πολεμίων,</em></span> <span class='ocrx_word' id='word_1_122' title='bbox 702 1055 784 1124; x_wconf 83' lang='grc' dir='ltr'><em>τὴν</em></span> <span class='ocrx_word' id='word_1_123' title='bbox 807 1055 886 1110; x_wconf 80' lang='grc' dir='ltr'><em>μὲν</em></span> <span class='ocrx_word' id='word_1_124' title='bbox 916 1053 1122 1110; x_wconf 81' lang='grc' dir='ltr'><em>φάλαγγα</em></span> <span class='ocrx_word' id='word_1_125' title='bbox 1151 1055 1311 1110; x_wconf 90' lang='grc' dir='ltr'><em>ταχέως</em></span> <span class='ocrx_word' id='word_1_126' title='bbox 1341 1056 1551 1111; x_wconf 79' lang='grc' dir='ltr'><em>ἐξέταξαν,</em></span> 
     </span>
     <span class='ocr_line' id='line_1_17' title="bbox 166 1110 1663 1184; baseline 0.003 -30"><span class='ocrx_word' id='word_1_127' title='bbox 166 1117 260 1163; x_wconf 88' lang='grc' dir='ltr'><em>τοῖς</em></span> <span class='ocrx_word' id='word_1_128' title='bbox 289 1110 331 1156; x_wconf 82' lang='grc' dir='ltr'><em>δ’</em></span> <span class='ocrx_word' id='word_1_129' title='bbox 363 1114 539 1156; x_wconf 80' lang='grc' dir='ltr'><em>ἱππεῦσι</em></span> <span class='ocrx_word' id='word_1_130' title='bbox 570 1110 861 1166; x_wconf 87' lang='grc' dir='ltr'><em>προςπεσόντε</em></span> <span class='ocrx_word' id='word_1_131' title='bbox 845 1129 886 1162; x_wconf 68' lang='grc' dir='ltr'><em>ες</em></span> <span class='ocrx_word' id='word_1_132' title='bbox 924 1116 1017 1162; x_wconf 88' lang='grc' dir='ltr'><em>τοῖς</em></span> <span class='ocrx_word' id='word_1_133' title='bbox 1057 1129 1138 1168; x_wconf 91' lang='grc' dir='ltr'><em>την</em></span> <span class='ocrx_word' id='word_1_134' title='bbox 1166 1111 1413 1184; x_wconf 77' lang='grc' dir='ltr'><em>ἀκρώρειαν</em></span> <span class='ocrx_word' id='word_1_135' title='bbox 1441 1131 1550 1167; x_wconf 77' lang='grc' dir='ltr'><em>προ·</em></span> <span class='ocrx_word' id='word_1_136' title='bbox 1582 1122 1663 1163; x_wconf 79' lang='grc'><em>100</em></span> 
     </span>
     <span class='ocr_line' id='line_1_18' title="bbox 166 1168 1552 1238; baseline 0.002 -27"><span class='ocrx_word' id='word_1_137' title='bbox 166 1169 425 1238; x_wconf 79' lang='grc' dir='ltr'><em>κατέχουσιν</em></span> <span class='ocrx_word' id='word_1_138' title='bbox 472 1171 812 1225; x_wconf 78' lang='grc' dir='ltr'><em>ἐφιλοτιμοῦντο</em></span> <span class='ocrx_word' id='word_1_139' title='bbox 862 1169 937 1224; x_wconf 87' lang='grc' dir='ltr'><em>βία</em></span> <span class='ocrx_word' id='word_1_140' title='bbox 981 1173 1197 1238; x_wconf 81' lang='grc' dir='ltr'><em>κρατῆσαι</em></span> <span class='ocrx_word' id='word_1_141' title='bbox 1233 1185 1309 1212; x_wconf 89' lang='grc' dir='ltr'><em>και</em></span> <span class='ocrx_word' id='word_1_142' title='bbox 1351 1168 1438 1214; x_wconf 81' lang='grc' dir='ltr'><em>ἀπό</em></span> <span class='ocrx_word' id='word_1_143' title='bbox 1477 1176 1552 1228; x_wconf 82' lang='grc' dir='ltr'><em>τῆς</em></span> 
     </span>
     <span class='ocr_line' id='line_1_19' title="bbox 166 1224 1552 1299; baseline 0.004 -32"><span class='ocrx_word' id='word_1_144' title='bbox 166 1224 436 1282; x_wconf 76' lang='grc' dir='ltr'><em>ἀκρολοφίας</em></span> <span class='ocrx_word' id='word_1_145' title='bbox 466 1226 673 1299; x_wconf 77' lang='grc' dir='ltr'><em>ἐκβαλεῖν.</em></span> <span class='ocrx_word' id='word_1_146' title='bbox 730 1225 967 1295; x_wconf 87' lang='grc' dir='ltr'><em>γενομένης</em></span> <span class='ocrx_word' id='word_1_147' title='bbox 997 1224 1043 1268; x_wconf 81' lang='grc' dir='ltr'><em>δὲ</em></span> <span class='ocrx_word' id='word_1_148' title='bbox 1071 1225 1210 1295; x_wconf 85' lang='grc' dir='ltr'><em>μάχης</em></span> <span class='ocrx_word' id='word_1_149' title='bbox 1231 1227 1448 1297; x_wconf 76' lang='grc' dir='ltr'><em>ἰσχυροῖς,</em></span> <span class='ocrx_word' id='word_1_150' title='bbox 1476 1230 1552 1272; x_wconf 85' lang='grc' dir='ltr'><em>καὶ</em></span> 
     </span>
     <span class='ocr_line' id='line_1_20' title="bbox 165 1281 1549 1339; baseline 0.003 -15"><span class='ocrx_word' id='word_1_151' title='bbox 165 1287 342 1326; x_wconf 80' lang='grc' dir='ltr'><em>πολλῶν</em></span> <span class='ocrx_word' id='word_1_152' title='bbox 379 1282 488 1338; x_wconf 87' lang='grc' dir='ltr'><em>παρ’</em></span> <span class='ocrx_word' id='word_1_153' title='bbox 530 1281 798 1338; x_wconf 83' lang='grc' dir='ltr'><em>ἀμφοτέροις</em></span> <span class='ocrx_word' id='word_1_154' title='bbox 834 1283 1084 1333; x_wconf 83' lang='grc' dir='ltr'><em>πεσόντων,</em></span> <span class='ocrx_word' id='word_1_155' title='bbox 1132 1283 1156 1326; x_wconf 91' lang='grc' dir='ltr'>ὁ</span> <span class='ocrx_word' id='word_1_156' title='bbox 1196 1281 1275 1338; x_wconf 81' lang='grc' dir='ltr'><em>μὲν</em></span> <span class='ocrx_word' id='word_1_157' title='bbox 1306 1282 1549 1339; x_wconf 77' lang='grc' dir='ltr'><em>Ἀντίγονος</em></span> 
     </span>
     <span class='ocr_line' id='line_1_21' title="bbox 85 1337 1604 1410; baseline 0.003 -29"><span class='ocrx_word' id='word_1_158' title='bbox 85 1338 274 1394; x_wconf 71' lang='grc' dir='ltr'><em>291έχων</em></span> <span class='ocrx_word' id='word_1_159' title='bbox 303 1341 448 1390; x_wconf 78' lang='grc' dir='ltr'><em>ἱππεῖς</em></span> <span class='ocrx_word' id='word_1_160' title='bbox 477 1339 781 1394; x_wconf 81' lang='grc' dir='ltr'><em>εξακιςχιλίους</em></span> <span class='ocrx_word' id='word_1_161' title='bbox 810 1337 895 1383; x_wconf 85' lang='grc' dir='ltr'><em>ἀπὸ</em></span> <span class='ocrx_word' id='word_1_162' title='bbox 924 1339 1113 1394; x_wconf 84' lang='grc' dir='ltr'><em>κράτους</em></span> <span class='ocrx_word' id='word_1_163' title='bbox 1148 1338 1340 1395; x_wconf 83' lang='grc' dir='ltr'><em>ἤλαυνεν</em></span> <span class='ocrx_word' id='word_1_164' title='bbox 1368 1340 1438 1384; x_wconf 84' lang='grc' dir='ltr'><em>ε’πὶ</em></span> <span class='ocrx_word' id='word_1_165' title='bbox 1466 1358 1548 1410; x_wconf 87' lang='grc' dir='ltr'><em>την</em></span> <span class='ocrx_word' id='word_1_166' title='bbox 1577 1350 1604 1393; x_wconf 90' lang='grc'><em>5</em></span> 
     </span>
     <span class='ocr_line' id='line_1_22' title="bbox 163 1395 1548 1466; baseline 0.004 -29"><span class='ocrx_word' id='word_1_167' title='bbox 163 1400 252 1437; x_wconf 78' lang='grc' dir='ltr'><em>τῶν</em></span> <span class='ocrx_word' id='word_1_168' title='bbox 281 1396 491 1439; x_wconf 83' lang='grc' dir='ltr'><em>εναντίων</em></span> <span class='ocrx_word' id='word_1_169' title='bbox 519 1398 733 1463; x_wconf 78' lang='grc' dir='ltr'><em>φάλαγγα,</em></span> <span class='ocrx_word' id='word_1_170' title='bbox 765 1396 966 1439; x_wconf 80' lang='grc' dir='ltr'><em>σπεύδων</em></span> <span class='ocrx_word' id='word_1_171' title='bbox 995 1395 1220 1466; x_wconf 84' lang='grc' dir='ltr'><em>ἀποκόψαι</em></span> <span class='ocrx_word' id='word_1_172' title='bbox 1235 1413 1325 1440; x_wconf 89' lang='grc' dir='ltr'><em>των</em></span> <span class='ocrx_word' id='word_1_173' title='bbox 1349 1399 1448 1452; x_wconf 88' lang='grc' dir='ltr'><em>περὶ</em></span> <span class='ocrx_word' id='word_1_174' title='bbox 1467 1401 1548 1442; x_wconf 87' lang='grc' dir='ltr'><em>τὸν</em></span> 
     </span>
     <span class='ocr_line' id='line_1_23' title="bbox 158 1449 1548 1525; baseline 0.003 -30.026"><span class='ocrx_word' id='word_1_175' title='bbox 158 1449 360 1496; x_wconf 81' lang='grc' dir='ltr'><em>Ἀλκέταν</em></span> <span class='ocrx_word' id='word_1_176' title='bbox 371 1452 470 1523; x_wconf 83' lang='grc' dir='ltr'><em>τὴν</em></span> <span class='ocrx_word' id='word_1_177' title='bbox 499 1453 568 1496; x_wconf 83' lang='grc' dir='ltr'><em>έπι</em></span> <span class='ocrx_word' id='word_1_178' title='bbox 604 1452 769 1522; x_wconf 83' lang='grc' dir='ltr'><em>ταύτην</em></span> <span class='ocrx_word' id='word_1_179' title='bbox 805 1452 1079 1525; x_wconf 80' lang='grc' dir='ltr'><em>καταφυγήν.</em></span> <span class='ocrx_word' id='word_1_180' title='bbox 1142 1454 1197 1496; x_wconf 82' lang='grc' dir='ltr'><em>οὐ</em></span> <span class='ocrx_word' id='word_1_181' title='bbox 1235 1456 1548 1498; x_wconf 81' lang='grc' dir='ltr'><em>συντελεσθέν-</em></span> 
     </span>
     <span class='ocr_line' id='line_1_24' title="bbox 161 1507 1547 1578; baseline 0.003 -27"><span class='ocrx_word' id='word_1_182' title='bbox 161 1525 237 1559; x_wconf 91' lang='grc' dir='ltr'><em>τος</em></span> <span class='ocrx_word' id='word_1_183' title='bbox 265 1511 310 1552; x_wconf 81' lang='grc' dir='ltr'><em>οῐ</em></span> <span class='ocrx_word' id='word_1_184' title='bbox 336 1510 416 1578; x_wconf 79' lang='grc' dir='ltr'><em>μὲν</em></span> <span class='ocrx_word' id='word_1_185' title='bbox 445 1510 514 1553; x_wconf 81' lang='grc' dir='ltr'><em>ἐπὶ</em></span> <span class='ocrx_word' id='word_1_186' title='bbox 542 1513 617 1566; x_wconf 80' lang='grc' dir='ltr'><em>τῆς</em></span> <span class='ocrx_word' id='word_1_187' title='bbox 649 1507 891 1563; x_wconf 86' lang='grc' dir='ltr'><em>ἀκρωρείας</em></span> <span class='ocrx_word' id='word_1_188' title='bbox 921 1508 1068 1562; x_wconf 85' lang='grc' dir='ltr'><em>ὄντες,</em></span> <span class='ocrx_word' id='word_1_189' title='bbox 1106 1508 1220 1552; x_wconf 87' lang='grc' dir='ltr'><em>πολυ</em></span> <span class='ocrx_word' id='word_1_190' title='bbox 1249 1515 1340 1560; x_wconf 85' lang='grc' dir='ltr'><em>τοῖς</em></span> <span class='ocrx_word' id='word_1_191' title='bbox 1368 1527 1412 1554; x_wconf 87' lang='grc' dir='ltr'><em>τε</em></span> <span class='ocrx_word' id='word_1_192' title='bbox 1442 1512 1547 1568; x_wconf 78' lang='grc' dir='ltr'><em>πλή-</em></span> 
     </span>
     <span class='ocr_line' id='line_1_25' title="bbox 159 1565 1545 1623; baseline 0.003 -15"><span class='ocrx_word' id='word_1_193' title='bbox 159 1570 288 1608; x_wconf 73' lang='grc' dir='ltr'><em>θεσιν</em></span> <span class='ocrx_word' id='word_1_194' title='bbox 323 1566 607 1622; x_wconf 88' lang='grc' dir='ltr'><em>υπερέχοντες</em></span> <span class='ocrx_word' id='word_1_195' title='bbox 637 1566 711 1609; x_wconf 85' lang='grc' dir='ltr'><em>καὶ</em></span> <span class='ocrx_word' id='word_1_196' title='bbox 748 1571 801 1623; x_wconf 87' lang='grc' dir='ltr'><em>τῇ</em></span> <span class='ocrx_word' id='word_1_197' title='bbox 834 1568 1051 1623; x_wconf 75' lang='grc' dir='ltr'><em>δυςχωρίᾳ</em></span> <span class='ocrx_word' id='word_1_198' title='bbox 1080 1581 1169 1608; x_wconf 91' lang='grc' dir='ltr'><em>των</em></span> <span class='ocrx_word' id='word_1_199' title='bbox 1197 1565 1343 1609; x_wconf 89' lang='grc' dir='ltr'><em>τόπων</em></span> <span class='ocrx_word' id='word_1_200' title='bbox 1372 1573 1545 1612; x_wconf 87' lang='grc' dir='ltr'><em>πλεονε-</em></span> 
     </span>
     <span class='ocr_line' id='line_1_26' title="bbox 159 1621 1625 1679; baseline 0.002 -14"><span class='ocrx_word' id='word_1_201' title='bbox 159 1626 364 1674; x_wconf 87' lang='grc' dir='ltr'><em>κτοῦντες</em></span> <span class='ocrx_word' id='word_1_202' title='bbox 405 1623 640 1676; x_wconf 81' lang='grc' dir='ltr'><em>ετρέψαντο</em></span> <span class='ocrx_word' id='word_1_203' title='bbox 683 1624 788 1673; x_wconf 82' lang='grc' dir='ltr'><em>τούς</em></span> <span class='ocrx_word' id='word_1_204' title='bbox 825 1621 1221 1678; x_wconf 85' lang='grc' dir='ltr'><em>προςμαχομένους.</em></span> <span class='ocrx_word' id='word_1_205' title='bbox 1294 1625 1338 1666; x_wconf 83' lang='grc' dir='ltr'><em>οἱ</em></span> <span class='ocrx_word' id='word_1_206' title='bbox 1365 1626 1411 1668; x_wconf 85' lang='grc' dir='ltr'><em>δὲ</em></span> <span class='ocrx_word' id='word_1_207' title='bbox 1440 1626 1541 1679; x_wconf 88' lang='grc' dir='ltr'><em>περι</em></span> <span class='ocrx_word' id='word_1_208' title='bbox 1572 1635 1625 1674; x_wconf 84' lang='grc'>10</span> 
     </span>
     <span class='ocr_line' id='line_1_27' title="bbox 91 1677 1541 1736; baseline 0.002 -15"><span class='ocrx_word' id='word_1_209' title='bbox 91 1682 95 1690; x_wconf 84' lang='grc'>’</span> <span class='ocrx_word' id='word_1_210' title='bbox 158 1678 240 1722; x_wconf 77' lang='grc' dir='ltr'><em>τόν</em></span> <span class='ocrx_word' id='word_1_211' title='bbox 270 1677 470 1723; x_wconf 86' lang='grc' dir='ltr'><em>Ἀλκέταν</em></span> <span class='ocrx_word' id='word_1_212' title='bbox 507 1684 584 1735; x_wconf 88' lang='grc' dir='ltr'><em>τῆς</em></span> <span class='ocrx_word' id='word_1_213' title='bbox 622 1696 670 1734; x_wconf 83' lang='grc' dir='ltr'><em>με</em></span> <span class='ocrx_word' id='word_1_214' title='bbox 654 1696 701 1721; x_wconf 68' lang='grc' dir='ltr'><em>εν</em></span> <span class='ocrx_word' id='word_1_215' title='bbox 730 1679 799 1722; x_wconf 88' lang='grc' dir='ltr'><em>επὶ</em></span> <span class='ocrx_word' id='word_1_216' title='bbox 831 1679 936 1730; x_wconf 75' lang='grc' dir='ltr'><em>τοὺς</em></span> <span class='ocrx_word' id='word_1_217' title='bbox 965 1679 1123 1733; x_wconf 84' lang='grc' dir='ltr'><em>πεζους</em></span> <span class='ocrx_word' id='word_1_218' title='bbox 1151 1685 1409 1736; x_wconf 85' lang='grc' dir='ltr'><em>καταφυγῆς</em></span> <span class='ocrx_word' id='word_1_219' title='bbox 1437 1682 1541 1725; x_wconf 82' lang='grc' dir='ltr'><em>ἀπο-</em></span> 
     </span>
     <span class='ocr_line' id='line_1_28' title="bbox 159 1735 1540 1796; baseline 0.002 -17"><span class='ocrx_word' id='word_1_220' title='bbox 159 1736 467 1792; x_wconf 79' lang='grc' dir='ltr'><em>κεκλεισμένοι,</em></span> <span class='ocrx_word' id='word_1_221' title='bbox 496 1741 556 1792; x_wconf 79' lang='grc' dir='ltr'><em>τῷ</em></span> <span class='ocrx_word' id='word_1_222' title='bbox 590 1737 636 1779; x_wconf 80' lang='grc' dir='ltr'><em>ὁὲ</em></span> <span class='ocrx_word' id='word_1_223' title='bbox 664 1735 822 1796; x_wconf 81' lang='grc' dir='ltr'><em>πλήθει</em></span> <span class='ocrx_word' id='word_1_224' title='bbox 851 1753 940 1779; x_wconf 90' lang='grc' dir='ltr'><em>των</em></span> <span class='ocrx_word' id='word_1_225' title='bbox 967 1739 1185 1791; x_wconf 91' lang='grc' dir='ltr'><em>πολεμίων</em></span> <span class='ocrx_word' id='word_1_226' title='bbox 1214 1738 1275 1788; x_wconf 89' lang='grc' dir='ltr'><em>εἰς</em></span> <span class='ocrx_word' id='word_1_227' title='bbox 1300 1738 1435 1792; x_wconf 89' lang='grc' dir='ltr'><em>μέσον</em></span> <span class='ocrx_word' id='word_1_228' title='bbox 1464 1738 1540 1782; x_wconf 90' lang='grc' dir='ltr'><em>ἀπ-</em></span> 
     </span>
     <span class='ocr_line' id='line_1_29' title="bbox 157 1791 1538 1864; baseline 0.003 -30"><span class='ocrx_word' id='word_1_229' title='bbox 157 1795 426 1848; x_wconf 85' lang='grc' dir='ltr'><em>ειλημμένοι,</em></span> <span class='ocrx_word' id='word_1_230' title='bbox 470 1793 692 1848; x_wconf 87' lang='grc' dir='ltr'><em>πρόδηλον</em></span> <span class='ocrx_word' id='word_1_231' title='bbox 721 1791 837 1848; x_wconf 78' lang='grc' dir='ltr'><em>εἶχον</em></span> <span class='ocrx_word' id='word_1_232' title='bbox 857 1793 942 1864; x_wconf 77' lang='grc' dir='ltr'><em>τήν</em></span> <span class='ocrx_word' id='word_1_233' title='bbox 969 1792 1203 1836; x_wconf 76' lang='grc' dir='ltr'><em>ἀπώλειαν.</em></span> <span class='ocrx_word' id='word_1_234' title='bbox 1261 1794 1329 1838; x_wconf 88' lang='grc' dir='ltr'><em>διο</em></span> <span class='ocrx_word' id='word_1_235' title='bbox 1359 1795 1432 1838; x_wconf 82' lang='grc' dir='ltr'><em>καὶ</em></span> <span class='ocrx_word' id='word_1_236' title='bbox 1462 1800 1538 1850; x_wconf 83' lang='grc' dir='ltr'><em>τῆς</em></span> 
     </span>
     <span class='ocr_line' id='line_1_30' title="bbox 157 1848 1620 1920; baseline 0.004 -27"><span class='ocrx_word' id='word_1_237' title='bbox 157 1851 372 1919; x_wconf 79' lang='grc' dir='ltr'><em>σωτηρίας</em></span> <span class='ocrx_word' id='word_1_238' title='bbox 390 1849 694 1920; x_wconf 80' lang='grc' dir='ltr'><em>δυςβοηθήτου</em></span> <span class='ocrx_word' id='word_1_239' title='bbox 712 1849 986 1919; x_wconf 71' lang='grc' dir='ltr'><em>γενομένής,</em></span> <span class='ocrx_word' id='word_1_240' title='bbox 993 1851 1017 1893; x_wconf 89' lang='grc' dir='ltr'>ὁ</span> <span class='ocrx_word' id='word_1_241' title='bbox 1035 1851 1115 1906; x_wconf 83' lang='grc' dir='ltr'><em>μὲν</em></span> <span class='ocrx_word' id='word_1_242' title='bbox 1130 1848 1326 1902; x_wconf 81' lang='grc' dir='ltr'><em>Ἀλκέτας</em></span> <span class='ocrx_word' id='word_1_243' title='bbox 1345 1853 1537 1904; x_wconf 88' lang='grc' dir='ltr'><em>πολλους</em></span> <span class='ocrx_word' id='word_1_244' title='bbox 1568 1860 1620 1901; x_wconf 87' lang='grc'><em>15</em></span> 
     </span>
     <span class='ocr_line' id='line_1_31' title="bbox 155 1904 1532 1979; baseline 0.003 -31"><span class='ocrx_word' id='word_1_245' title='bbox 155 1904 397 1977; x_wconf 83' lang='grc' dir='ltr'><em>ἀποβαλων</em></span> <span class='ocrx_word' id='word_1_246' title='bbox 425 1905 549 1962; x_wconf 88' lang='grc' dir='ltr'><em>μόλις</em></span> <span class='ocrx_word' id='word_1_247' title='bbox 580 1905 790 1958; x_wconf 80' lang='grc' dir='ltr'><em>διεξέπεσε</em></span> <span class='ocrx_word' id='word_1_248' title='bbox 806 1906 916 1960; x_wconf 86' lang='grc' dir='ltr'><em>πρὸς</em></span> <span class='ocrx_word' id='word_1_249' title='bbox 937 1924 1017 1976; x_wconf 88' lang='grc' dir='ltr'><em>την</em></span> <span class='ocrx_word' id='word_1_250' title='bbox 1035 1911 1123 1950; x_wconf 78' lang='grc' dir='ltr'><em>τῶν</em></span> <span class='ocrx_word' id='word_1_251' title='bbox 1142 1912 1284 1961; x_wconf 81' lang='grc' dir='ltr'><em>πεζων</em></span> <span class='ocrx_word' id='word_1_252' title='bbox 1304 1908 1532 1979; x_wconf 78' lang='grc' dir='ltr'><em>φάλαγγα·</em></span> 
     </span>
     <span class='ocr_line' id='line_1_32' title="bbox 155 1961 1620 2020; baseline 0.003 -15"><span class='ocrx_word' id='word_1_253' title='bbox 155 1961 179 2005; x_wconf 89' lang='grc' dir='ltr'>ὁ</span> <span class='ocrx_word' id='word_1_254' title='bbox 211 1961 252 2006; x_wconf 86' lang='grc' dir='ltr'><em>δ’</em></span> <span class='ocrx_word' id='word_1_255' title='bbox 281 1963 528 2019; x_wconf 83' lang='grc' dir='ltr'><em>Ἀντίγονος</em></span> <span class='ocrx_word' id='word_1_256' title='bbox 556 1963 598 2014; x_wconf 80' lang='grc' dir='ltr'><em>ἐξ</em></span> <span class='ocrx_word' id='word_1_257' title='bbox 627 1963 891 2018; x_wconf 76' lang='grc' dir='ltr'><em>υπερδεξίων</em></span> <span class='ocrx_word' id='word_1_258' title='bbox 917 1963 1066 2007; x_wconf 90' lang='grc' dir='ltr'><em>τόπων</em></span> <span class='ocrx_word' id='word_1_259' title='bbox 1094 1964 1328 2020; x_wconf 80' lang='grc' dir='ltr'><em>έπαγαγων</em></span> <span class='ocrx_word' id='word_1_260' title='bbox 1356 1969 1463 2017; x_wconf 80' lang='grc' dir='ltr'><em>τούς</em></span> <span class='ocrx_word' id='word_1_261' title='bbox 1491 1982 1536 2009; x_wconf 90' lang='grc' dir='ltr'><em>τε</em></span> <span class='ocrx_word' id='word_1_262' title='bbox 1564 1975 1620 2014; x_wconf 79' lang='lat'><em>45</em></span> 
     </span>
     <span class='ocr_line' id='line_1_33' title="bbox 152 2018 1533 2091; baseline 0.002 -29"><span class='ocrx_word' id='word_1_263' title='bbox 152 2018 390 2075; x_wconf 78' lang='grc' dir='ltr'><em>ἐλέφαντας</em></span> <span class='ocrx_word' id='word_1_264' title='bbox 436 2021 508 2063; x_wconf 88' lang='grc' dir='ltr'><em>καὶ</em></span> <span class='ocrx_word' id='word_1_265' title='bbox 554 2023 702 2063; x_wconf 84' lang='grc' dir='ltr'><em>πᾶσαν</em></span> <span class='ocrx_word' id='word_1_266' title='bbox 743 2037 825 2076; x_wconf 87' lang='grc' dir='ltr'><em>την</em></span> <span class='ocrx_word' id='word_1_267' title='bbox 870 2019 1060 2076; x_wconf 85' lang='grc' dir='ltr'><em>δύναμιν</em></span> <span class='ocrx_word' id='word_1_268' title='bbox 1094 2021 1390 2091; x_wconf 77' lang='grc' dir='ltr'><em>κατεπλήξατο</em></span> <span class='ocrx_word' id='word_1_269' title='bbox 1428 2025 1533 2074; x_wconf 73' lang='grc' dir='ltr'><em>τοὺς</em></span> 
     </span>
     <span class='ocr_line' id='line_1_34' title="bbox 152 2075 1616 2146; baseline 0.003 -28"><span class='ocrx_word' id='word_1_270' title='bbox 152 2078 386 2146; x_wconf 83' lang='grc' dir='ltr'><em>πολεμίους</em></span> <span class='ocrx_word' id='word_1_271' title='bbox 421 2075 535 2120; x_wconf 75' lang='grc' dir='ltr'><em>πολὺ</em></span> <span class='ocrx_word' id='word_1_272' title='bbox 575 2082 667 2128; x_wconf 88' lang='grc' dir='ltr'><em>τοῖς</em></span> <span class='ocrx_word' id='word_1_273' title='bbox 704 2080 890 2132; x_wconf 82' lang='grc' dir='ltr'><em>πλήθεσι</em></span> <span class='ocrx_word' id='word_1_274' title='bbox 930 2078 1226 2133; x_wconf 87' lang='grc' dir='ltr'><em>λειπομένους.</em></span> <span class='ocrx_word' id='word_1_275' title='bbox 1298 2081 1411 2134; x_wconf 80' lang='grc' dir='ltr'><em>ἡσαν</em></span> <span class='ocrx_word' id='word_1_276' title='bbox 1445 2097 1530 2135; x_wconf 87' lang='grc' dir='ltr'><em>γαρ</em></span> <span class='ocrx_word' id='word_1_277' title='bbox 1561 2089 1616 2129; x_wconf 77' lang='grc'>20</span> 
     </span>
     <span class='ocr_line' id='line_1_35' title="bbox 154 2131 1530 2205; baseline 0.003 -30"><span class='ocrx_word' id='word_1_278' title='bbox 154 2134 222 2175; x_wconf 80' lang='grc' dir='ltr'><em>οἱ</em></span> <span class='ocrx_word' id='word_1_279' title='bbox 238 2131 455 2205; x_wconf 69' lang='grc' dir='ltr'><em>σύμμαχοι</em></span> <span class='ocrx_word' id='word_1_280' title='bbox 496 2132 655 2185; x_wconf 86' lang='grc' dir='ltr'><em>πάντες</em></span> <span class='ocrx_word' id='word_1_281' title='bbox 693 2135 809 2187; x_wconf 82' lang='grc' dir='ltr'><em>πεζοὶ</em></span> <span class='ocrx_word' id='word_1_282' title='bbox 848 2135 928 2190; x_wconf 78' lang='grc' dir='ltr'><em>μὲν</em></span> <span class='ocrx_word' id='word_1_283' title='bbox 957 2134 1109 2190; x_wconf 84' lang='grc' dir='ltr'><em>μύριοι</em></span> <span class='ocrx_word' id='word_1_284' title='bbox 1137 2137 1211 2179; x_wconf 84' lang='grc' dir='ltr'><em>καὶ</em></span> <span class='ocrx_word' id='word_1_285' title='bbox 1245 2135 1530 2191; x_wconf 80' lang='grc' dir='ltr'><em>ἒξακιςχίλιοι,</em></span> 
     </span>
     <span class='ocr_line' id='line_1_36' title="bbox 154 2189 1531 2248; baseline 0.004 -17"><span class='ocrx_word' id='word_1_286' title='bbox 154 2190 294 2240; x_wconf 76' lang='grc' dir='ltr'><em>ἱππεῖς</em></span> <span class='ocrx_word' id='word_1_287' title='bbox 331 2189 372 2234; x_wconf 83' lang='grc' dir='ltr'><em>δ’</em></span> <span class='ocrx_word' id='word_1_288' title='bbox 403 2190 645 2241; x_wconf 81' lang='grc' dir='ltr'><em>ἐνακόσιοι,</em></span> <span class='ocrx_word' id='word_1_289' title='bbox 699 2207 742 2234; x_wconf 94' lang='grc' dir='ltr'><em>οι</em></span> <span class='ocrx_word' id='word_1_290' title='bbox 780 2190 823 2235; x_wconf 81' lang='grc' dir='ltr'><em>δ’</em></span> <span class='ocrx_word' id='word_1_291' title='bbox 852 2191 1101 2247; x_wconf 78' lang='grc' dir='ltr'><em>Ἀντιγόνου</em></span> <span class='ocrx_word' id='word_1_292' title='bbox 1139 2193 1270 2248; x_wconf 86' lang='grc' dir='ltr'><em>χωρὶς</em></span> <span class='ocrx_word' id='word_1_293' title='bbox 1306 2197 1396 2236; x_wconf 83' lang='grc' dir='ltr'><em>τῶν</em></span> <span class='ocrx_word' id='word_1_294' title='bbox 1437 2193 1531 2236; x_wconf 80' lang='grc' dir='ltr'><em>ε’λε-</em></span> 
     </span>
     <span class='ocr_line' id='line_1_37' title="bbox 153 2246 1528 2319; baseline 0.004 -31"><span class='ocrx_word' id='word_1_295' title='bbox 153 2246 334 2299; x_wconf 84' lang='grc' dir='ltr'><em>φάντων</em></span> <span class='ocrx_word' id='word_1_296' title='bbox 365 2248 484 2300; x_wconf 81' lang='grc' dir='ltr'><em>πεζοὶ</em></span> <span class='ocrx_word' id='word_1_297' title='bbox 521 2248 599 2318; x_wconf 78' lang='grc' dir='ltr'><em>μὲν</em></span> <span class='ocrx_word' id='word_1_298' title='bbox 626 2250 804 2298; x_wconf 89' lang='grc' dir='ltr'><em>πλείους</em></span> <span class='ocrx_word' id='word_1_299' title='bbox 833 2265 922 2291; x_wconf 88' lang='grc' dir='ltr'><em>των</em></span> <span class='ocrx_word' id='word_1_300' title='bbox 946 2252 1338 2319; x_wconf 84' lang='grc' dir='ltr'><em>τετρακιςμυρίων,</em></span> <span class='ocrx_word' id='word_1_301' title='bbox 1384 2251 1528 2301; x_wconf 80' lang='grc' dir='ltr'><em>ἱππεῖς</em></span> 
     </span>
     <span class='ocr_line' id='line_1_38' title="bbox 154 2301 1526 2375; baseline 0.004 -30"><span class='ocrx_word' id='word_1_302' title='bbox 154 2301 200 2344; x_wconf 80' lang='grc' dir='ltr'><em>δὲ</em></span> <span class='ocrx_word' id='word_1_303' title='bbox 235 2301 346 2371; x_wconf 80' lang='grc' dir='ltr'><em>ὑπερ</em></span> <span class='ocrx_word' id='word_1_304' title='bbox 383 2320 489 2355; x_wconf 89' lang='grc' dir='ltr'><em>τους</em></span> <span class='ocrx_word' id='word_1_305' title='bbox 527 2304 880 2375; x_wconf 80' lang='grc' dir='ltr'><em>έπτακιςχιλίους.</em></span> <span class='ocrx_word' id='word_1_306' title='bbox 941 2305 1028 2361; x_wconf 83' lang='grc' dir='ltr'><em>ἅμα</em></span> <span class='ocrx_word' id='word_1_307' title='bbox 1066 2306 1113 2349; x_wconf 90' lang='grc' dir='ltr'><em>δε</em></span> <span class='ocrx_word' id='word_1_308' title='bbox 1150 2310 1240 2349; x_wconf 77' lang='grc' dir='ltr'><em>τῶν</em></span> <span class='ocrx_word' id='word_1_309' title='bbox 1277 2305 1526 2362; x_wconf 75' lang='grc' dir='ltr'><em>ἐλεφάντων</em></span> 
     </span>
     <span class='ocr_line' id='line_1_39' title="bbox 151 2356 1612 2431; baseline 0.004 -31"><span class='ocrx_word' id='word_1_310' title='bbox 151 2356 362 2402; x_wconf 75' lang='grc' dir='ltr'><em>ἐπιόντων</em></span> <span class='ocrx_word' id='word_1_311' title='bbox 389 2361 500 2403; x_wconf 83' lang='grc' dir='ltr'><em>κατὰ</em></span> <span class='ocrx_word' id='word_1_312' title='bbox 530 2360 730 2431; x_wconf 89' lang='grc' dir='ltr'><em>μέτωπον</em></span> <span class='ocrx_word' id='word_1_313' title='bbox 758 2363 831 2405; x_wconf 90' lang='grc' dir='ltr'><em>καὶ</em></span> <span class='ocrx_word' id='word_1_314' title='bbox 867 2379 955 2405; x_wconf 90' lang='grc' dir='ltr'><em>των</em></span> <span class='ocrx_word' id='word_1_315' title='bbox 985 2363 1151 2405; x_wconf 78' lang='grc' dir='ltr'><em>ἱππέων</em></span> <span class='ocrx_word' id='word_1_316' title='bbox 1180 2360 1254 2406; x_wconf 75' lang='grc' dir='ltr'><em>διὰ</em></span> <span class='ocrx_word' id='word_1_317' title='bbox 1279 2363 1328 2406; x_wconf 90' lang='grc' dir='ltr'><em>τὸ</em></span> <span class='ocrx_word' id='word_1_318' title='bbox 1358 2368 1529 2419; x_wconf 80' lang='grc' dir='ltr'><em>πλῆθος</em></span> <span class='ocrx_word' id='word_1_319' title='bbox 1556 2374 1612 2416; x_wconf 81' lang='lat'><em>25</em></span> 
     </span>
     <span class='ocr_line' id='line_1_40' title="bbox 149 2417 1526 2475; baseline 0.005 -18"><span class='ocrx_word' id='word_1_320' title='bbox 149 2419 345 2471; x_wconf 85' lang='grc' dir='ltr'><em>πανταχῇ</em></span> <span class='ocrx_word' id='word_1_321' title='bbox 372 2417 707 2475; x_wconf 86' lang='grc' dir='ltr'><em>περιχεομένων,</em></span> <span class='ocrx_word' id='word_1_322' title='bbox 737 2418 799 2462; x_wconf 77' lang='grc' dir='ltr'><em>ἔτι</em></span> <span class='ocrx_word' id='word_1_323' title='bbox 828 2419 875 2463; x_wconf 77' lang='grc' dir='ltr'><em>δὲ</em></span> <span class='ocrx_word' id='word_1_324' title='bbox 903 2423 993 2463; x_wconf 75' lang='grc' dir='ltr'><em>τῶν</em></span> <span class='ocrx_word' id='word_1_325' title='bbox 1021 2423 1161 2473; x_wconf 78' lang='grc' dir='ltr'><em>πεζῶν</em></span> <span class='ocrx_word' id='word_1_326' title='bbox 1188 2422 1526 2465; x_wconf 90' lang='grc' dir='ltr'><em>πολλαπλασίων</em></span> 
     </span>
    </p>
   </div>
   <div class='ocr_carea' id='block_1_3' title="bbox 146 2560 1527 2843">
    <p class='ocr_par' dir='ltr' id='par_1_3' title="bbox 146 2560 1527 2843">
     <span class='ocr_line' id='line_1_41' title="bbox 148 2560 1525 2621; baseline 0.007 -27"><span class='ocrx_word' id='word_1_327' title='bbox 148 2560 226 2594; x_wconf 86' lang='grc'>100.</span> <span class='ocrx_word' id='word_1_328' title='bbox 272 2561 583 2607; x_wconf 84' lang='grc' dir='ltr'><em>προκατέχουσιν]</em></span> <span class='ocrx_word' id='word_1_329' title='bbox 617 2566 964 2621; x_wconf 76' lang='grc' dir='ltr'><em>προκαταλαβοῦσιν</em></span> <span class='ocrx_word' id='word_1_330' title='bbox 991 2565 1135 2611; x_wconf 77' lang='lat' dir='ltr'><strong>FQVW</strong></span> <span class='ocrx_word' id='word_1_331' title='bbox 1315 2566 1351 2603; x_wconf 83' lang='lat'><em>3.</em></span> <span class='ocrx_word' id='word_1_332' title='bbox 1398 2563 1525 2612; x_wconf 84' lang='grc' dir='ltr'><em>ἀμφο-</em></span> 
     </span>
     <span class='ocr_line' id='line_1_42' title="bbox 147 2607 781 2666; baseline 0.009 -25"><span class='ocrx_word' id='word_1_333' title='bbox 147 2607 268 2648; x_wconf 76' lang='grc' dir='ltr'><em>τέροις</em></span> <span class='ocrx_word' id='word_1_334' title='bbox 293 2608 379 2649; x_wconf 72' lang='lat' dir='ltr'><em>VW,</em></span> <span class='ocrx_word' id='word_1_335' title='bbox 404 2609 533 2642; x_wconf 82' lang='lat' dir='ltr'><strong>caeteri</strong></span> <span class='ocrx_word' id='word_1_336' title='bbox 558 2610 781 2666; x_wconf 82' lang='grc' dir='ltr'><em>ἀμφοτέρων</em></span> 
     </span>
     <span class='ocr_line' id='line_1_43' title="bbox 239 2652 1370 2711; baseline 0.004 -25.028"><span class='ocrx_word' id='word_1_337' title='bbox 239 2654 319 2687; x_wconf 76' lang='lat'>291.</span> <span class='ocrx_word' id='word_1_338' title='bbox 353 2656 388 2688; x_wconf 77' lang='lat' dir='ltr'><em>(i.</em></span> <span class='ocrx_word' id='word_1_339' title='bbox 434 2652 586 2711; x_wconf 80' lang='grc' dir='ltr'><em>ταύτην]</em></span> <span class='ocrx_word' id='word_1_340' title='bbox 606 2655 724 2703; x_wconf 81' lang='grc' dir='ltr'><em>ταύτῃ</em></span> <span class='ocrx_word' id='word_1_341' title='bbox 748 2659 778 2691; x_wconf 80' lang='lat' dir='ltr'>F</span> <span class='ocrx_word' id='word_1_342' title='bbox 961 2657 995 2692; x_wconf 89' lang='grc'><em>8.</em></span> <span class='ocrx_word' id='word_1_343' title='bbox 1040 2655 1164 2702; x_wconf 87' lang='grc' dir='ltr'><em>πολυ]</em></span> <span class='ocrx_word' id='word_1_344' title='bbox 1188 2656 1316 2692; x_wconf 75' lang='grc' dir='ltr'><em>πολλοὶ</em></span> <span class='ocrx_word' id='word_1_345' title='bbox 1339 2658 1370 2690; x_wconf 83' lang='lat' dir='ltr'><strong>F</strong></span> 
     </span>
     <span class='ocr_line' id='line_1_44' title="bbox 147 2699 1527 2757; baseline 0.003 -24"><span class='ocrx_word' id='word_1_346' title='bbox 147 2699 204 2732; x_wconf 84' lang='grc'><em>10.</em></span> <span class='ocrx_word' id='word_1_347' title='bbox 251 2701 596 2746; x_wconf 86' lang='grc' dir='ltr'><em>προςμαχομένους]</em></span> <span class='ocrx_word' id='word_1_348' title='bbox 622 2704 858 2747; x_wconf 83' lang='grc' dir='ltr'><em>μαχομένους</em></span> <span class='ocrx_word' id='word_1_349' title='bbox 879 2705 913 2738; x_wconf 83' lang='lat' dir='ltr'><strong>Y</strong></span> <span class='ocrx_word' id='word_1_350' title='bbox 934 2704 1018 2739; x_wconf 70' lang='lat' dir='ltr'><strong>Bas.</strong></span> <span class='ocrx_word' id='word_1_351' title='bbox 1036 2732 1044 2747; x_wconf 93' lang='lat'>‚</span> <span class='ocrx_word' id='word_1_352' title='bbox 1070 2705 1198 2739; x_wconf 77' lang='lat' dir='ltr'><strong>caeteri</strong></span> <span class='ocrx_word' id='word_1_353' title='bbox 1220 2702 1527 2757; x_wconf 84' lang='grc' dir='ltr'><em>προμαχομένους</em></span> 
     </span>
     <span class='ocr_line' id='line_1_45' title="bbox 330 2746 1525 2794; baseline 0.003 -14"><span class='ocrx_word' id='word_1_354' title='bbox 330 2748 388 2781; x_wconf 80' lang='lat'><em>12.</em></span> <span class='ocrx_word' id='word_1_355' title='bbox 434 2749 486 2792; x_wconf 81' lang='grc' dir='ltr'><em>τῷ</em></span> <span class='ocrx_word' id='word_1_356' title='bbox 519 2746 560 2783; x_wconf 77' lang='grc' dir='ltr'><em>δὲ</em></span> <span class='ocrx_word' id='word_1_357' title='bbox 591 2767 636 2773; x_wconf 83' lang='grc'><strong>-</strong></span> <span class='ocrx_word' id='word_1_358' title='bbox 660 2750 715 2783; x_wconf 75' lang='lat'><em>13.</em></span> <span class='ocrx_word' id='word_1_359' title='bbox 755 2755 854 2794; x_wconf 76' lang='grc' dir='ltr'><em>εἰχον</em></span> <span class='ocrx_word' id='word_1_360' title='bbox 887 2762 955 2783; x_wconf 90' lang='lat' dir='ltr'><em>om.</em></span> <span class='ocrx_word' id='word_1_361' title='bbox 989 2752 1018 2783; x_wconf 83' lang='lat' dir='ltr'>V</span> <span class='ocrx_word' id='word_1_362' title='bbox 1209 2751 1268 2786; x_wconf 82' lang='lat'><em>21.</em></span> <span class='ocrx_word' id='word_1_363' title='bbox 1315 2747 1525 2784; x_wconf 81' lang='grc' dir='ltr'><em>ἐννακόσιοι</em></span> 
     </span>
     <span class='ocr_line' id='line_1_46' title="bbox 146 2794 1524 2843; baseline 0.005 -20"><span class='ocrx_word' id='word_1_364' title='bbox 146 2802 264 2826; x_wconf 76' lang='lat' dir='ltr'><strong>omnes</strong></span> <span class='ocrx_word' id='word_1_365' title='bbox 449 2794 506 2829; x_wconf 82' lang='grc'><em>26.</em></span> <span class='ocrx_word' id='word_1_366' title='bbox 553 2795 821 2842; x_wconf 80' lang='grc' dir='ltr'><em>περιχεομένων</em></span> <span class='ocrx_word' id='word_1_367' title='bbox 844 2797 1040 2841; x_wconf 65' lang='lat' dir='ltr'><strong>wesseling</strong></span> <span class='ocrx_word' id='word_1_368' title='bbox 1038 2796 1114 2831; x_wconf 82' lang='lat' dir='ltr'>ius.</span> <span class='ocrx_word' id='word_1_369' title='bbox 1152 2796 1235 2830; x_wconf 79' lang='lat' dir='ltr'>libri</span> <span class='ocrx_word' id='word_1_370' title='bbox 1258 2795 1524 2843; x_wconf 81' lang='grc' dir='ltr'><em>περιεχομένων</em></span> 
     </span>
    </p>
   </div>
   <div class='ocr_carea' id='block_1_4' title="bbox 1136 2853 1245 2896">
    <p class='ocr_par' dir='ltr' id='par_1_4' title="bbox 1136 2853 1245 2896">
     <span class='ocr_line' id='line_1_47' title="bbox 1136 2853 1245 2896; baseline -0.009 0"><span class='ocrx_word' id='word_1_371' title='bbox 1136 2857 1193 2896; x_wconf 70' lang='lat'><em>83</em></span> <span class='ocrx_word' id='word_1_372' title='bbox 1222 2853 1245 2879; x_wconf 86' lang='grc'><em>*</em></span> 
     </span>
    </p>
   </div>
  </div>
 </body>
</html>
