1820 3249
354 135 465 176 1⁰66
713 133 829 177 LIB.
860 134 965 180 XVI.
1010 135 1152 178 CAP.
1181 139 1249 179 26.
1283 140 1338 179 2*

350 244 683 302 ἐνθουσιασμόν,
713 247 786 291 καὶ
813 246 989 291 πάντων
1009 246 1361 304 ἀφανιζομένων,
1390 246 1512 300 δόξαι
1530 253 1621 300 τοῖς
1638 255 1786 293 uec-102

349 306 544 347 τοικοῦσι
560 304 659 359 περὶ
678 303 756 347 τόν
776 302 928 356 τόπον,
951 306 1022 348 ἵνα
1041 306 1189 362 μηδεὶς
1211 305 1457 376 κινδυνεύῃ,
1487 309 1709 374 προφῆτίν

265 361 319 404 25
348 375 391 403 τε
422 361 528 414 μίαν
563 365 668 404 πᾶσι
700 365 961 418 καταστῆσαι
995 367 1183 430 γυναῖκα
1212 361 1284 405 καὶ
1314 361 1386 404 διὰ
1415 360 1572 417 ταύτης
1599 365 1709 417 γίνε-

345 420 448 460 σθαι
477 416 556 488 τὴν
582 420 925 489 χρησμολογίαν,
954 416 1095 488 ταύτῃ
1123 418 1168 462 δὲ
1196 422 1604 473 κατασκευασθῆναι
1633 435 1709 475 μη-

342 474 480 529 χανὴν
520 473 594 528 ἐφ’
630 474 683 530 ἡν
714 472 1041 544 ἀναβαίνουσαν
1071 474 1278 542 ἀσφαλῶς
1307 474 1605 528 ἐνθουσιάζειν
1633 476 1708 518 καὶ

341 529 633 585 μαντεύεσθαι
670 535 761 581 τοῖς
801 530 1097 601 βουλομένοις
1168 537 1279 575 εἰναι
1322 531 1367 575 δὲ
1396 532 1474 587 τὴν
1513 531 1708 587 μηχανήν

340 591 455 670 τρεῖς
495 586 681 656 ἔχουσαν
715 585 901 656 βασεις,
930 585 1011 642 αφ’
1052 592 1112 631 ὡν
1152 587 1289 644 αὐτην
1327 590 1513 642 τρίποδα
1550 592 1709 658 κληθη-

258 647 312 686 30
342 657 434 686 ναι
488 642 640 698 σχεδὸν
682 644 729 687 δὲ
764 642 926 694 παντός
966 647 1047 686 τοῦ
1087 643 1496 699 κατασκευάσματος
1545 643 1708 699 ἀπομι-

341 698 517 755 μήματα
561 702 758 754 γίνεσθαι
794 717 898 751 τους
937 700 998 743 ἔτι
1033 702 1106 744 καὶ
1140 706 1224 744 νῦν
1258 701 1709 771 κατασκευαζομένους

338 759 524 811 χαλκοῦς
554 759 778 811 τρίποδας.
838 755 891 800 6v
919 757 998 826 μὲν
1026 759 1110 800 οὐν
1137 757 1305 813 τρόπον
1335 757 1493 813 εὑρέθη
1521 758 1570 801 τὸ
1600 774 1708 813 μαν-

338 817 456 855 τεῖον
494 813 567 856 καὶ
597 812 659 856 δι’
689 813 740 864 ἃς
770 814 907 863 αἰτίας
937 812 961 856 ὁ
991 815 1169 867 τρίπους
1196 814 1519 884 κατεσκευασθη
1548 816 1709 866 ἱκανως

340 870 540 923 εἰρῆσθαι
561 872 732 938 νομίζω.
768 872 1029 925 θεσπιῳδεῖν
1058 871 1117 916 δὲ
1132 870 1180 914 τὸ
1210 869 1394 925 ἀρχαῖον
1414 871 1578 925 λέγεται
1599 879 1709 925 παρ-

254 922 309 965 35
338 927 501 976 θένους
538 924 611 969 διά
648 942 691 969 τε
728 926 778 969 τὸ
816 929 891 982 τῆς
930 925 1104 996 φύσεως
1139 926 1424 981 αδιαφθορον
1455 928 1528 970 καὶ
1555 927 1603 970 τό
1631 932 1708 983 τῆς

337 980 584 1052 Ἀρτέμιδος
605 981 828 1038 ὁμογενές·
859 983 1019 1034 ταύτας
1035 985 1119 1038 γάρ
1150 983 1345 1028 εὐθετεῖν
1366 984 1476 1038 πρὸς
1498 983 1546 1026 τὸ
1564 989 1708 1054 τηρεῖν

339 1054 392 1081 τα
415 1037 642 1095 οἷπόῤῥητα
662 1044 749 1082 τῶν
771 1040 1187 1109 χρησμῳδουμένων.
1219 1041 1266 1084 ἐν
1291 1041 1336 1084 δὲ
1364 1046 1457 1090 τοῖς
1485 1043 1709 1094 νεωτέροις

339 1096 515 1150 χρόνοις
552 1097 688 1152 φασὶν
713 1096 966 1152 Ἐχεκράτην
1001 1097 1078 1139 τὸν
1111 1101 1324 1142 Θετταλὸν
1351 1097 1709 1153 παραγενόμενον

257 1148 311 1192 40
342 1154 404 1203 εἰς
433 1152 482 1195 τὸ
511 1153 775 1209 χρηστήριον
810 1154 882 1196 καὶ
910 1153 1183 1223 θεασαμένου
1218 1157 1298 1210 την
1325 1158 1711 1226 χρησμολογοῦσαν

339 1210 565 1262 παρθένον
598 1210 839 1265 ἐρασθῆναι
869 1209 941 1253 διὰ
970 1211 1017 1253 τὸ
1046 1211 1203 1261 κάλλος
1233 1211 1367 1280 αὐτῆς
1395 1211 1469 1254 καὶ
1492 1210 1711 1280 συναρπά-

341 1278 476 1308 σαντα
507 1267 765 1321 βιάσασθαι·
805 1266 908 1317 τούς
937 1267 983 1309 δὲ
1010 1268 1216 1321 Δελφους
1246 1267 1318 1311 δια
1345 1266 1394 1310 τό
1423 1270 1710 1323 γεγενημένον

338 1321 483 1373 παθος
513 1325 573 1372 εἰς
602 1322 651 1366 τό
683 1323 838 1366 λοιπὸν
866 1328 1161 1378 νομοθετῆσαι
1190 1326 1337 1380 μηκέτι
1360 1324 1585 1378 παρθένον
1613 1341 1712 1380 χρη-

339 1379 595 1434 στηριάζειν,
627 1377 736 1423 ἄλλα
762 1384 950 1435 γυναῖκα
977 1382 1275 1451 πρεσβυτέραν
1309 1397 1575 1436 πεντηκοντα
1605 1382 1713 1424 έτων

255 1434 308 1477 4-5
338 1441 674 1492 χρησμολογεῖν·
722 1442 1008 1505 κοσμεῖσθαι
1022 1435 1062 1479 6'
1103 1435 1242 1493 αὐτην
1282 1441 1526 1508 παρθενικη
1566 1441 1714 1507 σκευῃ,

335 1493 535 1560 καθαπερ
572 1491 850 1548 ὑπομνηματι
887 1497 962 1548 τῆς
991 1497 1180 1544 παλαιᾶς
1209 1494 1491 1550 προφήτιδος.
1549 1511 1601 1537 τα
1632 1494 1713 1549 μὲν

338 1555 420 1592 οὐν
468 1549 569 1602 περι
608 1567 684 1605 της
724 1549 933 1615 ευρέσεως
973 1554 1054 1593 τοῦ
1099 1553 1303 1603 μαντείου
1345 1550 1712 1620 μυθολογούμενα

336 1604 509 1649 τοιαῦτ’
538 1606 674 1650 ἐστίν
722 1604 845 1663 ημεῐς
883 1605 926 1651 δ’
953 1606 1222 1663 ἐπαναξομεν
1252 1608 1320 1652 ἐπὶ
1347 1625 1425 1659 τας
1457 1608 1709 1664 Φιλομηλου

396 1679 421 1705 α
447 1679 481 1705 ει

248 1697 305 1736 27
332 1661 536 1770 προξῧτὲς
574 1736 655 1774 γαρ
697 1735 872 1773 κρατων
906 1723 987 1763 τοῦ
1016 1722 1224 1775 μαντείου
1253 1721 1504 1774 προςέταττε
1533 1724 1586 1778 τῇ
1617 1725 1709 1764 Πυ-

251 1753 304 1794 50
333 1777 414 1819 θία
444 1776 523 1832 τὴν
557 1778 763 1830 μαντείαν
794 1774 876 1819 απὸ
907 1793 986 1819 του
1018 1779 1226 1830 τρίποδος
1263 1783 1486 1821 ποιεισθαι
1515 1795 1624 1821 κατα
1653 1779 1708 1822 τὰ

333 1849 511 1886 πατρία.
570 1831 917 1904 ἀποκριναμένης
947 1831 989 1876 δ’
1019 1833 1152 1889 αὐτῆς
1179 1834 1247 1876 ὅτι
1276 1837 1411 1876 ταῦτα
1440 1835 1529 1878 ἐστι
1557 1852 1610 1878 τα
1627 1852 1707 1879 πα-

333 1907 446 1944 τρια,
479 1888 783 1944 διηπειλήσατο
815 1890 887 1932 καὶ
917 1890 1215 1945 συνηνάγκασε
1235 1889 1314 1946 τὴν
1337 1889 1553 1962 αναβασιν
1574 1898 1708 1936 ποιεῖ-

252 1948 304 1990 55
336 1953 441 1990 σθαι
472 1945 540 1989 ἐπι
567 1945 646 1988 τόν
676 1948 871 1999 τρίποδα
932 1947 1318 2003 αποφθεγξαμένης
1359 1946 1400 1990 δ’
1436 1947 1589 2017 αὐτῆς
1598 1951 1708 2004 πρὸς

333 2003 412 2073 τὴν
434 2000 655 2058 υπεροχὴν
674 2007 754 2046 τοῦ
781 2005 1041 2059 βιαζομένου
1071 2004 1138 2047 ὅτι
1168 2004 1325 2055 εξεστιν
1355 2002 1473 2060 αὐτῷ
1479 2005 1706 2074 πράττειν

335 2059 360 2103 6
390 2059 612 2115 βούλεται,
653 2059 851 2127 ασμένως
888 2060 936 2103 τὸ
975 2060 1110 2130 ῥηθὲν
1139 2061 1308 2111 ἐδέξατο
1338 2062 1411 2104 καὶ
1439 2060 1518 2132 τον
1545 2065 1709 2132 προςή-
1738 2082 1743 2085 ’

334 2133 471 2160 κοντα
503 2115 697 2171 χρησμὸν
726 2117 836 2172 ἔχειν
865 2115 1129 2173 ἀπεφήνατο.
1170 2116 1307 2168 εὐθὺς
1336 2119 1382 2160 δὲ
1411 2119 1484 2161 καὶ
1511 2119 1590 2162 τόν
1609 2137 1708 2176 χρη-

252 2182 305 2222 60
337 2173 449 2228 σμόν
479 2173 700 2228 ἔγγραφον
729 2173 914 2228 ποιήσας
935 2191 1007 2217 και
1030 2175 1208 2227 προθεὶς
1232 2176 1291 2225 εἷς
1319 2174 1568 2229 τούμφανές
1598 2177 1707 2219 ἅπα-

336 2242 406 2273 σιν
435 2231 610 2300 ἐποίησε
640 2231 836 2284 φανερόν
867 2230 933 2274 ὅτι
962 2229 985 2274 6
1001 2231 1118 2282 θεὸς
1149 2230 1266 2287 αὐτῷ
1297 2233 1475 2274 δίδωσιν
1506 2233 1707 2284 ἐξουσίαν

332 2303 535 2343 πραττειν
585 2286 633 2339 ὅ,
649 2303 689 2330 τι
717 2286 930 2345 βούλεται.
989 2288 1249 2344 συναγαγών
1292 2286 1332 2331 6'
1373 2287 1604 2345 ἐκκλησίαν
1632 2291 1707 2334 καὶ

424 2456 591 2490 19235,
641 2455 851 2503 (ἔδιαφορον
876 2459 958 2491 Bas.
1143 2457 1198 2490 37.
1238 2454 1592 2500 χρησμῳδουμὲνων]
1619 2470 1705 2502 χρη-

334 2503 640 2546 σμοδοτονμέτων
678 2506 738 2538 Fi„
928 2503 985 2537 38.
1029 2499 1265 2558 Ἐχεκρατην]
1307 2502 1503 2547 Εχεκροὶτη
1530 2504 1562 2536 T
1587 2503 1703 2538 schol.

333 2549 507 2593 Arist01=.h
669 2550 725 2584 46.
758 2547 1006 2594 υπομνήμανι]
1033 2546 1237 2593 υπόμνημιὲ
1260 2562 1295 2582 τι
1319 2549 1436 2583 Schol.
1461 2550 1634 2593 Aristoph.

426 2593 661 2639 προφήτιδος
684 2597 741 2629 Ff
766 2598 883 2631 Schol.
910 2596 986 2628 Aris
990 2596 1101 2639 toph,
1137 2595 1264 2629 caeteri
1298 2598 1528 2639 προφητείας

333 2639 390 2675 51.
414 2641 481 2684 τήν
504 2643 692 2685 μαντείαν]
717 2639 782 2682 τοὶς
807 2642 980 2688 μαντείας
1004 2642 1034 2683 Q
1185 2640 1240 2674 52.
1266 2641 1372 2697 κατὰ]
1400 2642 1459 2677 καὶ
1484 2643 1565 2676 Bas.

333 2686 390 2721 53.
421 2687 561 2731 ταῦτα]
587 2687 741 2724 τοιαῦτα
765 2690 794 2724 F
977 2685 1035 2719 58.
1071 2684 1109 2721 δε
1133 2685 1215 2729 καὶ]
1242 2685 1280 2720 δε
1308 2688 1336 2720 F
1520 2687 1576 2720 59.
1612 2699 1702 2729 προ-

333 2733 438 2779 θεὶς]
465 2734 640 2788 προςθεὶς
660 2735 686 2767 Ιι
867 2730 1101 2775 τονιιφανες]
1127 2732 1167 2766 τὸ
1194 2731 1382 2775 συμφανὲς
1404 2733 1437 2766 Τ
1460 2734 1543 2768 Bas.
1569 2736 1604 2768 et
1626 2745 1702 2768 cor-

332 2784 445 2815 rectus
468 2780 504 2815 in
527 2780 685 2825 margine
708 2781 738 2815 F
922 2778 977 2814 60.
1004 2781 1104 2826 αυτῷ
1129 2779 1305 2823 δίδωσιν]
1328 2779 1468 2814 invertit
1491 2780 1520 2814 F
