1820 3249
6 1227 68 1263 117

491 140 1033 184 1.113.XV1.cAP.45.
1168 130 1170 132 ’
1336 144 1446 185 1083

78 254 353 324 ἐπηρώτησεν
400 254 438 298 εἰ
486 251 664 297 δύναιτο
704 251 785 324 τήν
823 250 952 295 πόλιν
995 249 1115 320 αὐτῷ
1154 254 1441 305 παραδοῦναι.

79 313 253 369 σφόδρα
280 312 363 382 γὰρ
393 310 570 354 ἔσπευδε
599 309 665 376 μή
681 308 743 352 δι’
764 308 995 364 ὁμολογίας
1013 307 1092 365 τὴν
1112 310 1288 352 Σιδῶνα
1306 326 1444 375 παρα-

79 372 250 424 λαβεῖν,
303 367 420 417 ὅπως
449 364 759 421 ἀπαραιτήτοις
789 369 1037 421 συμφοραῖς
1064 364 1313 420 περιβαλών
1340 367 1445 415 τοὺς
1474 370 1528 412 35

78 426 325 474 Σιδωνίους
353 426 413 480 τῇ
448 422 618 466 τούτων
646 423 830 478 τιμωρίᾳ
865 419 1181 476 καταπλήξηται
1208 421 1285 472 τὰς
1314 419 1447 472 ἄλλας

78 482 234 532 πόλεις
300 483 380 523 τοῦ
417 479 464 522 δὲ
504 479 668 522 Τέννου
709 479 1144 548 διαβεβαιωσαμέιου
1173 477 1448 531 παραδώσειν

77 538 157 594 τὴν
184 535 331 588 πόλιν,
363 535 387 579 ὁ
418 534 639 591 βασιλεύς,
672 535 904 590 φυλάττων
932 534 1010 590 τὴν
1046 533 1178 590 ὀργὴν
1208 533 1448 589 ἀπαραίτη-

79 609 181 646 τον,
231 592 424 644 ἅπαντας
454 592 558 642 τούς
585 593 896 642 πεντακοσίους
928 592 1102 647 ἔχοντας
1131 591 1206 641 τὰς
1237 593 1450 645 ἱκετηρίας

76 647 396 705 κατηκόντισεν.
463 646 550 692 εἶθ’
593 647 616 692 6
661 648 708 703 μὲ
693 665 738 691 εν
786 649 946 702 Τέννης
985 648 1236 702 προςελθων
1274 652 1365 697 τοῖς
1407 648 1448 697 ἐξ
1477 650 1532 693 40

78 706 304 762 Αἰγύπτου
333 704 630 776 μισθοφόροις
660 706 824 749 ἔπεισεν
855 703 1015 756 αὐτούς
1046 704 1167 755 ἐντός
1187 708 1276 747 τῶν
1295 707 1448 758 τειχῶν

78 765 316 832 είςαγαγεῖν
346 761 483 805 αὐτόν
511 778 554 805 τε
584 763 656 804 καὶ
684 761 762 804 τόν
794 762 985 817 βασιλέα.
1041 779 1096 817 η
1091 777 1166 804 ιιεν
1195 763 1277 804 οὐν
1296 759 1448 803 Σιδών

78 818 150 863 δια
179 819 379 874 τοιαύτης
407 821 645 873 προδοσίας
672 818 920 873 ὑποχείριος
944 818 1108 873 ἐγένετο
1128 823 1221 869 τοῖς
1245 817 1446 871 Πέρσαις.

78 875 102 919 6
141 876 188 919 δὲ
223 874 426 945 βασιλεὺς
461 874 700 930 ’ὑπολαβων
736 877 814 918 τὸν
847 876 1014 930 Τέννην
1031 874 1196 943 μηκέτι
1237 873 1448 930 χρήσιμον
1476 876 1531 919 45

78 931 302 988 ὑπάρχειν,
334 929 513 975 ἀνεῖλεν.
572 934 615 975 οἱ
643 932 689 975 δὲ
718 931 931 976 Σιδώνιοι
960 929 1046 985 πρὸ
1075 931 1153 1000 μὲν
1180 935 1256 987 τῆς
1283 946 1449 984 παρου-

80 991 177 1040 σίας
214 993 296 1032 τοῦ
335 989 544 1044 βασιλέως
584 989 822 1057 ἐνέπρησαν
852 987 1019 1039 ἁπάσας
1047 989 1123 1038 τὰς
1151 992 1284 1040 ναῦς,
1331 985 1448 1037 ὅπως

78 1045 240 1118 μηδεὶς
275 1045 459 1102 δυ’νηται
497 1049 585 1088 τῶν
622 1062 731 1089 κατα
770 1045 849 1114 τήν
895 1045 1023 1088 πόλιν
1057 1044 1295 1095 ἐκπλεύσας
1332 1045 1448 1087 ἰδίαν

80 1102 296 1172 σωτηρίαν
333 1104 608 1157 πορίζεσθαι·
657 1101 802 1157 ἐπειδὴ
839 1102 885 1144 δὲ
922 1104 1003 1157 τήν
1038 1100 1168 1144 πόλιν
1196 1100 1346 1154 ἑώρων
1373 1116 1448 1143 και

79 1158 132 1203 τὰ
159 1160 273 1227 τείχη
306 1158 620 1214 κατειλημμένα
647 1158 722 1202 καὶ
749 1162 930 1209 πολλαῖς
959 1157 1140 1214 μυριάσι
1173 1160 1447 1210 στρατιωτῶν
1478 1162 1532 1206 50

80 1214 386 1271 περιεχόμενα,
431 1217 770 1286 συγκλείσαντες
794 1215 978 1266 ἑαυτοὺς
1015 1215 1089 1259 καὶ
1128 1215 1180 1257 τὰ
1209 1215 1338 1257 τέκνα
1374 1213 1450 1256 καὶ

80 1278 305 1341 γυναῖκας
327 1274 386 1323 εἰς
419 1272 498 1323 τοὶς
537 1274 675 1323 οἰκίας
704 1271 960 1326 ἐνέπρησαν.
1018 1271 1125 1326 φασὶ
1155 1271 1202 1314 δε
1228 1269 1331 1321 τούς
1359 1267 1446 1312 ὑπὸ

80 1332 161 1372 τοῦ
190 1327 332 1383 πυρός
365 1327 461 1372 τότε
496 1329 820 1384 διαφθαρέντας
861 1327 944 1372 σύν
980 1333 1071 1379 τοῖς
1102 1329 1327 1378 οἰκετικοῖς
1357 1324 1454 1370 σιό-

81 1396 187 1440 μασι
213 1385 439 1440 γεγονέναι
467 1387 641 1436 πλείους
669 1389 756 1428 τῶν
783 1386 1159 1441 τετρακιςμυρίων.
1217 1383 1379 1427 τούτου
1405 1381 1450 1426 δὲ
1479 1387 1533 1431 55

81 1445 163 1485 τοῦ
190 1441 365 1492 παθους
392 1442 490 1496 περὶ
508 1441 611 1492 τούς
629 1443 878 1493 Σιδωνίους
896 1442 1148 1512 γενομένου,
1179 1441 1253 1485 καὶ
1275 1444 1351 1494 τῆς
1376 1439 1453 1483 πό-

81 1502 187 1549 λεως
215 1496 318 1554 ὅλης
345 1498 451 1566 μετὰ
478 1502 563 1541 τῶν
583 1497 874 1542 ἐνοικούντων
902 1497 988 1542 ὑπὸ
1018 1503 1099 1542 τοῦ
1127 1497 1266 1552 πυρός
1296 1496 1454 1552 ἀφανι-

82 1557 279 1622 σθείσης,
319 1553 400 1623 τήν
428 1554 650 1609 πυρκαϊὰν
679 1553 702 1598 ὁ
734 1553 933 1611 βασιλεύς
962 1553 1147 1598 ἀπέδοτο
1180 1557 1356 1597 πολλῶν
1383 1569 1455 1595 τα-

81 1610 263 1654 λάντων.
320 1610 393 1654 δια
428 1611 511 1666 γὰρ
540 1612 620 1667 τήν
648 1610 934 1681 εὐδαιμονίαν
959 1615 1047 1654 τῶν
1068 1608 1360 1681 ένῳκηκότων
1388 1607 1456 1652 εὖ-

61 1668 193 1724 .ρε’θη
231 1667 370 1719 πολύς
405 1667 599 1738 ἄργυρός
628 1684 674 1711 τε
703 1669 777 1711 καὶ
804 1667 964 1724 χρυσὸς
994 1666 1082 1711 ὑπὸ
1111 1671 1192 1711 τοῦ
1220 1665 1359 1721 πυρὸς
1387 1681 1453 1709 κε-
1481 1673 1536 1714 60

82 1724 364 1794 χωνευμένος.
420 1741 473 1767 τα
502 1724 581 1780 μὲν
606 1721 688 1768 οὖν
715 1741 827 1768 κατα
853 1727 1033 1768 Σιδῶνα
1045 1723 1289 1794 συμβάντα
1303 1725 1454 1772 δυςτυ·

83 1780 249 1836 χήματα
287 1780 496 1838 τοιαύτην
532 1781 622 1837 ἔσχε
659 1781 738 1837 τὴν
774 1780 1094 1851 καταστροφήν.
1166 1782 1212 1823 αἱ
1249 1777 1289 1823 δ’
1330 1778 1455 1822 ἄλλαι

84 1838 229 1889 πόλεις
255 1842 593 1907 καταπλαγεῖσαι
609 1837 941 1910 προςεχώρησαν
960 1843 1052 1889 τοῖς
1072 1837 1271 1907 Πέρσαις.
1314 1835 1453 1891 βραχύ

85 1893 132 1937 δὲ
166 1894 254 1948 πρὸ
291 1892 463 1938 τούτων
502 1899 587 1937 τῶν
623 1895 794 1950 χρόνων
828 1893 1074 1963 Ἀρτεμισία
1108 1911 1191 1963 μεν
1223 1892 1250 1950 ἡ
1286 1895 1456 1947 Καρίας

85 1950 413 1995 δυναστεύουσα
441 1951 698 2022 μετηλλαξεν
726 1951 890 2005 ἄρξασα
921 1952 990 2008 ἔτη
1020 1950 1115 1999 δύο,
1144 1968 1195 2007 τη
1198 1967 1225 1994 ν
1253 1950 1299 1994 δὲ
1327 1952 1456 1993 δυνα-
1484 1956 1538 1997 65

86 2009 229 2051 στείαν
250 2006 430 2063 Ἱδριεὺς
458 2006 482 2052 ὁ
513 2007 701 2079 αδελφὸς
731 2009 957 2061 διεδέξατο,
987 2009 1061 2052 καὶ
1087 1969 1250 2065 ηρξεν’
1237 2007 1307 2064 ε’τη
1337 2004 1454 2050 ἑπτά.

84 2063 194 2107 κατὰ
231 2064 277 2108 δὲ
304 2064 384 2120 τὴν
417 2064 600 2108 Ἰταλίαν
632 2063 837 2121 Ρωμαῖοι
864 2067 975 2118 πρὸς
1000 2066 1080 2121 μὲν
1109 2065 1456 2118 Πραινεστίνους

86 2119 261 2176 οἷνοχάς,
318 2121 431 2190 πρὸς
455 2121 501 2165 δὲ
523 2124 746 2177 Σαμνίτας
775 2122 999 2178 συνθήκας
1027 2121 1312 2191 ἐποιήσαντο·
1347 2124 1454 2172 Ταρ-

85 2180 266 2228 κυνίους
312 2178 358 2222 δὲ
402 2176 565 2232 ἄνδρας
611 2181 864 2230 διακοσίους
908 2179 983 2222 καὶ
1021 2178 1228 2248 ἑξήκοντα
1266 2178 1455 2234 δημοσίᾳ
1483 2185 1538 2223 70

86 2233 370 2279 ἐθανάτωσαν
407 2234 455 2279 ἐν
487 2239 540 2294 τῇ
570 2232 721 2292 αγορᾷ.
777 2252 887 2280 κατα
928 2237 973 2280 δὲ
1010 2235 1091 2293 τὴν
1129 2236 1338 2279 Σικελίαν
1377 2236 1457 2277 Λε-

87 2400 145 2435 32.
191 2399 365 2449 δύναιτο]
391 2402 549 2440 δύναται
572 2404 605 2447 Q
787 2404 845 2439 41.
889 2404 1038 2450 τειχῶν]
1064 2404 1212 2450 τειχέων
1234 2405 1266 2439 F
1289 2404 1372 2438 Bas.

178 2447 234 2482 48.
280 2449 402 2495 ἰδίαν]
440 2451 518 2486 ἰδία
550 2450 800 2496 Wessehngins
1002 2450 1059 2485 51.
1095 2464 1122 2486 s.
1177 2451 1242 2487 καὶ.
1273 2465 1319 2486 τα
1349 2447 1458 2485 τέκνα

88 2492 150 2529 καὶ
172 2497 367 2541 γυναῖκας]
393 2496 455 2532 καὶ
477 2500 653 2541 γυναῖκας
679 2499 741 2532 καὶ
763 2497 873 2533 τέκνα
896 2497 957 2531 FL

181 2551 260 2585 117.
283 2553 340 2587 52.
388 2555 530 2600 οἰκίας]
556 2555 692 2595 οἰκείας
712 2555 793 2588 Bas.
974 2553 1031 2589 59.
1073 2551 1336 2610 ἐνῳκηκότων]
1364 2551 1457 2587 ένοι

89 2595 256 2632 κούντων
277 2599 339 2633 FL
528 2601 585 2635 66.
632 2598 704 2636 ’ὑπὸ
727 2601 796 2636 τοῦ
819 2599 935 2642 πνρὸς
956 2599 1250 2645 κεχωνευμένος]
1284 2612 1458 2645 κεχωνευ

90 2641 200 2686 μένος
229 2640 304 2679 ’ὑπὸ
333 2647 401 2680 τοΰ
432 2645 550 2690 πυρός
578 2648 661 2682 Bas.
856 2648 913 2683 (54.
960 2646 1000 2682 δὲ
1036 2658 1105 2681 om.
1137 2648 1219 2681 Bas.
1400 2645 1458 2680 68.

93 2691 402 2736 Πραινεστίνους]
436 2694 697 2737 Πρενεστίνονς
720 2693 784 2728 FT
808 2693 889 2730 Bae.
1075 2692 1287 2738 Σαμνίτας]
1337 2692 1460 2728 σαυνί

91 2748 155 2775 τας
178 2737 209 2769 F
403 2737 461 2773 69.
512 2741 744 2785 Ταρκυνίους
773 2739 860 2781 LT,
908 2740 1120 2786 Ταρηνίους
1145 2740 1172 2774 Υ
1198 2739 1298 2781 Bas„
1335 2736 1462 2774 caeteri

96 2782 350 2825 Tapnovm'ovs
