1820 3249
321 114 433 155 1196
679 107 805 151 LIB.
836 108 974 151 XVH.
1038 109 1169 151 CAP.
1199 112 1266 152 (32.
1294 112 1362 151 63.

320 221 531 278 πόλεμον,
578 220 853 276 παρεκάλουν
889 221 991 272 τοὺς
1018 220 1229 291 Ἐλληνας
1259 221 1569 275 συμφρονῆσαι
1597 220 1695 289 περὶ

320 285 394 335 τῆς
422 280 684 332 ἐλευθερίας.
740 277 976 350 Ἀθηναῖοι
992 279 1069 333 μέν
1106 295 1209 328 ουν,
1249 278 1369 347 παρὰ
1397 277 1562 326 πάντας
1590 276 1694 327 τούς

239 350 292 388 90
321 336 483 385 ἄλλους
500 336 710 390 ““Ἐλληνας
731 333 804 378 ὑπ
831 333 1123 406 Ἀλεξάνδρου
1135 335 1472 389 προτιμώμενοι,
1490 350 1570 388 την
1591 331 1693 387 ἡσυ-

319 396 418 449 χίαν
446 391 574 449 ἦγον·
610 394 976 462 Πελοποννησίων
1007 391 1046 434 6'
1081 394 1123 434 οἱ
1154 393 1327 440 πλείους
1356 390 1427 433 καὶ
1449 393 1535 432 τῶν
1555 389 1697 432 άλλων

320 451 433 500 τινες
473 447 858 519 συμφρονησαντες
900 447 1206 502 ἀπεγράψαντο
1245 448 1354 501 πρὸς
1385 446 1463 489 τόν
1491 445 1696 499 πόλεμον,

320 508 394 550 καὶ
424 507 533 549 κατὰ
562 504 749 560 δύναμιν
778 509 866 547 τῶν
894 505 1062 547 πόλεων
1092 504 1445 571 καταγράφοντες
1477 506 1565 545 τῶν
1586 503 1698 545 νέων

321 562 425 613 τούς
468 562 674 615 ἀρίστους
715 562 942 612 κατέλεξαν
982 560 1244 614 στρατιώτας
1294 559 1449 612 πεζους
1488 560 1567 614 μὲν
1615 557 1699 601 οὐκ

239 629 292 670 95
324 620 524 670 ἐλάττους
555 623 644 662 τῶν
675 619 930 673 διςμυρίων,
963 618 1102 666 ιππεῖς
1139 617 1183 659 δὲ
1212 617 1310 668 περὶ
1340 618 1581 684 διςχιλίους-
1619 614 1699 669 τὴν

324 675 369 720 δ’
387 674 644 745 ηγεμονίαν
683 676 848 730 ἔχοντες
877 673 1219 727 Λακεδαιμόνιοι
1248 674 1459 728 πανδημεὶ
1485 672 1594 725 πρὸς
1621 672 1700 714 τὸν

323 749 432 787 υπερ
461 749 551 774 των
581 732 697 775 ὅλων
726 733 935 774 κίνδυνον
958 729 1177 785 ὥρμησαν,
1199 728 1374 783 ’Ἀγιδος
1391 732 1470 772 τοῦ
1493 728 1701 784 βασιλέως

239 800 295 838 63
326 806 404 844 την
445 788 623 831 πάντων
661 789 834 842 ἔχοντος
874 786 1121 841 ἡγεμονίαι).
1180 785 1457 837 Ἀντίπατρος
1486 785 1532 828 δὲ
1562 785 1702 828 πυθό-

217 860 295 897 100
324 862 453 913 μενος
495 843 574 899 τὴν
612 861 700 886 των
736 842 951 914 Ελλήνων
999 842 1278 912 συνδρομτχν,
1329 859 1407 884 τον
1449 842 1527 896 μὲν
1565 842 1611 884 ἐν
1647 858 1699 896 τῃ

329 901 478 960 Θράκη
516 901 707 955 πόλεμον
750 899 808 948 ὤς
848 898 947 942 ποτ’
977 906 1044 968 ην
1083 898 1275 942 δυνατοτ
1305 898 1520 949 διέλυσεν,
1567 900 1626 948 εἰς
1657 898 1702 940 δὲ

324 959 403 1014 τὴν
424 956 763 1012 Πελοπόννησον
779 958 854 1010 ἡκε
883 972 987 1010 μετα
1019 956 1159 1010 πάσης
1183 960 1258 1024 τῆς
1288 954 1524 1024 δυνάμεως.
1571 969 1699 1007 προς-

324 1014 563 1069 λαβόμενος
582 1014 627 1057 δε
645 1014 718 1057 καὶ
736 1013 856 1083 παρά
875 1018 961 1055 τῶν
981 1011 1326 1083 συμμαχούντων
1339 1009 1555 1066 Ελλήνων
1574 1024 1701 1065 στρα-

323 1071 480 1122 τιώτας
518 1071 699 1126 ἤθροισε
738 1069 840 1120 τούς
870 1069 1063 1120 ἅπαντας
1095 1068 1178 1112 οὐκ
1209 1067 1411 1118 ἐλάττους
1441 1085 1529 1110 των
1558 1084 1702 1122 τετρα-

271 1138 296 1180 5
319 1129 579 1187 κιςμυρίων.
637 1127 871 1182 γενομένης
913 1126 957 1169 δὲ
997 1124 1276 1180 παρατάξεως
1312 1123 1497 1194 μεγάλης
1549 1124 1572 1167 ὁ
1624 1140 1702 1179 μεν

319 1180 437 1239 ςΑγις
470 1184 711 1254 μαχόμενος
741 1183 900 1233 ε’πεσεν,
933 1184 974 1226 οἱ
1006 1183 1050 1225 δὲ
1085 1180 1424 1237 Λακεδαιμόνιοι
1454 1181 1596 1224 πολὺν
1624 1181 1703 1236 μὲν

327 1241 531 1296 ἐκθύμως
551 1240 711 1296 χρόνον
735 1238 997 1294 αγωνιζομετ
1001 1256 1043 1281 οι
1061 1238 1392 1310 διεκαρτέρουν
1421 1243 1510 1281 τῶν
1530 1238 1575 1281 δε
1597 1249 1702 1292 συμ-

328 1299 481 1353 μάχων
524 1297 815 1368 βιασθέντων,
861 1296 933 1339 καὶ
972 1294 1097 1338 αὐτοὶ
1127 1297 1205 1351 τὴν
1234 1293 1509 1350 αναχώρησιν
1539 1296 1598 1345 εἰς
1623 1310 1705 1361 την

328 1354 539 1410 Σπάρτην
576 1353 847 1409 έποιησαντο.
909 1351 1188 1420 ἀνῃρέθησαν
1222 1351 1265 1394 δ’
1305 1354 1351 1394 έν
1390 1368 1441 1407 τῃ
1473 1351 1586 1418 μάχη
1616 1355 1704 1393 τῶν

247 1422 298 1460 10
328 1412 407 1467 μέν
437 1412 796 1465 Λακεδαιμονίων
823 1410 895 1452 καὶ
924 1413 1013 1451 τῶν
1043 1407 1278 1477 συμμάχων
1306 1410 1480 1458 πλείους
1500 1412 1588 1450 τῶν
1609 1423 1703 1450 πεν-
1693 1411 1780 1445 -209

328 1470 597 1523 τακιςχιλίων
635 1468 707 1510 καὶ
747 1467 1030 1520 τριακοσίων,
1090 1470 1179 1507 τῶν
1222 1464 1268 1508 δε
1298 1463 1395 1520 μετ’
1423 1462 1703 1518 Ἀντιπάτρου

327 1529 547 1580 τριςχίλιοι
576 1525 647 1566 καὶ
679 1521 967 1566 πεντακοσιοι.
1026 1523 1144 1564 ἴδιον
1174 1520 1219 1564 δέ
1248 1539 1289 1564 τι
1319 1522 1477 1576 συνέβη
1507 1522 1580 1563 καὶ
1605 1522 1704 1590 περὶ

328 1581 408 1637 τὴν
446 1585 526 1624 τοῦ
556 1579 728 1635 ’Ἀγιδος
762 1579 965 1634 τελευτην
993 1578 1208 1633 γενέσθαι.
1269 1577 1592 1632 άγωνισάμενος
1620 1576 1703 1631 γὰρ

247 1640 298 1683 15
329 1643 538 1707 λαμπρῶς
577 1639 650 1680 καὶ
688 1641 864 1686 πολλοῖς
905 1635 1151 1689 τραύμασιν
1194 1635 1408 1684 ἐναντίοις
1446 1633 1702 1686 περιπεσών,

328 1693 415 1738 ὑπὸ
444 1699 533 1737 τῶν
563 1697 834 1748 στρατιωτῶν
863 1695 921 1742 εἰς
948 1709 1029 1747 την
1060 1690 1275 1761 Σπάρτην
1298 1689 1591 1745 ἀπεκομίσθη
1632 1707 1703 1732 πε-

333 1751 652 1804 ρικατάληπτος
684 1751 729 1793 δε
756 1767 829 1805 γεν
834 1749 985 1803 όμενος
1004 1749 1077 1791 καὶ
1095 1748 1146 1791 τὰ
1170 1745 1275 1791 καθ’
1302 1747 1457 1790 ἑαυτὸν
1473 1745 1707 1801 α’πογνούς,

330 1813 425 1858 τοῖς
473 1824 551 1863 μεν
601 1805 748 1856 ἄλλοις
790 1805 1070 1858 στρατιώταις
1112 1805 1368 1858 προςέταξεν
1409 1803 1582 1847 ἀπιέναι
1629 1819 1707 1859 την

331 1866 576 1920 ταχίστην,
606 1880 680 1907 και
720 1862 947 1915 διασώζειν
985 1861 1144 1911 αὐτοὺς
1184 1864 1243 1912 είς
1278 1879 1375 1931 την
1396 1866 1471 1916 τῆς
1500 1861 1707 1914 πατρίδος

248 1928 302 1965 20
331 1923 500 1992 χρείαν,
546 1919 676 1971 αὐτὸς
707 1920 752 1962 δε
781 1937 819 1962 κ
812 1919 1094 1968 ιθοπλισθεὶς
1124 1918 1196 1960 καὶ
1227 1920 1287 1968 εἰς
1322 1916 1432 1972 γόνυ
1473 1916 1706 1988 διαναστὰς

330 1976 525 2033 ἠμύνατο
552 1993 656 2028 τους
685 1978 935 2030 πολεμίους,
968 1977 1041 2019 καί
1067 1992 1188 2025 τινας
1216 1974 1473 2029 καταβαλών
1502 1974 1575 2017 καὶ
1607 1986 1707 2016 6612-

332 2036 617 2084 ακοντισθείς,
648 2034 903 2086 κατέστρεψε
923 2032 1001 2074 τὸν
1019 2033 1132 2087 βίον,
1161 2030 1327 2084 α’ρξας’
1315 2033 1384 2086 ε’τη
1406 2029 1543 2074 ἐννέα.
1582 2029 1707 2101 ἡμεῖς

330 2091 377 2135 δὲ
418 2089 716 2160 διεληλυθότες
753 2107 804 2132 τα
844 2088 1096 2144 πραχθέντα
1136 2088 1247 2130 κατὰ
1283 2089 1362 2143 τὴν
1399 2086 1622 2157 Εὐρώπην
1662 2086 1708 2129 ἐν

328 2147 451 2205 μέρει
481 2149 532 2191 τά
564 2164 673 2194 κατα
702 2145 781 2203 τὴν
809 2145 954 2191 Ἀσίαν
985 2144 1322 2190 συντελεσθέντα
1351 2143 1549 2201 διέξιμεν
1715 2153 1719 2155 ’

329 2293 387 2328 89.
435 2291 567 2335 ἄλλους
587 2293 675 2330 “Em
680 2294 798 2349 ηνας]
815 2291 994 2338 ’Ἕλληνας
1017 2292 1076 2326 ῈῚι
1258 2290 1293 2325 1.
1340 2290 1525 2337 διέλυσεν]
1558 2289 1707 2327 κατέλυ-

330 2352 392 2376 σεν
415 2341 511 2374 FTY
680 2307 730 2376 rIll.
781 2337 969 2397 ἅπαντας]
994 2338 1138 2377 πάντας
1164 2337 1247 2370 Bas.

420 2386 590 2421 209.16.
639 2383 896 2443 ἀπεκομίσθη]
921 2384 1112 2427 ἀπεκόμιζε
1135 2384 1179 2424 Τ,
1204 2380 1454 2430 οἷντεκομίσθη
1478 2385 1560 2418 Bas.

329 2432 386 2467 19.
435 2430 592 2477 αντονς]
618 2431 755 2475 αυτούς
778 2435 807 2470 L
989 2431 1047 2470 24.
1094 2429 1323 2475 διέξειμενΓ
1294 2431 1323 2466 F
