1820 3249
314 134 427 175 1464
688 126 803 169 LlB.
833 126 923 168 XX.
982 126 1111 168 CAP.
1142 129 1209 169 11.
1241 128 1309 168 12.

314 240 507 314 ἡμίσους
538 238 720 292 κέρατος
755 239 1098 294 προηγωνίζετο,
1141 239 1293 308 χιλίοις
1339 237 1531 289 ὁπλίταις
1570 236 1682 292 πρὸς

315 298 394 341 τὸν
422 296 540 351 ἱερὸν
567 294 699 351 λόχον
726 298 815 338 τῶν
834 296 1143 365 Καρχηδονίων
1172 293 1549 367 ἀντιτεταγμένος·
1562 294 1683 345 τους

319 354 365 398 δὲ
394 353 570 406 τοξότας
598 352 673 395 καὶ
703 351 1014 423 σφενδονήτας
1027 354 1339 404 πεντακοσίους
1374 351 1504 402 ὄντας
1533 350 1601 394 ἐπὶ
1630 350 1683 393 τά

319 411 478 463 κέρατα
508 412 673 453 διεῖλεν.
712 407 824 451 ὅπλα
852 409 931 478 μὲν
960 410 1042 452 οὐν
1059 410 1115 451 οἱ
1131 413 1388 463 στρατιῶται
1416 407 1559 463 μόγις
1568 405 1685 462 εἶχον

236 472 291 512 75
321 466 468 511 ἱκανά·
498 465 601 515 τούς
631 462 672 508 δ’
694 463 740 508 ἐκ
766 469 855 509 τῶν
884 463 1122 520 ἀφράκτων
1152 464 1270 519 ὁρῶν
1299 464 1516 514 ἀνόπλους
1545 463 1686 515 ὄντας,

321 524 373 567 τά
406 526 492 565 τῶν
529 520 725 565 ἀσπίδων
761 521 919 576 ἔλυτρα
958 521 1138 576 ῥάβδοις
1176 522 1367 573 διέτεινε,
1397 522 1469 564 καὶ
1489 523 1549 589 τῇ
1580 536 1687 575 φαν-

320 581 448 644 τασίᾳ
485 579 565 622 τόν
582 582 701 648 τῆς
713 566 896 630 ἀσπίδος
934 577 1099 621 κύκλον
1141 578 1432 633 μιμησάμενος
1473 576 1688 620 ἀνέδωκεν

322 635 471 686 αὐτοῖς
508 634 621 688 πρὸς
654 634 735 689 μὲν
757 635 853 704 τὴν
890 636 1035 704 χρείαν
1072 632 1277 689 οὐδαμῶς
1313 634 1548 689 ἐπιτήδεια,
1578 632 1690 686 πρὸς

238 697 292 736 80
323 693 369 736 δὲ
387 692 467 748 τὴν
489 691 740 761 πόῤῥωθ-εν
745 690 973 747 ὁρωμένην
1001 689 1106 741 όψιν
1135 690 1355 745 δυνάμενα
1385 691 1517 743 δόξαν
1542 689 1690 734 ὅπλων

321 749 569 817 ἐμποιῆσαι
587 753 679 799 τοῖς
716 746 926 803 ἀγνοοῦσι
960 745 1159 817 τάληθές.
1197 746 1336 802 ὁρῶν
1365 747 1411 790 δὲ
1438 747 1541 798 τοὺς
1566 758 1689 800 στρα-

321 822 477 856 τιωτας
518 804 955 873 καταπεπληγμένους
1001 802 1050 848 τό
1096 808 1267 859 πλῆθος
1306 807 1384 859 τῆς
1422 806 1691 871 βαρβαρικῆς

322 863 459 905 ι’ππου
488 861 562 904 καὶ
591 859 835 916 δυνάμεως,
876 859 1045 930 ἀφῆκεν
1084 862 1160 911 εἰς
1178 861 1228 903 τὸ
1263 859 1553 914 στρατόπεδον
1581 858 1691 902 κατά

321 920 523 968 πλείονας
551 917 712 968 τόπους
739 920 949 972 γλαῦκας,
980 916 1030 968 ἀς
1061 917 1108 960 ἐκ
1136 915 1302 975 χρόνου
1337 915 1692 970 παρεσκευάσατο

236 974 292 1017 85
322 974 433 1027 πρὸς
478 973 553 1023 τὰς
592 971 785 1026 ἀθυμίας
829 977 918 1018 τῶν
967 978 1153 1017 πολλων.
1230 975 1358 1018 αὗται
1406 973 1452 1018 δὲ
1498 973 1570 1017 διὰ
1617 975 1694 1027 τῆς

321 1031 544 1086 φάλαγγος
590 1031 824 1099 πετόμεναι
874 1030 947 1073 καὶ
989 1031 1377 1100 προςκαθίζουσαι
1403 1034 1497 1081 ταῖς
1543 1028 1694 1073 ἀσπίσι

320 1087 395 1130 καὶ
424 1092 517 1137 τοῖς
550 1085 775 1140 κράνεσιν
796 1085 1028 1140 εὐθαρσεῖς
1058 1088 1240 1131 ἐποίουν
1274 1086 1379 1138 τοὺς
1415 1085 1693 1141 στρατιωτας,

321 1141 516 1187 ἑκάστων
545 1144 864 1200 οἰωνιζομένων
892 1144 964 1187 διά
995 1143 1043 1188 τὸ
1075 1146 1244 1214 δοκεῖν
1240 1143 1369 1198 ἱερὸν
1402 1149 1512 1186 εἰναι
1540 1143 1589 1186 τό
1622 1145 1696 1198 ζῷ-

323 1216 376 1244 ον
404 1204 496 1269 τῆς
501 1198 700 1270 Ἀθηνᾶς
759 1204 896 1244 ταῦτα
927 1200 996 1252 δέ,
1026 1202 1180 1253 καίπερ
1212 1200 1267 1250 ἄν
1301 1213 1387 1243 τισι
1415 1199 1601 1252 δόξαντα
1629 1214 1695 1242 κε-

238 1256 293 1297 90
322 1256 405 1312 νὴν
451 1256 566 1326 ἔχειν
598 1255 829 1306 ἐπίνοιαν,
878 1256 1087 1307 πολλάκις
1130 1260 1245 1300 αἴτια
1293 1259 1459 1326 γίνεται
1496 1255 1696 1325 μεγάλων

322 1311 680 1385 προτερημάτων·
730 1312 758 1356 6
793 1313 867 1356 καὶ
905 1313 1000 1356 τότε
1031 1313 1200 1386 συνέβη
1218 1314 1459 1369 γενέσθαι.
1493 1310 1696 1382 ἐμπεσόν·
1706 1312 1775 1350 414

321 1386 397 1420 τος
425 1370 507 1438 γὰρ
536 1371 595 1419 εἰς
624 1368 676 1411 τοὶ
694 1369 854 1439 πλήθη
878 1369 1103 1425 θάρρους,
1132 1370 1206 1413 καὶ
1233 1371 1528 1414 διαδοθέντων
1556 1368 1700 1423 λόγων

326 1442 386 1476 ως
414 1424 464 1468 τό
495 1430 620 1468 θεῖον
651 1424 800 1478 αὐτοῖς
839 1431 1041 1481 φανερῶς
1069 1428 1358 1483 προσημαίνει
1385 1427 1534 1482 νίκην,
1563 1440 1701 1479 παρα-

239 1467 295 1507 12
327 1481 645 1535 στατικώτερον
683 1483 760 1527 τὸν
787 1484 1006 1527 κίνδυνον
1027 1482 1289 1554 ὑπέμειναν.
1297 1490 1315 1520 s
1333 1480 1701 1552 προεμβαλόντων

272 1522 296 1563 5
324 1539 407 1609 γὰρ
449 1540 510 1589 εἰς
551 1537 714 1590 αὐτους
747 1543 835 1583 τῶν
873 1539 1122 1595 ἁρμάτων,
1141 1558 1169 1584 α
1196 1541 1276 1596 μεν
1305 1539 1702 1610 κατηκόντισαν,α

326 1594 368 1639 δ’
399 1597 550 1638 εἴασαν
580 1597 833 1649 διεκπεσειν,
852 1596 904 1639 τὰ
935 1597 981 1640 δὲ
1009 1601 1186 1641 πλεῖστα
1216 1595 1554 1653 συνηνάγκασαν
1578 1594 1702 1667 στρέ-

324 1658 408 1704 ψαι
443 1652 566 1724 πρὸς
590 1652 672 1707 τὴν
709 1669 798 1696 των
834 1656 973 1706 πεζων
1008 1653 1143 1707 τάξιν.
1185 1656 1510 1710 παραπλησίως
1542 1652 1597 1696 δε
1625 1652 1702 1696 καὶ

324 1708 404 1764 τὴν
432 1724 520 1752 των
548 1709 716 1752 ἱππέων
742 1709 959 1765 ἐπιφορὰν
986 1710 1275 1783 υποστάντες,
1305 1711 1379 1754 καὶ
1408 1709 1601 1760 πολλούς
1628 1707 1702 1751 αὐ-

217 1771 297 1812 100
325 1781 415 1808 των
460 1765 920 1838 κατατιτρωσκοντες,,
945 1767 1168 1823 ἐποίησαν
1188 1772 1347 1823 φυγεῖν
1389 1768 1449 1818 εἰς
1489 1764 1701 1810 τούπίσω.

323 1823 755 1892 προαγωνισαμένων
788 1822 833 1866 6
864 1822 1012 1867 αὐτῶν
1042 1825 1088 1867 ἐν
1113 1825 1286 1875 τούτοις
1315 1827 1545 1880 λαμπρως,
1577 1821 1604 1878 ἡ
1628 1837 1704 1865 πε-

326 1877 375 1932 ζὴ
413 1877 595 1933 δύναμις
635 1896 738 1923 των
763 1878 1004 1936 βαρβάρων
1041 1879 1189 1924 ἅπασα
1227 1885 1420 1951 συνῆψεν
1457 1882 1516 1930 εἰς
1545 1883 1700 1935 χεῖρας.

324 1936 529 1990 γενναίας
569 1935 615 1979 δε
669 1934 806 2005 μάχης
844 1937 1107 2006 γενομένης,
1132 1936 1321 1992 ’Ἁννων
1348 1954 1426 1991 μεν
1464 1937 1572 1992 εχων
1601 1950 1705 1979 συν-

328 1991 653 2046 αγωνιζόμενον
703 1994 784 2036 τόν
843 1992 964 2047 ἱερὸν
1013 1993 1175 2048 λόχον·
1199 2011 1287 2037 των
1337 1993 1571 2037 ἐπιλέκτων
1606 1990 1704 2034 ἀνὰ-

270 2046 298 2089 5
329 2049 473 2101 δρων,
501 2049 575 2090 καὶ
603 2048 804 2092 σπεύδων
842 2062 1023 2105 ποιησαι
1057 2049 1118 2093 δι’
1151 2049 1292 2094 αυτοῦ
1308 2067 1409 2121 την
1435 2051 1586 2106 νίκην,
1616 2048 1706 2091 ἐνέ-
1748 2052 1751 2053 ’

326 2120 442 2147 κειτο
473 2104 615 2158 βαρύς
652 2109 744 2155 τοῖς
769 2104 944 2162 ἿΕλλησι
973 2107 1046 2149 καὶ
1077 2106 1263 2161 συχνοὺς
1291 2106 1483 2176 ἀνῄρει
1515 2105 1704 2175 φερομέ-

325 2175 418 2204 νων
454 2159 499 2206 δ’
532 2160 604 2204 ἐπ’
635 2160 775 2207 αὐτόν
806 2164 1127 2208 παντοδαπων
1139 2165 1282 2246 βελων
1317 2163 1399 2208 οὐκ
1429 2161 1564 2215 εἶκεν,
1596 2159 1705 2240 ἀλλα

325 2294 384 2329 Ίθ.
408 2292 588 2340 ἡμίσους]
613 2296 726 2330 scribe
757 2298 866 2332 λαιοῦ
892 2299 949 2332 ve}
970 2295 1168 2344 ἀριστεροῦ
1189 2299 1245 2335 vel
1268 2297 1477 2343 εὐωνύμου
1518 2323 1523 2326 -
1598 2294 1705 2334 ⁵71.

327 2341 403 2375 τῶν
429 2343 696 2386 Καρχηδονίων
721 2354 787 2376 om.
813 2345 881 2385 VJ,
915 2345 1082 2379 asterisco
1111 2346 1246 2381 notavit
1268 2347 1466 2389 Stephanus
1647 2345 1705 2380 82.

329 2385 548 2442 δυνάμεως]
574 2399 686 2422 nonne
708 2392 818 2434 πεζῆς
843 2388 1062 2433 δυνάμεωςὲ
1222 2392 1279 2427 85.
1311 2405 1355 2427 π.-
1342 2390 1511 2434 τόμεναι
1542 2391 1594 2432 F,
1625 2402 1706 2424 cae-

327 2433 392 2467 teri
415 2432 615 2477 πετάμεναι
784 2436 846 2471 καὶ
868 2438 1205 2491 προςκοιθίζονσαι]
1227 2439 1542 2494 προςκαθίζουσαι
1565 2438 1599 2471 T
1621 2437 1706 2472 Bas.

510 2479 568 2514 87.
602 2477 778 2525 ἐποίουν]
815 2480 1013 2518 ε’ποιουντο
1047 2484 1126 2518 FW
1316 2485 1375 2522 89.
1407 2482 1538 2528 κενὴν]
1573 2482 1707 2528 καινήν

326 2524 408 2559 Bas.
426 2550 436 2566 ‚
463 2537 503 2559 αι
526 2537 628 2567 super
652 2538 667 2560 ε
679 2528 789 2581 ponit
811 2529 842 2562 F
1222 2561 1225 2564 .

419 2570 500 2605 414.
546 2571 603 2606 92.
635 2569 824 2619 θάρῤονς]
858 2573 943 2608 libri
971 2569 1166 2619 θάρσους
1360 2576 1417 2610 98.
1451 2572 1613 2619 ἱππέων]
1649 2573 1707 2608 ἴπ-

326 2628 407 2652 πων
431 2628 549 2652 omnes
732 2620 810 2655 1⁰0.
846 2621 1225 2676 προαγωνισαμένων]
1257 2620 1598 2668 προαγωνιζομένων
1620 2621 1704 2655 Bas.

509 2663 544 2697 3.
567 2663 787 2711 γενομένης]
820 2666 1013 2709 γινομένης
1034 2668 1124 2712 FW,
1149 2669 1359 2712 πινομένης
1382 2669 1415 2701 Τ
1440 2669 1522 2703 Bas.
1637 2676 1643 2697 ³
1693 2696 1696 2702 Δ

326 2708 359 2741 4.
390 2708 466 2743 ταῖν
489 2720 560 2758 om.
580 2709 664 2746 Bas.
802 2711 835 2747 5.
859 2711 916 2748 δι’
943 2710 1091 2770 οἱυτοῦ]
1123 2713 1188 2758 διά
1220 2714 1362 2752 τούτων
1387 2714 1498 2759 FQW
1592 2711 1611 2759 ⁸,
1636 2707 1705 2757 τήν

325 2764 395 2787 om.
418 2755 448 2789 F
630 2756 663 2791 7.
697 2755 771 2794 ουίι
782 2755 917 2803 εἶκεν]
952 2772 1021 2805 ουχ
1043 2755 1188 2804 εἶξενΕ
