1820 3249
189 582 267 618 107.

214 637 249 676 4.

188 810 266 845 108.

219 868 249 902 1.

189 1268 269 1306 108.

196 1727 276 1767 108.

272 109 383 151 1576
840 108 1129 157 LIB.,XV1.

275 224 463 259 scribitur.
509 222 646 257 obsessi
680 222 806 258 audita
849 224 948 272 regis
985 226 1077 273 fuga
1115 226 1304 262 Pelusium
1343 227 1462 263 Persis
1504 227 1655 265 dedunt.

275 284 428 317 Mentor
456 281 659 314 Bubastum
688 280 850 327 aliasque
883 283 991 317 urbes
1020 284 1121 329 capit
1151 285 1344 330 divulgata
1371 285 1473 318 fama
1497 295 1557 318 eos
1586 286 1657 318 sal-

277 350 340 373 vos
368 338 514 371 futuros
545 337 609 382 qui
641 336 739 370 ultro
782 350 820 372 se
850 339 987 374 dedant
1018 337 1117 390 [49.].
1155 341 1230 375 iam
1269 347 1413 374 certant
1451 341 1658 386 proditione

277 395 426 429 tradere
460 395 581 429 urbes.
622 393 720 427 inter
746 397 915 440 Bagoam
947 403 983 430 et
1016 399 1226 431 Mentorem
1255 397 1455 432 aemulatio
1485 410 1528 431 ac
1559 398 1659 431 dein-

279 463 365 498 ceps
393 463 538 486 summa
568 451 765 484 concordia
795 448 895 502 [50.].
926 454 1159 488 Nectanebus
1180 455 1224 488 de
1246 455 1408 488 hostium
1439 455 1661 488 successibus

280 508 418 543 certior
458 509 579 544 factus
621 518 684 553 spe
732 509 839 555 regni
878 510 1022 545 abiecta
1058 511 1098 544 in
1135 511 1366 555 Aethiopiam
1407 512 1564 557 aufugit.
1611 511 1662 544 ita

280 567 499 599 Artaxerxes
538 570 616 599 tota
654 566 819 611 Aegypto
849 569 1005 612 potitus,
1037 567 1167 600 relicto
1201 569 1430 603 Pherendate
1467 568 1544 602 eius
1579 579 1665 613 pro-

280 623 425 657 vinciae
464 621 631 667 praeside
664 623 893 668 Babylonem
923 623 1020 657 redit
1061 620 1160 670 [51.].
1204 625 1416 659 Mentor-em
1455 625 1502 658 oh
1532 625 1666 658 merita

280 679 320 713 in
351 679 451 714 bello
481 678 705 724 Aegyptiace
744 691 809 713 rex
845 680 1016 714 maximis
1052 680 1240 714 beneficiis
1278 688 1395 715 ornat.
1435 682 1465 715 is
1505 681 1665 727 reliquos

282 736 396 771 etiam
437 735 502 781 qui
541 747 564 768 a
601 747 690 782 rege
722 736 937 770 defecerant
978 737 1039 771 vel
1078 737 1297 771 reconciliat
1336 738 1396 771 vel
1435 737 1473 772 vi
1514 744 1551 771 et
1587 744 1666 771 arte

282 793 435 840 subigit.
485 792 647 837 Philippi
679 804 737 827 res
775 793 813 826 in
843 792 1006 828 Thracia
1035 799 1072 827 et
1100 794 1290 828 Thessalia
1319 800 1456 841 gestae.
1503 794 1669 828 Moritur

282 851 478 895 Spartacus
512 858 578 883 rex
608 850 736 884 Ponti:
778 861 939 896 regnum
968 850 1120 896 suscipit
1147 851 1346 897 Parysades
1379 848 1484 899 [524.
1529 850 1668 896 Philip-

280 919 350 955 pus
396 905 518 952 pergit
574 905 685 939 urbes
739 904 786 941 ad
836 907 1121 952 Hellespontum
1165 908 1205 942 in
1262 908 1442 941 ditionem
1490 907 1670 954 redigere.

282 963 491 1011 Olynthum
530 961 726 1008 aliquoties
764 970 1019 1011 oppugnatam
1057 975 1125 1010 per
1161 965 1414 1010 proditionem
1453 964 1565 1009 capit.
1613 964 1672 997 in-

284 1020 330 1054 de
388 1019 517 1065 opibus
563 1025 696 1053 auctus
750 1020 858 1066 plura
905 1021 989 1056 loca
1048 1032 1139 1055 auro
1187 1033 1300 1067 quam
1352 1021 1466 1055 armis
1513 1027 1673 1066 occupat

285 1073 385 1126 [53.].
426 1075 666 1110 Athenienses
701 1076 830 1124 iniquo
869 1078 995 1113 animo
1032 1078 1195 1124 Philippi
1229 1090 1286 1113 res
1324 1083 1445 1124 gestas
1485 1077 1672 1113 intuentes

288 1134 366 1168 eius
408 1133 547 1179 coeptis
585 1133 690 1167 omni
727 1134 841 1169 modo
880 1134 1142 1179 adversantur,
1169 1134 1215 1169 ad
1243 1135 1317 1168 hoc
1345 1134 1510 1180 instigati
1547 1145 1569 1168 a
1597 1136 1673 1169 De-

287 1191 479 1225 mosthene
518 1185 620 1238 [54.].
660 1190 943 1237 sedPhilippus
981 1192 1219 1226 sollemnibus
1254 1191 1371 1233 ludis,
1402 1191 1516 1234 festis,
1549 1191 1674 1224 convi-

287 1248 377 1293 viis,
416 1246 695 1291 munificentia,
727 1249 897 1282 omnium
934 1249 1077 1283 animos
1113 1249 1184 1283 sibi
1213 1248 1398 1282 conciliat.
1434 1246 1676 1281 humanitatis

288 1304 500 1353 exemplum
529 1314 618 1349 erga
647 1305 821 1351 Satyrum
856 1302 958 1353 [55.].
987 1308 1216 1340 Boeotorum
1254 1311 1291 1339 et
1318 1304 1564 1338 Phocensium
1594 1316 1676 1337 mu-

287 1368 355 1396 tua
383 1360 597 1394 certamina.
629 1360 772 1396 interea
791 1362 992 1396 Phalaecus
1022 1362 1208 1408 sacrilegii
1230 1373 1313 1396 reus
1343 1361 1543 1406 imperium
1566 1360 1678 1394 amit-

285 1418 345 1455 tit.
380 1417 585 1452 succedunt
611 1416 851 1462 Dinocrates,
883 1419 1036 1463 Callias,
1068 1419 1269 1464 SophaneS.
1314 1418 1470 1451 ulterior
1510 1418 1676 1462 quaestio

288 1475 333 1508 de
363 1475 564 1520 sacrilegis,
606 1486 780 1510 vasorum
811 1481 848 1509 et
875 1476 1067 1521 signorum
1098 1475 1296 1521 sacrilegio
1335 1475 1547 1508 ablatorum
1578 1481 1679 1508 cata-

286 1531 396 1577 logus
438 1528 544 1579 [56.].
583 1533 772 1579 sacrilegii
809 1533 1010 1578 participes
1039 1533 1298 1578 Athenienses,
1335 1532 1381 1565 ob
1411 1531 1448 1564 id
1481 1531 1558 1565 iam
1588 1531 1679 1564 olim

290 1600 313 1623 a
342 1587 521 1633 Dionysio
549 1588 664 1622 literis
693 1590 864 1634 incusati,
883 1601 952 1625 nec
983 1590 1106 1624 minus
1136 1588 1420 1623 Lacedaemonii
1452 1585 1551 1636 [57.].
1587 1590 1680 1622 Boe-

294 1644 347 1678 oti
386 1657 407 1680 a
436 1645 683 1680 Phocensihus
721 1647 923 1681 admodum
952 1647 1066 1693 pressi
1093 1647 1308 1691 Philippum
1336 1645 1373 1678 in
1404 1644 1583 1679 auxilium
1615 1645 1680 1678 ad—

293 1707 442 1737 vocant.
470 1702 675 1736 Phocenses
704 1703 802 1748 apud
830 1705 923 1738 Abas
953 1704 1070 1750 pulsi:
1110 1703 1200 1737 dum
1230 1702 1277 1736 ad
1305 1702 1490 1747 templum
1517 1701 1680 1748 fugiunt,

294 1770 371 1793 una
411 1770 498 1793 cum
527 1759 668 1803 templo
712 1760 884 1794 incendio
915 1760 1162 1794 absumuntur
1203 1756 1303 1807 [58.].
1346 1759 1549 1792 Phocenses
1585 1770 1681 1792 nova.

294 1815 430 1851 auxilia
467 1827 488 1850 a
515 1816 817 1851 Lacedaemoniis
847 1805 1062 1863 accipiunt3
1092 1816 1225 1852 Boeoti
1264 1828 1286 1850 a
1313 1815 1510 1860 Philippo,
1550 1815 1613 1860 qui
1642 1815 1683 1848 in

293 1873 493 1907 Locridem
524 1878 661 1908 movet.
701 1874 905 1908 Phalaecus
944 1874 1065 1908 denuo
1106 1874 1312 1920 imperator
1353 1872 1474 1906 factus
1511 1872 1683 1905 diffidens

294 1930 436 1964 viribus
463 1929 633 1975 Philippo
673 1936 803 1976 sponte
842 1942 879 1965 se
910 1930 1033 1974 dedit,
1070 1936 1106 1964 et
1135 1931 1335 1976 impetrata
1363 1929 1471 1963 venia
1505 1929 1544 1962 in
1576 1929 1683 1962 Pelo-

294 1998 505 2032 ponnesum
546 1986 711 2025 discedit,
753 1987 797 2021 de
840 1999 931 2033 pace
974 1987 1127 2021 consilia
1166 1985 1267 2034 [59.].
1302 1986 1404 2032 pacis
1443 1985 1683 2019 conditiones.

295 2043 347 2076 ita
388 2043 520 2076 bellum
563 2055 708 2077 sacrum
744 2044 894 2079 finitum
933 2041 1035 2092 [60.].
1074 2043 1322 2078 Phocensium
1364 2043 1472 2076 duces
1509 2042 1683 2088 sacrilegi
1736 2059 1739 2062 «

299 2100 436 2145 singuli
464 2105 506 2133 ut
534 2100 717 2144 supplicio
755 2101 880 2134 divino
910 2100 1106 2134 vindicati:
1143 2101 1381 2134 Philomelus.
1412 2098 1683 2133 Onomarchus.

298 2156 492 2201 Phayllus.
522 2156 744 2200 Phalaecus,
785 2158 959 2192 diuturno
1000 2168 1126 2191 errore
1163 2157 1296 2191 deinde
1331 2157 1511 2198 iactatus,
1540 2155 1578 2188 in
1608 2156 1684 2188 Ita-

298 2212 391 2246 liam
419 2212 572 2258 navigat
603 2210 703 2261 [61.]‚
733 2213 907 2248 Phalaeci
934 2214 1082 2259 eiusque
1106 2214 1293 2247 sociorum
1321 2213 1361 2246 in
1390 2212 1684 2256 Peloponnesum

300 2269 452 2305 reditus.
497 2269 583 2302 inde
618 2271 800 2315 stipendio
838 2271 1015 2304 conducti
1050 2270 1090 2303 in
1129 2272 1278 2304 Cretam
1316 2268 1604 2302 transvehuntur
1648 2275 1685 2302 et

301 2326 436 2361 urbem
463 2326 622 2370 Lyctum
653 2333 848 2372 occupant.
886 2327 1025 2373 Lyctiis
1059 2327 1194 2360 auxilio
1222 2326 1375 2360 veniunt
1401 2325 1685 2360 Lacedaemonii

303 2382 398 2417 duce
427 2382 647 2416 Archidamo
680 2380 783 2433 [62.].
811 2384 1054 2418 Archidamus
1078 2384 1118 2417 in
1141 2383 1293 2417 Italiam
1323 2389 1447 2416 vectus
1474 2381 1686 2416 Tarentinis

303 2450 415 2485 opem
443 2438 587 2472 laturus
625 2441 765 2484 proelio
804 2441 913 2485 perit.
949 2441 1148 2476 Phalaecus
1177 2441 1291 2486 Lycto
1330 2439 1468 2474 eiectus
1497 2438 1586 2471 dum
1616 2440 1687 2482 Cy-

305 2494 458 2529 doniam
491 2495 652 2538 obsidet,
681 2497 846 2531 fulminis
874 2497 954 2534 ictu
990 2497 1248 2542 exstinguitur.
1288 2496 1453 2530 militum
1483 2495 1558 2529 eius
1587 2494 1688 2528 haud

308 2551 495 2586 dissimilis
530 2564 607 2586 sors
638 2549 738 2601 [63.].
771 2554 957 2598 civitates,
994 2554 1157 2588 feminae
1187 2554 1321 2597 etiam,
1349 2552 1546 2598 impietatis
1574 2552 1688 2596 parti-

309 2609 427 2654 cipes,
468 2620 603 2655 poenas
642 2609 816 2654 luerunt;
861 2611 1048 2656 Philippus
1095 2616 1227 2644 contra
1272 2621 1466 2644 sacrorum
1515 2608 1687 2641 defensor

307 2665 490 2699 Graeciae
522 2666 715 2700 universae
754 2667 960 2712 imperator
994 2667 1107 2701 evasit
1148 2663 1249 2715 [64.].
1290 2668 1334 2701 In
1354 2665 1490 2700 'Sicilia
1527 2665 1687 2710 Syracu-

308 2722 387 2758 sani
417 2722 465 2756 ad
493 2723 776 2768 compescendos
804 2724 985 2759 tumultus
1024 2736 1046 2759 a
1076 2723 1277 2759 Corinthiis
1307 2723 1582 2759 Timoleontem
1616 2721 1688 2755 im-
