1820 3249
494 164 1154 210 LIB.X1X.CAP.99.1.00
1399 167 1512 208 1439

149 283 353 354 ναμέναις
389 278 604 336 ἀρδεύειν.
667 280 829 336 γίνεται
867 279 913 324 δὲ
951 280 1049 350 περι
1086 278 1190 331 τούς
1223 276 1386 329 τόπους
1414 276 1513 321 τού-

149 356 253 391 τους
294 339 341 382 ἐν
377 339 539 382 αὐλῶνί
577 353 662 380 τινι
701 338 786 382 καὶ.
809 337 858 380 τὸ
888 337 1162 407 καλούμενον
1187 335 1440 404 βάλσαμον,
1470 333 1514 386 ἐξ

151 392 206 440 οὗ
233 394 453 451 πρόςοδον
481 393 629 451 ἁδρὰν
668 391 779 437 εἶναι
799 397 1061 464 συμβαίνει,
1104 393 1304 448 οὐδαμοῦ
1330 393 1408 446 μὲν
1429 395 1514 461 τῆς

148 453 281 523 ἄλλης
319 452 577 508 οἰκουμένης
613 449 924 521 εὑρισκομένου
959 455 1038 495 τοῦ
1079 455 1248 521 φυτοῦ,
1279 452 1366 519 τῆς
1398 445 1438 491 δ’
1470 449 1513 498 ἐξ

150 509 287 554 αὐτοῦ
315 511 469 564 χρείας
484 510 547 559 εἰς
577 507 787 579 φάρμακα
815 514 906 559 τοῖς
934 511 1096 561 ἰατροῖς
1129 505 1236 551 καθ’
1265 504 1514 560 ὑπερβολὴν
1542 508 1597 547 90

148 565 423 621 εὐθετούσης.
462 566 558 634 τὴν
597 563 644 608 δ’
674 565 966 608 ἐκπίπτουσαν
1008 564 1232 619 ἄσφαλτον
1271 565 1315 606 οἱ
1353 577 1514 614 περιοι-
1542 566 1598 604 99

147 627 327 675 κοῦντες
364 623 406 674 ἐξ
440 620 706 677 ἀμφοτέρων
742 627 830 664 τῶν
857 626 1002 677 μερῶν
1029 640 1110 677 την
1144 623 1300 690 λίμνην
1329 617 1514 672 διαρπά-

149 685 272 734 ζουσι
298 683 542 734 πολεμικως
572 680 833 734 διακείμενοι
860 679 969 734 πρὸς
1001 678 1234 734 ἀλλήλους,
1265 676 1371 719 ἄνευ
1399 675 1517 718 πλοί.

150 753 213 780 ων
243 735 490 789 ἰδιαζόντως
525 735 605 791 τὴν
634 736 822 792 κομιδὴν
850 736 1121 791 ποιούμενοι.
1177 730 1518 787 παρασκευασά-

149 809 274 863 μενοι
300 797 385 849 γὰρ
426 794 581 848 δέσμας
613 793 820 848 καλάμων
856 792 1101 849 εὐμεγέθεις
1135 790 1422 862 ἐμβάλλουσιν
1458 790 1517 838 εἰς
1546 789 1601 832 95

148 866 229 908 την
254 850 434 920 λίμνην·
465 849 534 893 ἐπὶ
554 849 599 893 δὲ
626 849 794 893 τούτων
819 850 1103 907 ἐπικάθηνται
1128 847 1181 891 οὐ
1210 849 1341 891 πλείω
1368 849 1516 899 τριῶν,

149 908 212 950 ὠν
244 906 327 950 δύο
364 907 443 962 μὲν
472 907 638 962 ε’χοντες
667 908 1007 976 προςδεδεμένας
1041 904 1203 955 πλάτας
1213 903 1518 976 κωπηλατοῦ-

150 975 234 1015 σιν,
264 959 323 1014 εἷς
351 965 397 1008 δὲ
427 968 580 1020 φορῶν
599 964 700 1015 τόξα
728 965 830 1035 τοὺς
848 963 1179 1033 προςπλέοντας
1207 961 1254 1005 έκ
1279 965 1360 1004 τοῦ
1381 958 1519 1013 πέραν

147 1037 174 1076 η
205 1020 428 1076 βιάζεσθαι
463 1025 713 1074 τολμῶντας
742 1020 960 1075 ἀιιύνεται.
1019 1020 1126 1063 ὅταν
1164 1018 1211 1061 δὲ
1238 1018 1423 1074 πλησίον
1451 1015 1517 1072 γέ
1549 1021 1629 1062 100

147 1093 310 1120 νωνται
338 1081 415 1133 τῆς
457 1075 708 1132 ἀσφάλτου,
743 1076 929 1128 πελέκεις
958 1077 1125 1132 ἔχοντες
1151 1075 1411 1130 ἐπιπηδῶσι,
1444 1073 1519 1117 καὶ

145 1131 346 1188 καθάπερ
383 1137 572 1206 μαλακῆς
607 1133 767 1188 πέτρας
813 1133 1132 1184 ἀποκόπτοντες
1171 1135 1394 1201 γεμίζουσι·
1437 1129 1518 1200 τὴν

147 1189 350 1260 δέσμην,
371 1194 464 1239 εἰτα
498 1188 794 1233 ἀποπλέουσιν
831 1192 890 1241 εἰς
917 1190 1124 1234 τούπίσω.
1184 1187 1240 1231 ἄν
1269 1189 1314 1232 δέ
1343 1204 1408 1239 τις
1438 1186 1516 1230 αὐ-

145 1250 233 1290 τῶν
263 1245 458 1314 ἀποπέσῃ
486 1251 563 1303 τῆς
591 1246 748 1316 δέσμης
770 1248 1052 1317 διαλυθείσης
1068 1264 1125 1302 μη
1146 1244 1387 1300 δυνάμενος
1408 1260 1516 1295 νει-ν,
1545 1247 1572 1291 5

150 1301 204 1346 οὐ
239 1303 542 1355 καταδύεται,
559 1303 761 1357 καθάπερ
803 1304 850 1347 ἐν
880 1309 980 1376 τοῖς
1014 1303 1159 1353 ἄλλοις
1194 1301 1372 1354 ὕδασιν,
1400 1299 1517 1344 ἀλλά

148 1359 389 1430 ἐπινήχεται
426 1365 517 1409 τοῖς
547 1359 840 1415 ἐπισταμένοις
871 1359 1043 1415 ὁμοίως.
1112 1361 1245 1414 φύσει
1272 1358 1357 1414 γὰρ
1385 1362 1520 1401 τοῦτο

148 1414 207 1460 τὸ
226 1415 367 1472 ὑγρὸν
395 1416 678 1471 παραδέχεται
699 1417 838 1473 βάρος
866 1417 890 1460 6
912 1418 1159 1486 συμβαίνει
1177 1417 1366 1471 μετέχειν
1394 1414 1523 1470 αὐξή-

150 1484 256 1524 σεως
277 1473 318 1529 ἢ
341 1474 609 1529 πνεύματος,
640 1473 737 1524 ἔξω
749 1477 838 1516 τῶν
867 1478 1076 1528 στερεῶν,
1107 1473 1134 1516 ἃ
1156 1474 1242 1529 τὴν
1264 1471 1523 1527 πυκνότητα

149 1531 272 1573 δοκεῖ
307 1532 613 1599 παραπλησίαν
653 1530 763 1586 ε’χειν
789 1529 991 1587 ἀργύρῳ·
1005 1531 1081 1574 καὶ
1109 1532 1257 1585 χρυσῷ
1289 1529 1372 1571 καὶ
1394 1530 1522 1584 μολί-
1554 1534 1606 1573 10

150 1588 242 1644 βδῳ
270 1587 344 1638 καὶ.
377 1592 469 1638 τοῖς
498 1583 688 1642 ὁμοίοις·
734 1588 807 1630 καὶ
835 1592 971 1631 ταῦτα
1000 1605 1079 1643 μεν
1106 1587 1221 1630 πολύ
1252 1584 1523 1640 βραδύτερον
1564 1596 1566 1599 ’
1592 1622 1597 1627 τ

71 1647 138 1683 395
151 1642 438 1715 καταφέρεται
475 1648 565 1686 τῶν
603 1644 650 1687 έν
687 1650 780 1695 ταῖς
818 1644 968 1696 ἄλλαις
1003 1647 1176 1700 λίμναις
1207 1642 1524 1697 ριπτουμένων.

145 1699 308 1769 ταύτην
333 1699 398 1744 6'·
416 1701 582 1755 ε’χοντες
611 1701 656 1743 οἱ
685 1700 903 1758 βάρβαροι
930 1702 1171 1756 πρόςοδον,
1201 1698 1421 1754 ἀπάγουσι
1445 1698 1526 1755 τὴν

147 1754 375 1812 ἄσφαλτον
405 1759 466 1808 εἰς
504 1757 582 1812 τήν
595 1760 858 1827 Αἴγυπτον,
898 1760 971 1802 καὶ
999 1762 1237 1802 πωλουσιν.
1262 1758 1323 1807 εἰς
1352 1756 1429 1807 τοὶς
1456 1772 1526 1798 τα-

149 1816 308 1867 ριχείας
343 1818 433 1857 τῶν
468 1829 660 1867 νεκρων·
706 1814 764 1870 μὴ
804 1816 1069 1871 μιγνυμένης
1105 1814 1189 1870 γὰρ
1232 1812 1401 1868 ταύτης
1429 1817 1522 1862 τοῖς
1555 1814 1606 1857 15

148 1873 319 1919 λοιποῖς
350 1867 578 1922 ἀρώμασιν
606 1869 661 1914 οὐ
695 1873 888 1916 δυνατόν
916 1872 1119 1928 γενέσθαι
1136 1871 1227 1951 τήν
1254 1873 1342 1913 τῶν
1380 1867 1524 1924 σωμά-

147 1941 237 1970 των
255 1926 466 1997 φυλακὴν
493 1926 801 1982 πολυχρόνιον.

255 1979 306 2028 ‘O
334 1980 376 2026 δ’
393 1981 672 2038 ·Ἀντίγονος,
713 1984 1029 2036 ἐπανελθόντος
1056 1987 1138 2027 τοῦ
1165 1963 1419 2039 Δημητρίου
1449 1982 1524 2026 καὶ
1552 1988 1634 2027 100

148 2037 221 2081 τά
234 2039 345 2082 κατά
369 2039 514 2095 μέρος
560 2044 665 2084 τῶν
691 2042 1005 2111 πεπραγμένων
1039 2038 1401 2096 ἀπαγγείλαντος,
1453 2041 1520 2083 ἐπὶ
1550 2046 1606 2084 20

148 2095 242 2149 μὲν,
248 2101 318 2153 (τῇ
343 2095 547 2139 συνθέσει
575 2101 628 2154 τῇ
667 2098 777 2153 πρός
804 2097 910 2149 τούς
948 2100 1234 2153 Ναβαταίους
1261 2098 1521 2152 ἐπετίμησεν

150 2150 291 2220 αὐπῑῳ,
298 2151 443 2208 λέγων
466 2152 533 2196 ὅτι
559 2157 727 2226 πολλῳ
724 2155 1037 2210 θρασυτέρους
1063 2156 1285 2226 πεποίηκε.
1297 2153 1407 2204 τούς
1420 2157 1531 2222 βαρ-

150 2197 314 2262 βάρους
342 2209 472 2260 ἐάσας
502 2209 823 2283 ἀτιμωρητους
865 2211 1007 2264 δόξειν
1034 2212 1116 2281 γὰρ
1147 2210 1311 2260 αὐτους
1338 2211 1520 2265 τετευχέ-

150 2279 224 2307 ναι
263 2265 518 2324 συγγνώμης
555 2267 608 2311 οὐ
648 2265 710 2311 δι’
749 2268 1005 2322 ἐπιείκειαν,
1045 2267 1150 2312 ἀλλά
1181 2265 1244 2312 δι’
1273 2266 1521 2323 ἀδυναμίαν

150 2443 208 2480 86.
232 2421 405 2488 αὖλῶνι3
415 2444 518 2492 mim
536 2414 622 2483 ἑᾶς.
770 2450 861 2484 ·.87
877 2448 979 2505 μεν]
1005 2448 1075 2507 γὰρ
1099 2451 1147 2484 W
1242 2448 1245 2451 ’
1308 2449 1398 2484 88.
1429 2446 1524 2492 εὐρι-

152 2491 369 2547 σκομὲνου]
372 2482 620 2537 ἐὑρίσκεσθαι
635 2496 702 2536 W,
738 2493 1001 2541 εὑρισκόμενον
1024 2496 1064 2532 τό
1091 2494 1210 2540 φυτὸν
1226 2496 1264 2530 F
1357 2514 1359 2518 ·
1466 2496 1523 2530 96.

153 2535 198 2571 οὐ
222 2539 333 2572 πλείω
364 2540 500 2584 τριων]
524 2544 619 2583 τρεῖς
641 2542 775 2585 FQW.
804 2545 951 2584 πλείους
977 2544 1252 2579 Rhodomannus
1388 2541 1446 2576 97.
1471 2537 1526 2576 αἷν

152 2583 285 2618 addidit
305 2584 512 2619 Schaeferus
534 2588 576 2621 ad
604 2588 702 2622 Bosii
725 2589 794 2626 ΕΙΙ.
816 2600 850 2634 p.
872 2589 952 2625 292.
1134 2586 1438 2646 πρῦςδὲδξμὲνας]
1465 2588 1524 2623 δε·

154 2629 310 2673 δεμένας
323 2631 398 2671 FV,
422 2633 716 2690 προςδεδομένας
738 2636 821 2669 Bas.
992 2635 1049 2670 98.
1075 2636 1220 2679 φορῶν]
1255 2635 1377 2679 φέρων
1401 2633 1478 2668 FW

167 2694 169 2698 Δ
285 2676 321 2710 8.
347 2675 533 2723 αὐξήσεως
559 2675 607 2736 ἤ]
634 2678 825 2725 αὐξήσεως
842 2682 872 2715 F
1053 2683 1108 2716 10.
1131 2681 1295 2729 μολίβδω
1319 2683 1371 2723 F,
1394 2679 1522 2715 caeteri

152 2718 329 2766 μολύβδῳ
368 2734 372 2737 “
396 2746 397 2749 =
425 2732 432 2749 ’·
457 2725 513 2780 115
533 2723 657 2770 μεν]
647 2737 756 2761 ummo
777 2728 902 2772 μέντοι

230 2767 323 2803 395.
369 2769 425 2804 16.
456 2782 500 2813 τη
493 2769 524 2803 'v
546 2772 622 2805 τῶν
653 2784 721 2806 om.
745 2773 775 2807 F
955 2773 1012 2808 20.
1049 2773 1312 2832 Ναβαταίους]
1339 2768 1524 2829 Νομάδας

151 2812 291 2858 Fva
458 2816 515 2851 21.
539 2818 660 2866 πολλῷ
683 2831 753 2855 om.
775 2820 807 2854 F
880 2867 885 2873 .
989 2819 1048 2856 24.
1072 2819 1162 2857 ἀλλά
1187 2819 1238 2856 δι’
1251 2820 1283 2865 ]
1280 2815 1377 2854 ἀλλ’
1401 2818 1433 2852 F
1484 2836 1489 2840 ·
