1820 3249
502 175 622 216 LlB.
653 174 743 217 XX.
800 175 928 220 GAP.
958 179 1025 219 90.
1055 180 1122 219 ul.
1387 178 1497 219 1541

117 289 190 333 καὶ
218 291 307 332 τῶν
334 286 479 332 ἄλλων
505 289 742 344 Σαμνιτων
781 289 825 331 οἱ
852 291 1045 332 πλεῖστοι
1073 287 1154 343 μὲν
1181 287 1499 358 κατεκόπησαν,

119 345 230 396 τινὲς
268 344 315 389 δὲ
355 345 429 389 καὶ
466 347 620 398 ζωντες
659 342 1013 413 συνελήφθησαν.
1080 361 1122 388 οι
1153 342 1194 387 δ’
1227 343 1386 388 ὕπατοι
1414 361 1499 389 τοι-
1527 344 1583 389 45

117 402 265 453 ου’τοις
293 399 590 470 προτερήμασι
614 399 879 470 χρησάμενοι
902 406 991 444 τῶν
1019 401 1301 472 συμμαχίδων
1328 401 1499 444 πόλεων

116 458 195 509 τοὶς
224 457 427 557 ίοἰλούσας
468 470 759 513 ανεκτησαντο
798 457 988 513 Σώραν,
1024 456 1240 513 “Λρπιναν
1283 458 1359 502 καὶ
1409 461 1498 501 Σε-

149 530 221 559 ενν
241 530 297 558 αν

117 531 144 571 Q
234 573 327 615 Τοῦ
366 568 408 614 δ’
449 569 678 615 ἐνιαυσίου
722 568 887 626 χρόνου
933 569 1243 640 διεληλυθότος
1286 569 1497 642 Ἀθήνησι
1524 572 1579 612 91

116 643 197 684 μεν
234 621 338 683 ἦρχε
380 630 617 696 Φερεκλῆς,
655 627 703 670 ἐν
736 627 881 696 Ῥώμῃ
920 627 966 671 ὸὲ
995 628 1075 683 τὴν
1109 626 1327 695 ὑπατικην
1356 626 1495 683 α’ρχην

116 682 361 736 διεδέξαντο
407 682 605 734 Πόπλιος
645 682 930 739 Σεμπρώνιος
982 683 1055 727 καὶ
1100 682 1292 733 Πόπλιος
1334 684 1498 727 Σολπί·
1528 682 1583 725 50

114 756 234 794 mog,
257 738 499 810 Ὀλυμπιάς
528 739 574 784 6'
603 739 723 810 ἤχθη
746 740 865 795 παρὰ
895 744 986 790 τοῖς
1017 737 1200 791 ’Πλείοις
1229 738 1359 795 ἐνάτη
1387 739 1500 794 πρός

113 801 210 847 ταῖς
250 796 406 841 ἑκατόν
444 797 574 846 δέκα,
616 795 723 840 καθ’
760 796 817 852 ἣν
855 796 975 839 ἐνίκα
1005 795 1186 839 στάδιον
1211 795 1497 867 Ἀνδρομένης

115 853 373 908 Κορίνθιος.
432 854 500 898 ἐπὶ
539 853 586 897 δὲ
620 851 790 896 τούτων
819 850 1069 909 Δημήτριος
1109 853 1187 908 μὲν
1218 851 1372 896 Ῥόδον
1409 869 1496 896 πο-

116 913 308 964 λιορκῶν
340 910 410 953 ἐπὶ
449 915 542 961 ταῖς
569 909 679 953 κατὰ
708 911 934 953 θάλατταν
961 912 1223 965 προςβολαῖς
1253 908 1497 965 ἁποτυγχά-
1527 909 1582 952 55

115 982 228 1018 νων,
258 965 345 1010 ἀπὸ
375 970 450 1021 τῆς
481 971 578 1024 γῆς
589 967 744 1019 διέγνω
773 982 851 1017 τας
879 966 1049 1009 ἐπιθέσ·
1042 983 1092 1016 ἶις
1121 970 1358 1009 ποιεῖσθαι.
1416 981 1495 1008 πα-

114 1022 495 1091 ρασκευασάμενος
524 1024 606 1066 οὐν
635 1024 741 1077 ὕλης
769 1025 982 1072 παντοίας
1013 1027 1184 1077 πλῆθος
1211 1021 1498 1066 κατεσκεύασε

115 1080 313 1148 μηχανήν
346 1078 425 1134 τὴν
458 1078 736 1146 καλουιιένην
766 1078 986 1130 ἑλέπολιν,
1025 1079 1353 1133 ὑπεραίρουσαν
1385 1077 1498 1122 πολύ

113 1138 175 1205 τῷ
204 1134 377 1190 μεγέθει
414 1138 504 1177 τῶν
540 1136 626 1188 πρὸ
668 1133 803 1203 αὐτῆς
841 1135 1100 1203 γενομένων
1169 1136 1385 1205 ἐσχαρίου
1411 1135 1497 1189 γάρ

114 1190 244 1241 ὄντος
272 1189 551 1245 τετραγώνου
580 1207 660 1246 την
686 1208 765 1245 μεν
789 1191 987 1244 πλευραν
1010 1191 1196 1246 ἑκάστην
1224 1191 1496 1246 ὑπεστήσατο
1526 1194 1582 1235 60

112 1250 265 1303 πηχῶν
293 1249 446 1316 σχεδὸν
474 1247 756 1303 πεντήκοντα,
780 1253 1113 1317 ovummnviav
1140 1248 1187 1291 ἐκ
1215 1247 1499 1317 τετραγώνων

114 1306 258 1356 ξύλων
286 1303 453 1361 σιδηρῳ
483 1304 748 1358 δεδεμένων·
776 1303 857 1359 τήν
888 1304 934 1347 δὲ
965 1303 1051 1347 ἀνὰ
1080 1302 1215 1360 μέσον
1242 1321 1406 1374 χωραν
1416 1303 1498 1347 διέ-

115 1363 233 1430 λαβε
259 1361 406 1411 δοκοῖς
429 1359 642 1418 ἀλληλων
681 1359 946 1414 ἀπεχούσαις
984 1360 1140 1411 ώςανεὶ
1178 1364 1341 1415 πῆχυν,
1380 1360 1499 1411 ὅπως

114 1415 393 1485 παράστασις
417 1418 445 1473 ᾐ
475 1422 568 1467 τοῖς
594 1422 820 1486 προωθεῖν
849 1417 927 1473 τὴν
956 1417 1153 1472 μηχανὴν
1181 1416 1496 1485 μέλλουσι.τό
1527 1417 1583 1461 65

115 1473 162 1517 δε
204 1477 294 1516 πᾶν
335 1471 474 1528 βάρος
517 1490 575 1528 ην
622 1473 903 1542 ὑπότροχον,
947 1480 1138 1528 στερεοῖς
1180 1474 1254 1517 καὶ
1293 1472 1500 1545 μεγάλοις

114 1528 230 1573 όκτω
259 1534 432 1585 τροχοῖς
471 1529 823 1586 ὑπειλνιρμχιιένον·Ι
855 1528 908 1572 τὰ
942 1531 1029 1584 γάρ
1065 1529 1180 1586 πάχη
1209 1533 1299 1573 τών
1330 1531 1502 1580 αψίδων

113 1585 278 1654 ὑπῆρχε
315 1589 466 1654 πηχῶν
506 1588 685 1636 δυοῖιν,
696 1588 1030 1655 σεσιδηρωμένα
1068 1588 1237 1630 λεπίσιν
1288 1588 1499 1641 ἰσχυραῖς.

115 1642 225 1697 πρὸς
255 1642 301 1686 δὲ
329 1641 410 1698 τήν
429 1642 477 1685 ἐκ
503 1645 688 1695 πλαγίας
716 1642 950 1698 μετάθεσιν
977 1638 1092 1698 ησαν
1123 1641 1408 1695 αντίστρεπτα
1429 1659 1499 1686 πε-

115 1699 500 1768 πραγματευμένα,
539 1698 598 1743 δι’
641 1696 704 1742 ὧν
747 1699 775 1755 ἡ
820 1703 939 1742 πᾶσα
977 1700 1146 1755 μηχανὴ
1185 1700 1346 1768 ραδίως
1385 1715 1495 1743 παν-
1527 1702 1584 1741 70

115 1757 242 1799 τοίαν
273 1753 551 1826 ὑπελάμβανε
580 1757 765 1812 κίνησιν.
822 1755 870 1798 ἐκ
901 1756 947 1799 δὲ
976 1772 1066 1798 των
1093 1759 1274 1825 γωνιῶν
1297 1754 1498 1812 ὑπηρχον

115 1813 260 1863 κίονες
277 1813 366 1855 ἰ’σοι
384 1816 445 1868 τῷ
470 1811 610 1868 μήκει,
635 1811 777 1881 βραχύ
798 1814 1018 1862 λείποντες
1035 1816 1124 1855 τῶν
1147 1811 1305 1856 ἑκατόν
1332 1817 1498 1868 πηχῶν,

38 1874 105 1912 472
119 1868 236 1912 οὕτω
255 1872 588 1919 συννενευκότες
615 1871 674 1920 είς
701 1868 915 1938 ἀλληλους
943 1868 1046 1936 ώςτε
1071 1872 1151 1912 τοῦ
1181 1868 1343 1919 παντὸς
1372 1885 1500 1912 κατα-

118 1924 416 1979 σκευάσματος
449 1924 577 1976 ὄντος
603 1925 887 1980 ἐννεαστέγου
915 1925 995 1980 τὴν
1023 1925 1103 1979 μὲν
1138 1924 1317 1996 πρώτην
1344 1925 1498 1993 στέγην
1527 1920 1583 1962 75

116 1981 328 2037 ὑπάρχειν
368 1985 533 2025 κλινῶν
564 1984 882 2035 τετταράκοντα
911 1986 1073 2035 τριῶν,
1104 1981 1185 2037 τήν
1215 1980 1256 2025 δ’
1290 1980 1499 2025 ἀνωτάτω

115 2038 259 2082 ἐννέα.
317 2054 394 2088 τας
424 2037 470 2082 δὲ
497 2043 621 2092 τρεῖς
641 2043 717 2082 πλε
722 2039 834 2091 υράς
861 2042 935 2094 τῆς
965 2043 1158 2110 μηχανῆς
1189 2038 1351 2091 ἔξωθεν
1377 2049 1500 2082 συνε-

114 2093 284 2146 κάλυψε
325 2095 467 2139 λεπίσι
507 2097 707 2151 σιδηραῖς
747 2095 1100 2156 καθηλωμέναις,
1138 2111 1211 2140 ινα
1245 2095 1379 2152 μηδὲν
1407 2093 1497 2140 ὑπό

117 2253 175 2288 47.
187 2250 382 2298 ΉΑρπιιαν]
397 2235 572 2298 εἈρπίνας
596 2255 625 2288 F
649 2254 751 2296 Bas„
775 2252 903 2288 caeter?
924 2249 1097 2294 Ἀρπίναν
1283 2253 1500 2299 Σερεννίαν]

120 2301 299 2344 Σερίνεαν
322 2301 377 2342 Q,
405 2301 599 2343 Σερίνειαν
622 2300 652 2333 1⁴¹
657 2301 689 2355 Q
871 2299 928 2334 49.
951 2296 1147 2343 ὑπατικὴν]
1173 2311 1318 2334 υπατον
1343 2300 1420 2335 FW

232 2344 290 2379 ⁶1.
326 2348 530 2387 Σολπίκιος
553 2347 608 2387 Ἰ,
644 2343 836 2385 ου’λπίκιος
860 2346 911 2388 1«,
934 2347 1064 2380 caeteri
1090 2348 1318 2386 Σουλπίκιος
1383 2364 1389 2371 ·

117 2391 175 2428 52.
209 2390 321 2436 ἐνάτη
345 2393 428 2426 Bas.
489 2394 616 2427 caeteri
648 2391 783 2436 ἐννάτη
968 2392 1025 2426 54.
1048 2405 1115 2435 μεν
1139 2403 1208 2426 οιιι.
1233 2392 1317 2426 Bas.

117 2438 176 2473 58.
199 2405 490 2492 ὑπεραίρουσάν]
514 2437 767 2482 ὑπερέχουσαν
790 2437 892 2480 QW,
916 2450 979 2484 αιρ
1004 2449 1108 2482 super
1130 2451 1168 2482 εχ
1192 2439 1313 2472 scribit
1336 2438 1368 2471 F

165 2483 222 2517 60.
246 2480 492 2540 ὑπεστήσατο]
515 2483 773 2528 ὑπεστήσαντο
799 2485 881 2520 Bas.
1057 2485 1114 2518 (53.
1137 2482 1281 2529 διέλαβε
1305 2483 1395 2526 FW,
1420 2494 1499 2518 cao-

119 2529 186 2564 teri
211 2528 382 2575 διέλαβον
468 2529 471 2533 ’
541 2532 681 2573 δοκοῖς]
709 2533 835 2570 δοκαῖς
857 2531 888 2564 F
1024 2529 1083 2565 61.
1106 2533 1299 2575 προωθεῖν
1315 2529 1500 2563 Rei-udus:

120 2575 204 2610 libri
226 2578 421 2619 παρωθεῖν
572 2577 630 2612 65.
654 2575 880 2632 ὑπότροχον]
905 2571 978 2612 ὑπὸ
1003 2575 1150 2622 τρόχοις
1173 2576 1264 2617 FW,
1289 2575 1416 2610 omisso
1439 2575 1499 2609 hic

119 2626 239 2665 postea
261 2625 406 2668 τροχοῖς
586 2623 645 2658 67.
674 2621 824 2665 ἀψιὸων
848 2634 968 2657 omncs
1149 2621 1208 2658 68.
1241 2601 1370 2666 δυοῖν]
1396 2621 1499 2656 δυεῖν

121 2667 156 2700 Τ
188 2667 272 2701 Bas.
453 2667 514 2704 69.
548 2668 615 2714 τὴν
646 2670 731 2703 Rei
725 2669 831 2703 hius.
868 2669 952 2702 libri
984 2669 1066 2708 ταῖς
1257 2666 1297 2704 ἐκ
1330 2667 1498 2712 πλαγίας]

120 2713 289 2769 πλαγίαις
310 2714 340 2749 1⁴·
454 2682 654 2759 μετάθεσιν
677 2716 774 2754 Β..,ιει
795 2715 922 2749 caeteri
943 2712 1184 2757 μεταθέσεσιν
1297 2714 1355 2748 72.
1379 2714 1499 2754 κίονες

121 2759 256 2794 addunt
278 2759 552 2796 Rhodomnnuus
642 2761 700 2796 73.
730 2758 845 2806 ον’τω]
874 2760 957 2795 libri
980 2758 1101 2800 οὕτως
1217 2756 1322 2801 ωςτε]
1343 2772 1393 2798 ως
1416 2760 1499 2796 Bao.

213 2805 294 2842 472.
339 2805 398 2842 75.
420 2805 691 2854 τετταράκοντα
714 2809 765 2851 Γ,
787 2819 815 2853 μ
841 2808 921 2843 Bae.
932 2832 943 2850 ,
965 2805 1238 2852 τεσσαράκοντα
1259 2805 1388 2843 caeteri
