1820 3249
331 55 439 95 1314
670 50 785 91 LlB.
815 49 963 92 XV111.
1021 50 1152 93 CAP.
1186 53 1253 94 59.
1281 55 1352 94 60.

331 162 623 232 οἰακιζόμενος
666 159 844 212 ἐναλλὰξ
884 158 1073 232 ἀγαθοῖς
1105 178 1149 205 τε
1188 161 1262 206 καὶ
1298 165 1449 211 κακοῖς
1481 165 1698 205 κυκλεῖται

247 227 300 264 80
330 219 471 263 πάντα
490 218 569 262 τόν
589 220 739 261 αι’ὦνα
780 207 934 272 διόπερ
953 216 1206 272 παράδοξόν
1235 219 1351 261 ἐστιν
1381 217 1463 260 οὐκ
1483 219 1520 260 εἰ
1546 217 1697 287 γέγονέ

330 293 372 319 τι
402 275 674 343 παράλογον,
720 272 815 317 ἄλλ’
847 276 883 318 εἰ
914 275 971 331 μή
1001 279 1088 318 πᾶν
1116 275 1204 318 ἐστι
1234 276 1282 318 τό
1312 274 1543 330 γινόμενοι
1580 271 1653 315 ἆνε
1640 273 1696 316 ’λ’-

329 344 496 376 πιστον.
557 330 626 374 διὸ
656 330 730 374 καὶ
757 330 836 386 τὴν
866 333 1063 384 ἱστορίαν
1090 348 1308 401 προςηκοι
1311 347 1392 382 τως
1422 331 1478 373 ἄν
1506 346 1569 380 τις
1599 347 1700 373 απο-

330 391 519 441 δέξαιτο·
570 403 622 443 τη
663 387 745 442 γὰρ
784 392 872 430 τῶν
901 387 1100 442 πράξεων
1129 388 1353 459 ἀιωμαλίᾳ
1381 387 1455 431 καὶ
1484 389 1698 443 μεταβολῃ

245 449 302 490 85
333 434 593 498 διορθοῦται
622 448 710 486 τῶν
738 443 818 499 μὲν
836 461 1048 515 ευτυχουι
1052 461 1137 487 των
1160 445 1240 500 τὴν
1262 444 1581 514 ὑπερηφανίαν,
1610 448 1699 486 τῶν

249 508 305 546 60
334 500 379 544 δ’
407 462 720 569 ακληρούντων
747 500 826 556 τήν
856 500 1060 571 ἀτυχίαν.
1109 501 1138 544 ἃ
1168 501 1239 545 καὶ
1271 500 1366 544 τότε
1386 498 1700 555 διανοούμενος

332 556 533 626 Εὐμένης
561 555 791 610 ἐμφρόνως
820 573 873 600 τα
903 556 1011 600 καθ’
1040 556 1197 601 ἑαυτὸν
1224 556 1522 627 ἠσφαλίσατο,
1571 572 1702 610 προο-

334 612 530 668 ρώμενος
559 629 637 684 την
665 617 740 668 τῆς
768 613 896 668 τύχης
925 616 1220 668 καινοτομίαν.
1281 614 1399 668 ὁρῶν
1425 630 1510 669 γαρ
1542 612 1700 656 ἑαυτὸν

246 677 300 718 90
329 670 408 726 μὲν
437 669 564 722 ξένον
593 669 698 713 ὄντα
727 670 800 711 καὶ
833 670 967 724 μηδὲν
1001 669 1288 739 προςήκοντα
1313 673 1555 740 βασιλικαῖς
1585 669 1704 721 ἐξου-

329 728 454 777 σίαις,
486 725 588 776 τούς
616 724 658 769 δ’
691 724 1070 794 ὑποταττομένους
1106 725 1370 777 Μακεδόνας
1397 726 1597 770 θάνατον
1626 722 1703 768 αύ-

327 787 409 827 τοῦ
438 780 861 836 προκατεγνωκότας,
891 782 996 833 τοὺς
1017 781 1061 826 6’
1084 782 1131 826 ἓν
1155 788 1248 834 ταῖς
1269 787 1595 852 στρατιωτικαῖς
1612 780 1705 837 ἦγε

327 841 503 895 μονίαις
554 839 854 891 διατρίβοντας
894 838 1177 908 φροιήματος
1215 839 1392 909 πληρεις
1430 838 1706 893 ὑπάρχοντας

326 896 398 939 καὶ
428 893 627 964 μεγαλων
655 894 921 949 πραγμάτων
951 894 1256 951 ὀρεγομένους,
1285 895 1503 952 ὑπέλαβεν
1531 897 1707 938 ε’σεσθαι

245 960 299 1002 95
329 953 428 1023 περὶ
466 949 601 993 αὑτὸν
640 950 867 1006 συντόμως
905 952 1234 1024 καταφρόνησιν
1276 953 1364 1007 ἅμα
1407 953 1480 995 καὶ
1529 951 1706 1022 φθόνον

327 1009 402 1077 καὶ
436 1006 485 1050 τὸ
516 1011 765 1050 τελευταῖον
793 1007 870 1050 τὸν
898 1009 998 1078 περὶ
1034 1013 1113 1052 τοῦ
1150 1013 1239 1078 ζῆν
1260 1011 1491 1052 κίνδυνον·
1541 1007 1704 1078 μηδένα

327 1065 410 1120 γὰρ
440 1063 641 1118 ποιησειν
669 1062 881 1114 ἑκουσίως
920 1064 970 1108 τό
1002 1065 1376 1135 προςταττόμενον
1403 1063 1491 1108 ὑπό
1521 1069 1608 1107 τῶν
1635 1063 1706 1120 ἡτ·

327 1121 471 1164 τόνων
501 1126 613 1163 εἰναι
642 1119 897 1163 δοκούντων
917 1122 1043 1191 μηδε
1066 1121 1354 1192 κρατερησειν
1384 1119 1704 1190 δεσποζόμενον

220 1187 297 1226 100
329 1176 416 1221 ὑπό
448 1181 538 1220 τῶν
567 1175 836 1232 ὀφειλόντων
863 1176 1023 1233 ετέροις
1049 1177 1382 1222 ὑποταττεσθαι.
1440 1177 1544 1228 δοὺς
1565 1177 1611 1220 δὲ
1631 1194 1705 1220 αυ-

325 1238 388 1291 τῷ
427 1233 527 1288 περὶ
563 1234 734 1277 τούτων
772 1233 933 1288 λόγον,
980 1249 1161 1288 πρωτον
1200 1235 1279 1305 μὲν
1313 1234 1555 1304 διδομένων
1585 1232 1706 1305 αὐτῷ

324 1294 413 1333 τῶν
443 1291 745 1333 πεντακοσίων
772 1289 998 1333 ταλάντων
1024 1307 1135 1334 κατα
1165 1292 1243 1342 τὰς
1269 1308 1358 1334 των
1379 1289 1591 1346 βασιλέων
1615 1278 1704 1333 ἐπι-

326 1345 487 1397 στολας
520 1349 579 1397 εἰς
610 1345 831 1415 ἀνάληψιν
859 1347 932 1390 καὶ
960 1347 1257 1417 κατασκευήν,
1308 1347 1391 1391 οὐκ
1421 1348 1551 1404 ἔφησε
1578 1346 1705 1416 λήψε-

325 1407 456 1447 σθαι·
503 1402 560 1458 μὴ
594 1419 678 1473 γαρ
708 1405 995 1457 προςδεῖσθαι
1023 1404 1284 1475 τηλικαύτης
1313 1407 1505 1477 δωρεᾶς,
1555 1420 1616 1454 ως
1652 1401 1707 1445 ἂν

270 1464 297 1507 5
324 1461 536 1529 μηδεμιᾶς
577 1457 717 1502 αὐτοῦ
747 1458 1012 1512 σπεύδοντος
1041 1466 1187 1532 τυχεῖν
1215 1461 1461 1518 ἡγεμονίας.
1519 1460 1594 1504 καὶ
1622 1476 1705 1515 γαρ

326 1521 413 1560 νῦν
442 1514 522 1572 οὐχ
551 1514 763 1566 ἑκουσίως
793 1515 929 1560 αὐτὸν
957 1516 1254 1574 ὑπακηκοέναι
1290 1519 1403 1587 πρὸς
1436 1517 1602 1573 ταύτην
1629 1517 1708 1572 τὴν

324 1573 503 1629 χρείαν,
534 1569 638 1615 ἀλλ’
667 1571 756 1616 ὑπὸ
785 1589 874 1616 των
902 1575 1116 1630 βασιλέων
1144 1573 1505 1644 συνηναγκασθαι
1532 1573 1709 1642 προςδέ·

326 1632 486 1682 ξασθαι
531 1627 615 1699 τὴν
667 1628 880 1686 τοιαύτην
918 1633 1205 1686 λειτουργίαν.
1276 1631 1473 1676 καθόλου
1510 1647 1594 1685 γαρ
1634 1628 1706 1673 δια

325 1685 409 1746 τὴν
438 1683 663 1741 συνέχειαν
689 1689 765 1742 τῆς
793 1688 1015 1740 στρατείας
1028 1687 1196 1759 μηκέτι
1219 1687 1439 1732 δύνασθαι
1462 1687 1612 1756 φέρειν
1631 1702 1707 1737 τας

250 1751 298 1789 10
327 1745 628 1812 κακοπαθείας
658 1743 732 1786 καὶ
759 1742 938 1794 πλάνας,
968 1744 1042 1788 καὶ
1070 1749 1208 1788 ταῦτα
1236 1748 1445 1802 μηδεμιᾶς
1475 1741 1706 1796 ὑποκειμέ-

326 1816 407 1870 νης
446 1797 584 1856 αρχῆς
638 1799 811 1858 ξένῳκ
784 1799 858 1842 καὶ
897 1803 973 1870 τῆς
1023 1799 1270 1857 ὁμοεθνοῦς
1312 1806 1404 1852 τοῖς
1447 1786 1708 1870 Μακεδόσιν

327 1855 526 1906 ἐξουσίας
555 1854 868 1925 κεχωρισμένῳ.
927 1855 1192 1927 απεφαίνετο
1229 1858 1275 1902 δὲ
1306 1857 1441 1901 αὑτὸν
1470 1857 1708 1912 ἑωρακέναι

328 1911 438 1954 κατὰ
465 1911 543 1954 τόν
571 1911 719 1955 ὕπνον
748 1911 855 1963 ὄψιν
874 1913 1141 1967 παράδοξον,
1163 1914 1228 1985 ἣν
1249 1913 1491 1970 αναγκαῖον
1508 1913 1708 1982 ἡγεῖσθαι

247 1972 298 2014 15
331 1970 520 2036 δηλῶσαι
561 1971 687 2010 πᾶσι·
747 1969 896 2011 δοκεῖν
932 1986 1017 2025 γαρ
1065 1970 1204 2028 αὐτὴν
1246 1971 1386 2015 πολλὰ
1425 1970 1705 2037 συνεργησειν

327 2023 440 2095 πρός
476 2039 521 2066 τε
563 2021 776 2078 ὁμόνοιαν
811 2024 885 2068 καὶ
921 2026 970 2069 τὸ
1008 2032 1138 2100 κοινῇ
1169 2028 1408 2083 συμφέρον.
1467 2027 1589 2079 δόξαι
1616 2024 1702 2095 γοὶρ

327 2080 463 2124 αὐτὸν
505 2096 616 2124 κατα
654 2079 733 2124 τὸν
768 2080 912 2124 ὕπνον
950 2080 1061 2138 ὁρᾶν
1095 2082 1377 2155 Ἀλέξανδρον
1417 2083 1493 2127 τὸν
1525 2080 1704 2140 βασιλέα

329 2141 467 2190 ζωντα
496 2137 570 2180 καὶ
598 2140 652 2192 τῇ
662 2140 881 2204 βασιλικῇ
912 2144 1045 2210 σκευῇ
1081 2141 1404 2210 κεκοσμημένον
1429 2141 1704 2211 χρηματίζειν

327 2194 401 2238 καὶ
429 2194 482 2238 τὰ
510 2191 818 2250 προςτάγματα
846 2182 1018 2240 διδόναι
1046 2203 1138 2249 τοῖς
1165 2197 1347 2255 ἡγεμόσι
1371 2197 1443 2242 καὶ
1471 2197 1613 2240 πάντα
1650 2212 1704 2239 τα

326 2359 383 2395 81.
429 2360 532 2418 πᾶν]
567 2373 666 2396 πανν
689 2361 723 2396 Τ
915 2363 974 2400 87.
1020 2364 1241 2415 ἐμφρόνως]
1277 2363 1476 2425 εὐφρόνως
1490 2367 1521 2401 F

326 2406 384 2441 88.
416 2419 506 2462 ησφ.
531 2425 576 2433 ——
598 2408 656 2443 89.
683 2404 785 2452 ὅρων
793 2407 878 2465 γάρ
903 2422 971 2446 om.
994 2414 1078 2450 Bas.
1217 2413 1274 2452 89.
1307 2416 1463 2470 ξένονμ
1467 2411 1506 2449 ὲν
1521 2412 1600 2447 FW
1619 2412 1700 2447 Bas

326 2453 384 2487 90.
417 2454 753 2510 νποταττομένους]
778 2453 1095 2515 ὑποτεταγμένους
1111 2462 1142 2496 F
1280 2460 1338 2497 95.
1362 2457 1490 2505 αυτὸν]
1517 2457 1633 2494 αὐτόν
1653 2459 1700 2493 W

419 2499 501 2534 100.
538 2496 638 2547 αυτῷ
663 2502 752 2544 FW,
775 2504 902 2538 caeteri
929 2503 1030 2548 αύτῷ
1165 2507 1198 2541 7.
1229 2507 1406 2565 τοιαύτην
1431 2518 1500 2540 om.
1524 2506 1572 2539 W

329 2545 386 2578 10.
418 2542 533 2592 ἀρχῆς
554 2557 623 2581 om·
647 2548 678 2580 F
826 2548 882 2582 12-
920 2549 960 2587 δὲ
983 2554 1041 2594 w,
1065 2554 1194 2587 caeteri
1216 2553 1283 2599 γάρ
1428 2549 1578 2608 αὑτὸν]
1586 2549 1699 2585 αντὸν

330 2588 381 2624 w
577 2593 634 2627 13.
681 2588 868 2639 ἡγεῖσθαι]
902 2594 943 2632 δ’
975 2595 1145 2644 ἡγεῖσθαι
1177 2600 1207 2633 F
1401 2600 1459 2634 15.
1506 2596 1598 2644 πρός
1632 2597 1698 2630 ΤΧ

330 2637 425 2682 Bas„
449 2638 574 2672 caeteri
599 2640 824 2682 praemittunt
848 2639 961 2690 αὐτῷ,
984 2646 1074 2689 quod
1098 2646 1260 2682 asterisco
1284 2647 1418 2682 notavit
1441 2645 1639 2689 Stephanus

415 2664 492 2720 'sm
524 2681 639 2721 αὐτὰν
662 2696 730 2720 om.
756 2688 802 2721 W
823 2688 905 2724 Bas.
