1820 3249
373 83 483 129 1534
757 79 990 123 LIBz-xx.
1050 80 1182 124 cAl‘.
1207 85 1275 127 8-1.
1296 84 1363 125 85.

371 196 420 239 ἐκ
446 197 539 251 τῆς
551 192 731 244 πόλεως
759 192 1018 263 ἐξέπεμψαν,
1049 192 1145 249 ἅμα
1167 192 1266 249 μὲν
1275 209 1355 248 της
1378 209 1469 238 των.
1490 193 1748 252 ἀναγκαίων

371 253 554 303 ἐνδείας-
566 249 911 306 προνοηθέντες,
943 250 1054 323 ἅμα,
1055 251 1126 294 ,δὲ
1120 250 1211 295 καὶ
1238 253 1319 294 τοῦ
1349 249 1512 319 μηδένα
1541 270 1595 310 τη
1623 270 1750 297 κατα·
1812 273 1814 302 1

373 307 520 353 στάσει
568 308 904 378 δυςχεραίνοντα
940 309 1156 364 γίνεσθαι·
1187 310 1263 363 τῆς
1308 306 1475 359 πόλεως
1517 296 1750 366 προδότην.

373 363 595 420 ἀριθμόν
607 363 654 408 δὲ
691 363 1004 422 ποιησάμενοι
1018 366 1108 407 τῶν
1149 363 1406 420 δυναμένων
1452 363 1752 419 αγωνίζεσθοιι,

288 423 342 466 85
372 425 564 466 πολιτῶν
591 420 672 476 μὲν
701 423 832 474 εὖρον
860 421 957 476 περὶ
981 419 1307 492 έξοικιςχιλίους,
1337 425 1426 464 τῶν
1450 422 1497 465 δὲ
1524 425 1753 476 παροίκων

370 479 446 522 καὶ
474 478 609 530 ξένων
647 478 708 529 εἷς
723 478 918 547 χιλίους.
976 477 1246 548 ἐψηφίσαντο
1277 478 1331 522 δὲ
1359 478 1431 521 και
1459 483 1548 522 τῶν
1577 479 1752 523 δούλων
1819 524 1820 527 ,

370 535 477 585 τούς
508 533 677 590 α’νδρας
706 530 908 603 οέγαθούς
927 534 1189 589 γενομένους
1218 533 1265 576 ἐν
1285 539 1377 585 τοῖς
1406 534 1648 587 κινδύνοις
1644 534 1753 592 ἄγο-
1819 541 1820 547 ’

372 590 593 663 ρασαντας
630 607 750 645 παρα
787 595 876 634 τῶν
913 593 1136 634 δεσποτῶν
1171 590 1437 644 ἐλευθερουν
1473 593 1547 636 καὶ
1575 595 1754 645 πολίτας

371 653 509 692 εἶναι’
541 647 740 715 ἔγραψαν
771 647 817 690 δὲ
846 647 918 690 καὶ
939 651 1036 689 τῶν
1043 647 1443 714 τελευτησάντων’
1426 664 1473 692 εν
1498 652 1561 707 τῷ
1578 649 1753 706 πολέμῳ

285 714 341 755 90
371 704 424 749 τοὶ
457 704 536 759 μὲν
565 703 743 774 σώματα
774 704 962 760 δημοσίᾳ
991 701 1261 755 θάπτεσθαι,
1299 703 1405 754 τούς
1433 704 1479 748 δὲ
1506 711 1649 776 γονεῖς
1677 707 1754 750 καὶ

370 764 531 811 παῖδας
568 760 808 816 τρέφεσθαι
847 758 1153 831 λαμβάνοντας
1192 775 1272 814 την
1310 762 1520 817 χορηγίαν
1554 760 1642 806 vind
1671 766 1754 806 τοῦ

370 821 530 863 κοινοῦ
557 819 778 886 ταμιείου,
814 817 888 860 καὶ
917 816 994 886 τοὲς
1025 816 1104 870 μὲν
1132 815 1391 869 παρθένους
1414 819 1603 877 δημοσία
1629 834 1754 875 προι-

371 879 593 927 κίζεσθαι,
633 873 736 923 τοὺς
775 871 818 916 6'
861 872 989 923 υἱούς
1023 872 1085 915 ἐν
1099 871 1255 930 ἡλικίᾳ
1297 873 1562 930 γενομένους
1600 875 1648 919 ἐν
1691 879 1755 933 τςὸ

287 937 342 979 95
371 931 544 1001 θεάτρῳ
585 933 863 984 στεφανῶσαι
902 934 996 980 τοῖς
1025 928 1280 980 Διονυσίοις
1309 932 1543 974 πανοπλία.
1603 931 1690 976 δια
1708 921 1755 976 δὲ

371 986 544 1031 τούτων
580 985 916 1057 ἐκκαλεσάμενοι
950 985 1050 1037 τοὶς
1065 985 1274 1029 ἁπάντων
1310 975 1566 1057 προθυμίας
1599 991 1666 1041 εἰς
1703 988 1753 1033 τό

371 1043 477 1096 τούς
505 1042 744 1094 κινδύνους
770 1042 1006 1097 υπομένειν
1034 1041 1248 1098 εὐψύχως,
1274 1042 1536 1114 ἐποιήσαντο
1566 1046 1641 1089 καὶ
1666 1049 1756 1090 τῶν

373 1100 520 1145 ἄλλων
548 1099 632 1169 τὴν
659 1100 946 1169 ἐνδεχομένην
961 1099 1279 1168 ‚napomxevp'v-
1320 1099 1640 1171 ὁμονοοῦντος
1668 1102 1753 1157 γὰρ

369 1162 453 1202 τοῦ
483 1156 705 1227 πλήθους,
743 1159 787 1200 οἱ
821 1156 900 1212 μὲν
930 1154 1116 1225 εὔποροι
1144 1155 1330 1211 χρήματ’
1359 1158 1614 1228 εἰςέῳερον,
1634 1161 1678 1202 οἱ
1707 1160 1755 1202 δὲ

259 1224 341 1264 100
369 1219 560 1286 τεχνῖται
588 1231 667 1265 τας
697 1213 845 1257 αὐτῶν
873 1211 1110 1282 ἐπιστήμας
1132 1214 1399 1283 παρείχοντο
1427 1214 1538 1268 πρὸς
1564 1214 1646 1270 τήν
1664 1231 1755 1258 των

370 1271 521 1316 ὅπλων
560 1269 857 1339 κατασκευήν,
898 1269 1013 1320 ἅπας
1049 1267 1090 1311 δ’
1121 1272 1177 1323 ἠν
1206 1268 1400 1324 ἐνεργός,
1436 1273 1492 1327 τῇ
1518 1273 1756 1344 φιλοτιμία

367 1329 475 1379 τούς
515 1326 677 1378 ἄλλους
712 1325 987 1380 ὑπερθέσθαι
1025 1325 1242 1369 σπεύδων.
1303 1325 1475 1395 διόπερ
1482 1327 1544 1370 οἱ
1565 1328 1644 1383 μὲν
1671 1328 1756 1384 ἐγί-

367 1400 501 1429 νοντο
531 1384 636 1453 περὶ
671 1383 775 1435 τούς
805 1381 1021 1440 ὀξυβελεῖς
1058 1382 1139 1425 καὶ
1151 1382 1480 1453 πετροβόλους,
1511 1385 1557 1427 οἱ
1578 1385 1631 1429 δε
1655 1385 1756 1440 περὶ

365 1442 449 1498 τὴν
487 1444 577 1484 τῶν
618 1438 762 1483 αλλων
808 1437 1261 1510 κατασκευήν,ἶτινὲς
1303 1438 1356 1483 δὲ
1383 1455 1440 1483 τα
1468 1442 1755 1512 πεπονηκότα

312 1498 339 1542 5
369 1502 458 1542 τῶν
501 1501 657 1553 τειχῶν
695 1495 1035 1549 ἐπεσκεύαζον,
1050 1499 1267 1538 πλεῖστοι
1277 1495 1329 1539 δὲ
1359 1497 1519 1548 λίθους
1554 1502 1666 1552 πρὸς
1696 1497 1755 1542 τοὶ

369 1557 485 1611 τείχη
518 1555 725 1611 φέροντες
753 1552 993 1624 ἐσώρευον.
1027 1551 1271 1608 ἐξέπεμψαν
1300 1553 1352 1596 δὲ
1375 1555 1452 1597 καὶ
1480 1558 1569 1598 τῶν
1599 1555 1755 1625 ᾅριστα

369 1615 604 1656 πλεουσῶν
641 1613 756 1654 νει-ὄν
763 1615 896 1680 τρεῖς
925 1608 1011 1653 ἐπὶ
1037 1609 1143 1660 τούς
1170 1611 1408 1662 πολεμίους
1436 1611 1529 1654 καὶ
1541 1612 1647 1663 τούς
1674 1627 1755 1655 πα-

370 1670 689 1724 ρακομίζοντας
718 1664 870 1718 αὐτοῖς
898 1664 1065 1735 ἀγορας
1093 1664 1327 1722 ἐμπόρους.
1381 1669 1525 1711 αύται
1540 1669 1604 1713 δὲ
1601 1684 1755 1723 παρα-

287 1728 340 1768 10
370 1725 507 1778 δόξως
551 1726 830 1794 ἐπιφανεῖσαι
867 1723 1008 1767 πολλοὶ
1049 1723 1128 1792 μὲν
1163 1727 1296 1766 πλοῖα
1323 1739 1412 1767 των
1440 1724 1512 1768 ἐπὶ
1539 1725 1620 1793 τὴν
1648 1742 1755 1781 προ-

368 1782 513 1853 νομην
541 1786 617 1837 τῆς
644 1781 788 1851 χώρας
818 1779 1029 1850 ωφελείας
1057 1796 1186 1836 χαριν
1213 1779 1435 1850 πλεόντων
1458 1781 1662 1838 ἐμπόρων
1680 1799 1754 1826 κοι-

370 1838 654 1890 τεπόντισαν,
695 1837 778 1881 οὐκ
809 1836 934 1894 ὀλίγα
964 1837 1010 1881 δὲ
1039 1837 1113 1880 καὶ
1149 1836 1260 1890 πρὸς
1288 1836 1367 1880 τόν
1397 1839 1596 1908 αἰγιαλὸν
1625 1856 1753 1883 κατα·
1762 1854 1764 1857 ’

371 1908 542 1941 σπωσαι
572 1895 869 1947 συνέκαυσαν,
907 1894 985 1939 καὶ
1019 1897 1108 1936 τῶν
1137 1893 1422 1963 αἰχμαλωτων
1448 1911 1502 1938 τα
1530 1896 1752 1951 δυνάμενα

372 1956 531 1998 δοῦναι
570 1950 732 2006 λύτρον
768 1949 1061 2019 παρεκόμιζον
1097 1951 1159 2000 εἰς
1196 1949 1278 2007 τὴν
1313 1951 1468 1995 πόλιν.
1514 1952 1750 1998 συνέθεντο

291 2014 342 2058 15
371 2010 453 2067 γὰρ
493 2011 538 2053 οἱ
562 2008 724 2052 Ρόδιοι
761 2007 874 2061 πρὸς
908 2007 988 2050 τόν
1015 2006 1274 2078 Δημήτριον
1315 2001 1417 2058 ὥςτε
1445 2007 1669 2076 αλλήλοις
1673 2012 1752 2053 δι·-

372 2068 499 2112 δόναι
536 2064 728 2121 λύτρον,
766 2062 1002 2119 ἐλευθέρου
1037 2079 1118 2119 μεν
1153 2064 1293 2120 χιλίας
1331 2064 1546 2120 δραχμας,
1586 2065 1752 2110 δούλου

372 2124 419 2169 δε
445 2124 745 2174 πεντακοσίας.

286 2186 342 2226 85
487 2178 612 2235 Πρὸς
648 2178 724 2231 τὰς
771 2175 914 2228 θέσεις
960 2193 1048 2220 των
1089 2175 1290 2248 ὀργανων
1339 2175 1387 2220 δὲ
1423 2176 1479 2220 ὁ
1500 2177 1752 2234 Δημήτριος

368 2236 576 2294 α’φθονον
611 2236 720 2293 ε’χων
751 2249 958 2279 απαντων
991 2237 1203 2291 χορηγίαν
1231 2233 1390 2290 ἤρξατο
1418 2238 1751 2290 κατασκευάζειν

368 2363 425 2398 88.
450 2359 674 2407 ἐλευθερουν
697 2359 774 2405 καὶ]
800 2356 867 2405 τήν
891 2357 1106 2404 ἐλευθερίαν
1128 2359 1185 2404 F,
1207 2359 1356 2394 alterum
1377 2372 1434 2405 γρ.
1456 2359 1492 2394 iu
1514 2360 1674 2405 margine
1687 2372 1748 2405 po—

869 2409 927 2445 οἷς

367 2466 451 2489 nens
632 2452 690 2489 94.
719 2453 821 2496 τοῖς]
844 2456 925 2493 ταῖς
947 2451 977 2485 F
1157 2425 1366 2496 πανοπλία]
1391 2452 1614 2492 πανοπλίαις
1636 2452 1748 2496 FQW

551 2499 632 2534 100.
666 2496 763 2540 ἅπας
796 2497 837 2533 δ’·
860 2495 907 2544 ἦν
931 2495 1085 2553 ἐνεργός
1102 2517 1145 2523 -
1170 2486 1362 2541 σπεύδων]
1394 2496 1613 2541 ἐνεργοῖς-
1638 2497 1747 2535 σπεύ-

371 2534 497 2587 δοντες
518 2545 636 2601 FQW
813 2545 847 2579 3.
868 2541 1108 2602 κατασκευήν
1132 2544 1235 2586 FW,
1259 2543 1387 2578 caeteri
1412 2543 1647 2600 παρασκευήν

462 2593 498 2628 9.
521 2589 652 2636 πολλοὶ]
676 2591 739 2627 καὶ
762 2589 880 2626 πολλοὶ
902 2592 932 2625 F
1115 2590 1170 2624 10.
1199 2590 1399 2635 ω’ςοελείας]
1422 2591 1488 2636 τῆς
1511 2588 1690 2645 ω’φελείας
1712 2592 1744 2624 F

516 2637 686 2683 ἐμπόρων
709 2643 929 2696 suspectum
929 2639 981 2671 est
1002 2635 1144 2670 Reiskio
1286 2637 1344 2673 13.
1370 2605 1526 2681 λύτρον]
1552 2635 1663 2682 λύτρα
1688 2638 1745 2677 W,

371 2682 511 2731 λούτρα
533 2687 564 2720 F
689 2685 746 2719 17.
771 2682 812 2720 δε
836 2681 880 2729 6]
908 2696 928 2719 ο
953 2681 993 2718 δὲ
1017 2683 1099 2717 Bas.
1091 2708 1113 2726 .,
1137 2683 1377 2738 praecedentia
1401 2695 1480 2718 cum
1502 2685 1746 2724 πεντακοσίας

370 2733 600 2778 coniungens:
623 2742 735 2777 neque
756 2730 929 2766 Diodorus
949 2729 1037 2765 alibi
1058 2729 1269 2774 particulam
1291 2730 1343 2767 sic
1364 2730 1454 2766 solet
1475 2731 1650 2766 collocare
