<?xml version="1.0" encoding="UTF-8"?>
<!DOCTYPE html PUBLIC "-//W3C//DTD XHTML 1.0 Transitional//EN"
    "http://www.w3.org/TR/xhtml1/DTD/xhtml1-transitional.dtd">
<html xmlns="http://www.w3.org/1999/xhtml" xml:lang="en" lang="en">
 <head>
  <title>
</title>
<meta http-equiv="Content-Type" content="text/html;charset=utf-8" />
  <meta name='ocr-system' content='tesseract 3.04.00' />
  <meta name='ocr-capabilities' content='ocr_page ocr_carea ocr_par ocr_line ocrx_word'/>
</head>
<body>
  <div class='ocr_page' id='page_1' title='image "./p1bibliothecahisto02dioduoft_0415.png"; bbox 0 0 1820 3249; ppageno 0'>
   <div class='ocr_carea' id='block_1_1' title="bbox 1367 162 1476 203">
    <p class='ocr_par' dir='ltr' id='par_1_1' title="bbox 1367 162 1476 203">
     <span class='ocr_line' id='line_1_1' title="bbox 1367 162 1476 203; baseline 0.009 -1"><span class='ocrx_word' id='word_1_1' title='bbox 1367 162 1476 203; x_wconf 79' lang='lat'><strong>1331</strong></span> 
     </span>
    </p>
   </div>
   <div class='ocr_carea' id='block_1_2' title="bbox 19 263 1557 2429">
    <p class='ocr_par' dir='ltr' id='par_1_2' title="bbox 101 263 1557 378">
     <span class='ocr_line' id='line_1_2' title="bbox 101 263 1557 348; baseline 0.003 -36"><span class='ocrx_word' id='word_1_2' title='bbox 101 266 178 326; x_wconf 85' lang='grc' dir='ltr'><strong><em>ιγ’..</em></strong></span> <span class='ocrx_word' id='word_1_3' title='bbox 174 265 321 323; x_wconf 76' lang='grc' dir='ltr'><strong><em>,Ἀντιγ</em></strong></span> <span class='ocrx_word' id='word_1_4' title='bbox 323 263 423 311; x_wconf 79' lang='grc' dir='ltr'><strong><em>ὄνον</em></strong></span> <span class='ocrx_word' id='word_1_5' title='bbox 451 264 595 319; x_wconf 79' lang='grc' dir='ltr'><strong><em>πορεία</em></strong></span> <span class='ocrx_word' id='word_1_6' title='bbox 616 263 687 310; x_wconf 83' lang='grc' dir='ltr'><strong><em>δια</em></strong></span> <span class='ocrx_word' id='word_1_7' title='bbox 710 267 785 318; x_wconf 80' lang='grc' dir='ltr'><strong><em>τῆς</em></strong></span> <span class='ocrx_word' id='word_1_8' title='bbox 808 263 960 338; x_wconf 85' lang='grc' dir='ltr'><strong><em>ἐρήμου</em></strong></span> <span class='ocrx_word' id='word_1_9' title='bbox 979 265 1049 309; x_wconf 79' lang='grc' dir='ltr'><strong><em>ἐπὶ</em></strong></span> <span class='ocrx_word' id='word_1_10' title='bbox 1060 283 1156 317; x_wconf 89' lang='grc' dir='ltr'><strong><em>τους</em></strong></span> <span class='ocrx_word' id='word_1_11' title='bbox 1171 271 1388 348; x_wconf 80' lang='grc' dir='ltr'><strong><em>πολεμίους</em></strong></span> <span class='ocrx_word' id='word_1_12' title='bbox 1407 273 1474 315; x_wconf 86' lang='grc' dir='ltr'><strong><em>καὶ</em></strong></span> <span class='ocrx_word' id='word_1_13' title='bbox 1501 274 1557 318; x_wconf 80' lang='grc'><strong><em>25</em></strong></span> 
     </span>
     <span class='ocr_line' id='line_1_3' title="bbox 215 323 1131 380; baseline -0.003 -12"><span class='ocrx_word' id='word_1_14' title='bbox 215 327 396 373; x_wconf 81' lang='grc' dir='ltr'><strong><em>ἐπίθεσις</em></strong></span> <span class='ocrx_word' id='word_1_15' title='bbox 417 327 500 372; x_wconf 87' lang='grc' dir='ltr'><strong><em>τοῖς</em></strong></span> <span class='ocrx_word' id='word_1_16' title='bbox 517 323 560 364; x_wconf 85' lang='grc' dir='ltr'><strong><em>ἐν</em></strong></span> <span class='ocrx_word' id='word_1_17' title='bbox 574 325 626 379; x_wconf 78' lang='grc' dir='ltr'><strong><em>τῆ</em></strong></span> <span class='ocrx_word' id='word_1_18' title='bbox 645 327 937 380; x_wconf 87' lang='grc' dir='ltr'><strong><em>παραχειμασία</em></strong></span> <span class='ocrx_word' id='word_1_19' title='bbox 955 326 1131 378; x_wconf 79' lang='grc' dir='ltr'><em>θηρίοις</em></span> 
     </span>
    </p>

    <p class='ocr_par' dir='ltr' id='par_1_3' title="bbox 99 375 1556 490">
     <span class='ocr_line' id='line_1_4' title="bbox 99 375 1556 452; baseline 0.001 -28"><span class='ocrx_word' id='word_1_20' title='bbox 99 379 164 425; x_wconf 90' lang='grc' dir='ltr'><strong><em>ιδ’</em></strong></span> <span class='ocrx_word' id='word_1_21' title='bbox 190 382 262 430; x_wconf 84' lang='grc' dir='ltr'><strong><em>Ὡς</em></strong></span> <span class='ocrx_word' id='word_1_22' title='bbox 279 375 535 452; x_wconf 71' lang='grc' dir='ltr'><strong><em>παρατάξεως</em></strong></span> <span class='ocrx_word' id='word_1_23' title='bbox 553 380 769 433; x_wconf 80' lang='grc' dir='ltr'><strong><em>γενομένης</em></strong></span> <span class='ocrx_word' id='word_1_24' title='bbox 784 377 1010 434; x_wconf 84' lang='grc' dir='ltr'><strong><em>Ἀντίγονος</em></strong></span> <span class='ocrx_word' id='word_1_25' title='bbox 1028 382 1230 435; x_wconf 82' lang='grc' dir='ltr'><strong><em>ἐκυρίευσε</em></strong></span> <span class='ocrx_word' id='word_1_26' title='bbox 1247 381 1381 438; x_wconf 75' lang='grc' dir='ltr'><strong><em>πάσης</em></strong></span> <span class='ocrx_word' id='word_1_27' title='bbox 1399 389 1472 440; x_wconf 84' lang='grc' dir='ltr'><strong><em>τῆς</em></strong></span> <span class='ocrx_word' id='word_1_28' title='bbox 1501 390 1556 430; x_wconf 85' lang='grc'><strong><em>30</em></strong></span> 
     </span>
     <span class='ocr_line' id='line_1_5' title="bbox 210 434 889 490; baseline -0.002 -11"><span class='ocrx_word' id='word_1_29' title='bbox 210 442 292 484; x_wconf 76' lang='grc' dir='ltr'><strong><em>τῶν</em></strong></span> <span class='ocrx_word' id='word_1_30' title='bbox 313 435 633 489; x_wconf 77' lang='grc' dir='ltr'><strong><em>ἀντιταχθέντων</em></strong></span> <span class='ocrx_word' id='word_1_31' title='bbox 648 434 889 490; x_wconf 76' lang='grc' dir='ltr'><strong><em>δυνάμεως.</em></strong></span> 
     </span>
    </p>

    <p class='ocr_par' dir='ltr' id='par_1_4' title="bbox 97 491 1473 590">
     <span class='ocr_line' id='line_1_6' title="bbox 97 491 1473 590; baseline 0.002 -53"><span class='ocrx_word' id='word_1_32' title='bbox 97 491 155 537; x_wconf 86' lang='grc' dir='ltr'><strong><em>ιε’.</em></strong></span> <span class='ocrx_word' id='word_1_33' title='bbox 183 495 252 543; x_wconf 78' lang='grc' dir='ltr'><strong><em>Ὦς</em></strong></span> <span class='ocrx_word' id='word_1_34' title='bbox 270 491 435 547; x_wconf 71' lang='grc' dir='ltr'><strong><em>Εὐμένη</em></strong></span> <span class='ocrx_word' id='word_1_35' title='bbox 451 492 518 533; x_wconf 86' lang='grc' dir='ltr'><strong><em>καὶ</em></strong></span> <span class='ocrx_word' id='word_1_36' title='bbox 536 509 618 533; x_wconf 93' lang='grc' dir='ltr'><strong><em>των</em></strong></span> <span class='ocrx_word' id='word_1_37' title='bbox 638 491 768 533; x_wconf 86' lang='grc' dir='ltr'><strong><em>α’λλων</em></strong></span> <span class='ocrx_word' id='word_1_38' title='bbox 788 491 996 547; x_wconf 81' lang='grc' dir='ltr'><strong><em>ηγεμὸνων</em></strong></span> <span class='ocrx_word' id='word_1_39' title='bbox 1018 510 1114 543; x_wconf 87' lang='grc' dir='ltr'><strong><em>τους</em></strong></span> <span class='ocrx_word' id='word_1_40' title='bbox 1133 491 1349 550; x_wconf 78' lang='grc' dir='ltr'><strong><em>οἷλλοτρίως</em></strong></span> <span class='ocrx_word' id='word_1_41' title='bbox 1369 515 1473 590; x_wconf 86' lang='grc' dir='ltr'><strong><em>προς</em></strong></span> 
     </span>
    </p>

    <p class='ocr_par' dir='ltr' id='par_1_5' title="bbox 19 547 1555 715">
     <span class='ocr_line' id='line_1_7' title="bbox 106 547 782 599; baseline -0.002 -7"><span class='ocrx_word' id='word_1_42' title='bbox 106 594 108 599; x_wconf 50' lang='grc'><strong>,</strong></span> <span class='ocrx_word' id='word_1_43' title='bbox 209 548 327 593; x_wconf 84' lang='grc' dir='ltr'><strong><em>αυτὸν</em></strong></span> <span class='ocrx_word' id='word_1_44' title='bbox 346 549 600 597; x_wconf 78' lang='grc' dir='ltr'><strong><em>διατεθέντας</em></strong></span> <span class='ocrx_word' id='word_1_45' title='bbox 617 547 782 591; x_wconf 87' lang='grc' dir='ltr'><strong><em>ανεῖλεν.</em></strong></span> 
     </span>
     <span class='ocr_line' id='line_1_8' title="bbox 19 594 1555 678; baseline 0.003 -28"><span class='ocrx_word' id='word_1_46' title='bbox 19 594 160 661; x_wconf 66' lang='grc' dir='ltr'><strong><em>315ιεί</em></strong></span> <span class='ocrx_word' id='word_1_47' title='bbox 186 607 231 650; x_wconf 88' lang='lat' dir='ltr'><strong><em>‘O</em></strong></span> <span class='ocrx_word' id='word_1_48' title='bbox 249 606 471 678; x_wconf 86' lang='grc' dir='ltr'><strong><em>γενόμενος</em></strong></span> <span class='ocrx_word' id='word_1_49' title='bbox 492 607 534 649; x_wconf 82' lang='grc' dir='ltr'><strong><em>ἐν</em></strong></span> <span class='ocrx_word' id='word_1_50' title='bbox 551 603 670 674; x_wconf 82' lang='grc' dir='ltr'><strong><em>Ῥόδῳ</em></strong></span> <span class='ocrx_word' id='word_1_51' title='bbox 690 604 964 660; x_wconf 79' lang='grc' dir='ltr'><strong><em>κατακλυσμός</em></strong></span> <span class='ocrx_word' id='word_1_52' title='bbox 990 606 1060 648; x_wconf 87' lang='grc' dir='ltr'><strong><em>καὶ</em></strong></span> <span class='ocrx_word' id='word_1_53' title='bbox 1083 623 1131 648; x_wconf 92' lang='grc' dir='ltr'><strong><em>τα</em></strong></span> <span class='ocrx_word' id='word_1_54' title='bbox 1152 605 1358 661; x_wconf 89' lang='grc' dir='ltr'><strong><em>συμβαντα</em></strong></span> <span class='ocrx_word' id='word_1_55' title='bbox 1379 611 1471 664; x_wconf 84' lang='grc' dir='ltr'><strong><em>περὶ</em></strong></span> <span class='ocrx_word' id='word_1_56' title='bbox 1499 612 1555 655; x_wconf 84' lang='grc'><strong><em>35</em></strong></span> 
     </span>
     <span class='ocr_line' id='line_1_9' title="bbox 209 661 679 715; baseline -0.004 -10"><span class='ocrx_word' id='word_1_57' title='bbox 209 680 284 714; x_wconf 87' lang='grc' dir='ltr'><strong><em>την</em></strong></span> <span class='ocrx_word' id='word_1_58' title='bbox 301 661 376 705; x_wconf 77' lang='grc' dir='ltr'><strong><em>πὸλ</em></strong></span> <span class='ocrx_word' id='word_1_59' title='bbox 381 680 419 704; x_wconf 88' lang='grc' dir='ltr'><strong><em>ιν</em></strong></span> <span class='ocrx_word' id='word_1_60' title='bbox 439 679 679 715; x_wconf 88' lang='grc' dir='ltr'><strong><em>ατυχηματα.</em></strong></span> 
     </span>
    </p>

    <p class='ocr_par' dir='ltr' id='par_1_6' title="bbox 96 716 1472 773">
     <span class='ocr_line' id='line_1_10' title="bbox 96 716 1472 773; baseline 0.003 -11"><span class='ocrx_word' id='word_1_61' title='bbox 96 717 163 771; x_wconf 84' lang='grc' dir='ltr'><strong><em>ιζ’.</em></strong></span> <span class='ocrx_word' id='word_1_62' title='bbox 196 717 404 769; x_wconf 87' lang='grc' dir='ltr'><strong><em>Πύθωνος</em></strong></span> <span class='ocrx_word' id='word_1_63' title='bbox 421 735 479 760; x_wconf 90' lang='grc' dir='ltr'><strong><em>υπ</em></strong></span> <span class='ocrx_word' id='word_1_64' title='bbox 489 716 738 773; x_wconf 79' lang='grc' dir='ltr'><strong><em>’Ἀντιγόνου</em></strong></span> <span class='ocrx_word' id='word_1_65' title='bbox 754 717 934 767; x_wconf 78' lang='grc' dir='ltr'><strong><em>θάνατος</em></strong></span> <span class='ocrx_word' id='word_1_66' title='bbox 957 718 1025 760; x_wconf 86' lang='grc' dir='ltr'><strong><em>καὶ</em></strong></span> <span class='ocrx_word' id='word_1_67' title='bbox 1042 724 1124 761; x_wconf 75' lang='grc' dir='ltr'><strong><em>τῶν</em></strong></span> <span class='ocrx_word' id='word_1_68' title='bbox 1146 717 1206 762; x_wconf 86' lang='grc' dir='ltr'><strong><em>δι’</em></strong></span> <span class='ocrx_word' id='word_1_69' title='bbox 1228 718 1355 764; x_wconf 77' lang='grc' dir='ltr'><strong><em>αΰτον</em></strong></span> <span class='ocrx_word' id='word_1_70' title='bbox 1374 720 1472 767; x_wconf 84' lang='grc' dir='ltr'><strong><em>οἷπο-</em></strong></span> 
     </span>
    </p>

    <p class='ocr_par' dir='ltr' id='par_1_7' title="bbox 173 773 992 829">
     <span class='ocr_line' id='line_1_11' title="bbox 173 773 992 829; baseline -0.004 -10"><span class='ocrx_word' id='word_1_71' title='bbox 173 817 175 819; x_wconf 85' lang='grc'><em>,</em></span> <span class='ocrx_word' id='word_1_72' title='bbox 207 791 386 821; x_wconf 77' lang='grc' dir='ltr'><strong><em>σταντων</em></strong></span> <span class='ocrx_word' id='word_1_73' title='bbox 409 777 467 825; x_wconf 83' lang='grc' dir='ltr'><strong><em>εἰς</em></strong></span> <span class='ocrx_word' id='word_1_74' title='bbox 484 792 560 828; x_wconf 86' lang='grc' dir='ltr'><strong><em>την</em></strong></span> <span class='ocrx_word' id='word_1_75' title='bbox 584 778 755 829; x_wconf 79' lang='grc' dir='ltr'><strong><em>Μηδίαν</em></strong></span> <span class='ocrx_word' id='word_1_76' title='bbox 775 773 992 829; x_wconf 78' lang='grc' dir='ltr'><strong><em>οἷναίρεσις.</em></strong></span> 
     </span>
    </p>

    <p class='ocr_par' dir='ltr' id='par_1_8' title="bbox 95 829 1357 886">
     <span class='ocr_line' id='line_1_12' title="bbox 95 829 1357 886; baseline 0.002 -12"><span class='ocrx_word' id='word_1_77' title='bbox 95 829 162 885; x_wconf 83' lang='grc' dir='ltr'><strong><em>ιη’.</em></strong></span> <span class='ocrx_word' id='word_1_78' title='bbox 223 830 496 885; x_wconf 76' lang='grc' dir='ltr'><em>Ὀλυμπιάδος</em></span> <span class='ocrx_word' id='word_1_79' title='bbox 521 830 667 881; x_wconf 70' lang='grc' dir='ltr'><strong><em>ἅλωσις</em></strong></span> <span class='ocrx_word' id='word_1_80' title='bbox 686 831 768 874; x_wconf 62' lang='grc' dir='ltr'><strong><em>’ὑπὸ</em></strong></span> <span class='ocrx_word' id='word_1_81' title='bbox 787 830 1057 886; x_wconf 76' lang='grc' dir='ltr'><strong><em>Κασσάνδρου</em></strong></span> <span class='ocrx_word' id='word_1_82' title='bbox 1075 832 1142 874; x_wconf 85' lang='grc' dir='ltr'><strong><em>καὶ</em></strong></span> <span class='ocrx_word' id='word_1_83' title='bbox 1161 830 1357 884; x_wconf 73' lang='grc' dir='ltr'><strong><em>θάνατος.</em></strong></span> 
     </span>
    </p>

    <p class='ocr_par' dir='ltr' id='par_1_9' title="bbox 93 886 1554 1054">
     <span class='ocr_line' id='line_1_13' title="bbox 93 886 1554 957; baseline 0.001 -26"><span class='ocrx_word' id='word_1_84' title='bbox 93 888 167 932; x_wconf 86' lang='grc' dir='ltr'><strong><em>ιθ’.</em></strong></span> <span class='ocrx_word' id='word_1_85' title='bbox 195 889 264 938; x_wconf 81' lang='grc' dir='ltr'><strong><em>Ὡς</em></strong></span> <span class='ocrx_word' id='word_1_86' title='bbox 291 886 558 957; x_wconf 89' lang='grc' dir='ltr'><strong><em>Κασσανδρος</em></strong></span> <span class='ocrx_word' id='word_1_87' title='bbox 586 891 882 942; x_wconf 83' lang='grc' dir='ltr'><strong><em>Θεσσαλονίκην</em></strong></span> <span class='ocrx_word' id='word_1_88' title='bbox 913 889 1030 943; x_wconf 79' lang='grc' dir='ltr'><strong><em>ε’γημε</em></strong></span> <span class='ocrx_word' id='word_1_89' title='bbox 1059 906 1134 943; x_wconf 89' lang='grc' dir='ltr'><strong><em>την</em></strong></span> <span class='ocrx_word' id='word_1_90' title='bbox 1166 893 1370 933; x_wconf 88' lang='grc' dir='ltr'><strong><em>Φιλίππου</em></strong></span> <span class='ocrx_word' id='word_1_91' title='bbox 1395 908 1467 933; x_wconf 90' lang='grc' dir='ltr'><strong><em>του</em></strong></span> <span class='ocrx_word' id='word_1_92' title='bbox 1499 895 1554 940; x_wconf 84' lang='grc'><strong><em>40</em></strong></span> 
     </span>
     <span class='ocr_line' id='line_1_14' title="bbox 204 943 1476 1003; baseline 0.003 -16.025"><span class='ocrx_word' id='word_1_93' title='bbox 204 943 426 999; x_wconf 82' lang='grc' dir='ltr'><strong><em>Ἀμύντου,</em></strong></span> <span class='ocrx_word' id='word_1_94' title='bbox 467 943 683 1000; x_wconf 67' lang='grc' dir='ltr'><strong><em>ἐπώνυμον</em></strong></span> <span class='ocrx_word' id='word_1_95' title='bbox 712 943 755 988; x_wconf 83' lang='grc' dir='ltr'><strong><em>δ’</em></strong></span> <span class='ocrx_word' id='word_1_96' title='bbox 788 946 935 988; x_wconf 78' lang='grc' dir='ltr'><strong><em>ἑαυτοῦ</em></strong></span> <span class='ocrx_word' id='word_1_97' title='bbox 965 944 1085 988; x_wconf 88' lang='grc' dir='ltr'><strong><em>πόλιν</em></strong></span> <span class='ocrx_word' id='word_1_98' title='bbox 1120 946 1272 988; x_wconf 73' lang='grc' dir='ltr'><strong><em>ἔκτισεν</em></strong></span> <span class='ocrx_word' id='word_1_99' title='bbox 1305 949 1371 990; x_wconf 84' lang='grc' dir='ltr'><strong><em>ἐπὶ</em></strong></span> <span class='ocrx_word' id='word_1_100' title='bbox 1401 953 1476 1003; x_wconf 84' lang='grc' dir='ltr'><strong><em>τῆς</em></strong></span> 
     </span>
     <span class='ocr_line' id='line_1_15' title="bbox 206 1000 436 1054; baseline 0.005 -12"><span class='ocrx_word' id='word_1_101' title='bbox 206 1000 436 1054; x_wconf 79' lang='grc' dir='ltr'><strong><em>Παλλήνης.</em></strong></span> 
     </span>
    </p>

    <p class='ocr_par' dir='ltr' id='par_1_10' title="bbox 89 1055 1476 1117">
     <span class='ocr_line' id='line_1_16' title="bbox 89 1055 1476 1117; baseline 0.003 -17"><span class='ocrx_word' id='word_1_102' title='bbox 89 1055 143 1107; x_wconf 75' lang='grc' dir='ltr'><strong><em>κ’.</em></strong></span> <span class='ocrx_word' id='word_1_103' title='bbox 170 1058 252 1108; x_wconf 77' lang='grc' dir='ltr'><strong><em>Ὡς</em></strong></span> <span class='ocrx_word' id='word_1_104' title='bbox 267 1056 561 1111; x_wconf 78' lang='grc' dir='ltr'><strong><em>Πολυσπέρχων</em></strong></span> <span class='ocrx_word' id='word_1_105' title='bbox 586 1073 792 1112; x_wconf 87' lang='grc' dir='ltr'><strong><em>απογνονς</em></strong></span> <span class='ocrx_word' id='word_1_106' title='bbox 816 1074 865 1099; x_wconf 89' lang='grc' dir='ltr'><strong><em>τα</em></strong></span> <span class='ocrx_word' id='word_1_107' title='bbox 885 1074 988 1112; x_wconf 89' lang='grc' dir='ltr'><strong><em>προς</em></strong></span> <span class='ocrx_word' id='word_1_108' title='bbox 1017 1074 1112 1108; x_wconf 88' lang='grc' dir='ltr'><strong><em>τους</em></strong></span> <span class='ocrx_word' id='word_1_109' title='bbox 1128 1060 1305 1112; x_wconf 81' lang='grc' dir='ltr'><strong><em>βασιλεῖς</em></strong></span> <span class='ocrx_word' id='word_1_110' title='bbox 1327 1060 1476 1117; x_wconf 71' lang='grc' dir='ltr'><strong><em>ἔφυγεν</em></strong></span> 
     </span>
    </p>

    <p class='ocr_par' dir='ltr' id='par_1_11' title="bbox 117 1116 588 1182">
     <span class='ocr_line' id='line_1_17' title="bbox 117 1116 588 1182; baseline -0.007 -25"><span class='ocrx_word' id='word_1_111' title='bbox 117 1120 119 1122; x_wconf 71' lang='grc'>’</span> <span class='ocrx_word' id='word_1_112' title='bbox 203 1117 259 1164; x_wconf 86' lang='grc' dir='ltr'><strong><em>εἰς</em></strong></span> <span class='ocrx_word' id='word_1_113' title='bbox 279 1131 355 1182; x_wconf 90' lang='grc' dir='ltr'><strong><em>την</em></strong></span> <span class='ocrx_word' id='word_1_114' title='bbox 373 1116 588 1155; x_wconf 84' lang='grc' dir='ltr'><strong><em>Αἰτωλίαν.</em></strong></span> 
     </span>
    </p>

    <p class='ocr_par' dir='ltr' id='par_1_12' title="bbox 81 1167 1553 1281">
     <span class='ocr_line' id='line_1_18' title="bbox 81 1167 1553 1240; baseline 0.002 -26"><span class='ocrx_word' id='word_1_115' title='bbox 81 1168 164 1219; x_wconf 68' lang='lat' dir='ltr'><strong><em>,uol-</em></strong></span> <span class='ocrx_word' id='word_1_116' title='bbox 193 1172 261 1222; x_wconf 81' lang='grc' dir='ltr'><strong><em>Ὡς</em></strong></span> <span class='ocrx_word' id='word_1_117' title='bbox 280 1168 544 1225; x_wconf 79' lang='grc' dir='ltr'><strong><em>Κάσσανδρος</em></strong></span> <span class='ocrx_word' id='word_1_118' title='bbox 556 1167 636 1240; x_wconf 69' lang='grc' dir='ltr'><strong><em>τὴν</em></strong></span> <span class='ocrx_word' id='word_1_119' title='bbox 651 1172 736 1211; x_wconf 76' lang='grc' dir='ltr'><strong><em>ταῖν</em></strong></span> <span class='ocrx_word' id='word_1_120' title='bbox 756 1170 949 1223; x_wconf 87' lang='grc' dir='ltr'><strong><em>Θηβαίων</em></strong></span> <span class='ocrx_word' id='word_1_121' title='bbox 968 1167 1089 1212; x_wconf 87' lang='grc' dir='ltr'><strong><em>πόλιν</em></strong></span> <span class='ocrx_word' id='word_1_122' title='bbox 1105 1168 1183 1213; x_wconf 67' lang='grc' dir='ltr'><strong><em>ὑπ’</em></strong></span> <span class='ocrx_word' id='word_1_123' title='bbox 1202 1167 1469 1230; x_wconf 80' lang='grc' dir='ltr'><strong><em>Ἀλεξανδρου</em></strong></span> <span class='ocrx_word' id='word_1_124' title='bbox 1495 1178 1553 1223; x_wconf 87' lang='lat'><strong><em>45</em></strong></span> 
     </span>
     <span class='ocr_line' id='line_1_19' title="bbox 199 1223 846 1296; baseline -0.005 -26"><span class='ocrx_word' id='word_1_125' title='bbox 199 1227 525 1281; x_wconf 83' lang='grc' dir='ltr'><strong><em>κατεσκαμμένην</em></strong></span> <span class='ocrx_word' id='word_1_126' title='bbox 540 1223 846 1296; x_wconf 77' lang='grc' dir='ltr'><strong><em>οἷποκατέστησε.</em></strong></span> 
     </span>
    </p>

    <p class='ocr_par' dir='ltr' id='par_1_13' title="bbox 89 1275 1468 1352">
     <span class='ocr_line' id='line_1_20' title="bbox 89 1275 1468 1352; baseline 0.003 -26"><span class='ocrx_word' id='word_1_127' title='bbox 89 1275 166 1338; x_wconf 75' lang='grc' dir='ltr'><strong><em>κβ’.</em></strong></span> <span class='ocrx_word' id='word_1_128' title='bbox 197 1284 299 1338; x_wconf 86' lang='grc' dir='ltr'><strong><em>Περὶ</em></strong></span> <span class='ocrx_word' id='word_1_129' title='bbox 329 1289 409 1326; x_wconf 84' lang='grc' dir='ltr'><strong><em>τῶν</em></strong></span> <span class='ocrx_word' id='word_1_130' title='bbox 437 1284 481 1326; x_wconf 89' lang='grc' dir='ltr'><strong><em>ἐν</em></strong></span> <span class='ocrx_word' id='word_1_131' title='bbox 507 1289 590 1332; x_wconf 92' lang='grc' dir='ltr'><strong><em>τοῖς</em></strong></span> <span class='ocrx_word' id='word_1_132' title='bbox 618 1280 797 1336; x_wconf 75' lang='grc' dir='ltr'><strong><em>ἄρχαίοις</em></strong></span> <span class='ocrx_word' id='word_1_133' title='bbox 825 1298 989 1352; x_wconf 89' lang='grc' dir='ltr'><strong><em>χρονοις</em></strong></span> <span class='ocrx_word' id='word_1_134' title='bbox 1015 1279 1258 1336; x_wconf 88' lang='grc' dir='ltr'><strong><em>συμβαντων</em></strong></span> <span class='ocrx_word' id='word_1_135' title='bbox 1280 1289 1334 1343; x_wconf 79' lang='grc' dir='ltr'><strong><em>τῇ</em></strong></span> <span class='ocrx_word' id='word_1_136' title='bbox 1357 1284 1468 1330; x_wconf 87' lang='grc' dir='ltr'><strong><em>πόλει</em></strong></span> 
     </span>
    </p>

    <p class='ocr_par' dir='ltr' id='par_1_14' title="bbox 80 1337 1454 1411">
     <span class='ocr_line' id='line_1_21' title="bbox 80 1337 1454 1411; baseline -0.001 -28"><span class='ocrx_word' id='word_1_137' title='bbox 80 1379 81 1383; x_wconf 72' lang='grc'>,</span> <span class='ocrx_word' id='word_1_138' title='bbox 107 1384 109 1388; x_wconf 63' lang='grc'>,</span> <span class='ocrx_word' id='word_1_139' title='bbox 127 1357 149 1411; x_wconf 38' lang='lat' dir='ltr'><strong><em>&#39;r</em></strong></span> <span class='ocrx_word' id='word_1_140' title='bbox 158 1377 166 1396; x_wconf 69' lang='grc'><strong><em>,</em></strong></span> <span class='ocrx_word' id='word_1_141' title='bbox 203 1345 286 1383; x_wconf 77' lang='grc' dir='ltr'><strong><em>τῶν</em></strong></span> <span class='ocrx_word' id='word_1_142' title='bbox 303 1343 505 1394; x_wconf 87' lang='grc' dir='ltr'><strong><em>Θηβαίων,</em></strong></span> <span class='ocrx_word' id='word_1_143' title='bbox 536 1339 604 1381; x_wconf 85' lang='grc' dir='ltr'><strong><em>καὶ</em></strong></span> <span class='ocrx_word' id='word_1_144' title='bbox 621 1354 794 1389; x_wconf 85' lang='grc' dir='ltr'><strong><em>ποσακις</em></strong></span> <span class='ocrx_word' id='word_1_145' title='bbox 815 1337 1035 1388; x_wconf 79' lang='grc' dir='ltr'><strong><em>οἷναστατος</em></strong></span> <span class='ocrx_word' id='word_1_146' title='bbox 1055 1340 1223 1394; x_wconf 84' lang='grc' dir='ltr'><strong><em>ἐγένετο.</em></strong></span> <span class='ocrx_word' id='word_1_147' title='bbox 1451 1392 1454 1396; x_wconf 31' lang='grc'><em>,</em></span> 
     </span>
    </p>

    <p class='ocr_par' dir='ltr' id='par_1_15' title="bbox 89 1393 1409 1468">
     <span class='ocr_line' id='line_1_22' title="bbox 89 1393 1409 1468; baseline 0.002 -29"><span class='ocrx_word' id='word_1_148' title='bbox 89 1393 161 1452; x_wconf 81' lang='grc' dir='ltr'><strong><em>κγ’.</em></strong></span> <span class='ocrx_word' id='word_1_149' title='bbox 192 1397 295 1468; x_wconf 85' lang='grc' dir='ltr'><strong><em>Περὶ</em></strong></span> <span class='ocrx_word' id='word_1_150' title='bbox 313 1402 396 1438; x_wconf 80' lang='grc' dir='ltr'><strong><em>ταῖν</em></strong></span> <span class='ocrx_word' id='word_1_151' title='bbox 412 1397 672 1467; x_wconf 81' lang='grc' dir='ltr'><strong><em>πραχθέντων</em></strong></span> <span class='ocrx_word' id='word_1_152' title='bbox 690 1395 941 1464; x_wconf 78' lang='grc' dir='ltr'><strong><em>Κασσάνδρῳ</em></strong></span> <span class='ocrx_word' id='word_1_153' title='bbox 961 1413 1061 1438; x_wconf 86' lang='grc' dir='ltr'><strong><em>κατα</em></strong></span> <span class='ocrx_word' id='word_1_154' title='bbox 1084 1395 1409 1467; x_wconf 83' lang='grc' dir='ltr'><strong><em>Πελοπόννησον.</em></strong></span> 
     </span>
    </p>

    <p class='ocr_par' dir='ltr' id='par_1_16' title="bbox 79 1450 1549 1524">
     <span class='ocr_line' id='line_1_23' title="bbox 79 1450 1549 1524; baseline 0.003 -28"><span class='ocrx_word' id='word_1_155' title='bbox 79 1450 161 1507; x_wconf 47' lang='grc' dir='ltr'><strong><em>,κδ’</em></strong></span> <span class='ocrx_word' id='word_1_156' title='bbox 198 1451 428 1524; x_wconf 83' lang='grc' dir='ltr'><strong><em>Ἀντιγόνου</em></strong></span> <span class='ocrx_word' id='word_1_157' title='bbox 456 1469 563 1520; x_wconf 88' lang='grc' dir='ltr'><strong><em>μετα</em></strong></span> <span class='ocrx_word' id='word_1_158' title='bbox 585 1457 656 1505; x_wconf 83' lang='grc' dir='ltr'><strong><em>τῆς</em></strong></span> <span class='ocrx_word' id='word_1_159' title='bbox 686 1450 894 1506; x_wconf 83' lang='grc' dir='ltr'><strong><em>δυναμεως</em></strong></span> <span class='ocrx_word' id='word_1_160' title='bbox 922 1450 1139 1506; x_wconf 87' lang='grc' dir='ltr'><strong><em>καταβασις</em></strong></span> <span class='ocrx_word' id='word_1_161' title='bbox 1165 1454 1231 1495; x_wconf 84' lang='grc' dir='ltr'><strong><em>ἐπὶ</em></strong></span> <span class='ocrx_word' id='word_1_162' title='bbox 1259 1455 1465 1499; x_wconf 83' lang='grc' dir='ltr'><strong><em>θαλατταν</em></strong></span> <span class='ocrx_word' id='word_1_163' title='bbox 1494 1459 1549 1501; x_wconf 85' lang='grc'><strong><em>50</em></strong></span> 
     </span>
    </p>

    <p class='ocr_par' dir='ltr' id='par_1_17' title="bbox 157 1506 1328 1565">
     <span class='ocr_line' id='line_1_24' title="bbox 157 1506 1328 1565; baseline 0 -13"><span class='ocrx_word' id='word_1_164' title='bbox 157 1556 162 1561; x_wconf 48' lang='grc'>,</span> <span class='ocrx_word' id='word_1_165' title='bbox 200 1511 270 1552; x_wconf 84' lang='grc' dir='ltr'><strong><em>καὶ</em></strong></span> <span class='ocrx_word' id='word_1_166' title='bbox 291 1509 400 1565; x_wconf 76' lang='grc' dir='ltr'><strong><em>φυγή</em></strong></span> <span class='ocrx_word' id='word_1_167' title='bbox 419 1506 620 1564; x_wconf 77' lang='grc' dir='ltr'><strong><em>Σελεύκου</em></strong></span> <span class='ocrx_word' id='word_1_168' title='bbox 639 1508 738 1563; x_wconf 84' lang='grc' dir='ltr'><strong><em>πρὸς</em></strong></span> <span class='ocrx_word' id='word_1_169' title='bbox 761 1513 1011 1562; x_wconf 87' lang='grc' dir='ltr'><strong><em>Πτολεμαῖον</em></strong></span> <span class='ocrx_word' id='word_1_170' title='bbox 1031 1511 1088 1558; x_wconf 82' lang='grc' dir='ltr'><strong><em>εἰς</em></strong></span> <span class='ocrx_word' id='word_1_171' title='bbox 1108 1510 1328 1563; x_wconf 82' lang='grc' dir='ltr'><strong><em>Αίγυπτον.</em></strong></span> 
     </span>
    </p>

    <p class='ocr_par' dir='ltr' id='par_1_18' title="bbox 78 1561 1549 1737">
     <span class='ocr_line' id='line_1_25' title="bbox 78 1561 1468 1636; baseline -0.002 -22"><span class='ocrx_word' id='word_1_172' title='bbox 78 1563 156 1614; x_wconf 33' lang='grc' dir='ltr'><strong><em>«κε’.</em></strong></span> <span class='ocrx_word' id='word_1_173' title='bbox 183 1564 390 1616; x_wconf 86' lang='grc' dir='ltr'><strong><em>Σύνθεσις</em></strong></span> <span class='ocrx_word' id='word_1_174' title='bbox 411 1561 659 1619; x_wconf 85' lang='grc' dir='ltr'><strong><em>Πτολεμαίου</em></strong></span> <span class='ocrx_word' id='word_1_175' title='bbox 678 1566 746 1607; x_wconf 85' lang='grc' dir='ltr'><strong><em>καὶ</em></strong></span> <span class='ocrx_word' id='word_1_176' title='bbox 768 1571 864 1613; x_wconf 67' lang='grc' dir='ltr'><strong><em>Σελε</em></strong></span> <span class='ocrx_word' id='word_1_177' title='bbox 868 1564 968 1608; x_wconf 78' lang='grc' dir='ltr'><strong><em>ύκου</em></strong></span> <span class='ocrx_word' id='word_1_178' title='bbox 992 1566 1061 1608; x_wconf 77' lang='grc' dir='ltr'><strong><em>καὶ</em></strong></span> <span class='ocrx_word' id='word_1_179' title='bbox 1081 1565 1349 1636; x_wconf 88' lang='grc' dir='ltr'><strong><em>Κασσανδρου</em></strong></span> <span class='ocrx_word' id='word_1_180' title='bbox 1366 1586 1468 1622; x_wconf 89' lang='grc' dir='ltr'><strong><em>προς</em></strong></span> 
     </span>
     <span class='ocr_line' id='line_1_26' title="bbox 202 1619 1549 1688; baseline 0.003 -23"><span class='ocrx_word' id='word_1_181' title='bbox 202 1621 736 1676; x_wconf 81' lang='grc' dir='ltr'><strong><em>δὲτούτοιςκαὶΛυσιμαχου</em></strong></span> <span class='ocrx_word' id='word_1_182' title='bbox 748 1621 1009 1676; x_wconf 81' lang='grc' dir='ltr'><strong><em>προςτόνκατ</em></strong></span> <span class='ocrx_word' id='word_1_183' title='bbox 1017 1619 1466 1688; x_wconf 80' lang='grc' dir='ltr'><strong><em>’Ἀντιγόνουπόλεμον.</em></strong></span> <span class='ocrx_word' id='word_1_184' title='bbox 1495 1628 1549 1670; x_wconf 88' lang='grc'><strong><em>55</em></strong></span> 
     </span>
     <span class='ocr_line' id='line_1_27' title="bbox 159 1676 1465 1750; baseline 0.001 -28.035"><span class='ocrx_word' id='word_1_185' title='bbox 159 1681 267 1730; x_wconf 79' lang='grc' dir='ltr'><strong><em>,Ὡς</em></strong></span> <span class='ocrx_word' id='word_1_186' title='bbox 288 1677 513 1750; x_wconf 79' lang='grc' dir='ltr'><strong><em>Ἀντίγονος</em></strong></span> <span class='ocrx_word' id='word_1_187' title='bbox 537 1696 638 1728; x_wconf 86' lang='grc' dir='ltr'><strong><em>ναυς</em></strong></span> <span class='ocrx_word' id='word_1_188' title='bbox 655 1696 695 1721; x_wconf 87' lang='grc' dir='ltr'><strong><em>τε</em></strong></span> <span class='ocrx_word' id='word_1_189' title='bbox 714 1678 861 1728; x_wconf 88' lang='grc' dir='ltr'><strong><em>πολλας</em></strong></span> <span class='ocrx_word' id='word_1_190' title='bbox 885 1676 1190 1732; x_wconf 79' lang='grc' dir='ltr'><strong><em>ἐναυπηγήσατο</em></strong></span> <span class='ocrx_word' id='word_1_191' title='bbox 1211 1681 1278 1721; x_wconf 85' lang='grc' dir='ltr'><strong><em>καὶ</em></strong></span> <span class='ocrx_word' id='word_1_192' title='bbox 1300 1695 1465 1737; x_wconf 84' lang='grc' dir='ltr'><strong><em>στρατη-</em></strong></span> 
     </span>
    </p>

    <p class='ocr_par' dir='ltr' id='par_1_19' title="bbox 86 1733 1547 1960">
     <span class='ocr_line' id='line_1_28' title="bbox 125 1733 1328 1806; baseline 0 -27"><span class='ocrx_word' id='word_1_193' title='bbox 125 1783 127 1787; x_wconf 27' lang='grc' dir='ltr'>ι</span> <span class='ocrx_word' id='word_1_194' title='bbox 172 1776 173 1779; x_wconf 74' lang='grc'>,</span> <span class='ocrx_word' id='word_1_195' title='bbox 199 1735 296 1791; x_wconf 81' lang='grc' dir='ltr'><strong><em>γους</em></strong></span> <span class='ocrx_word' id='word_1_196' title='bbox 312 1734 540 1788; x_wconf 84' lang='grc' dir='ltr'><strong><em>απέστειλεν</em></strong></span> <span class='ocrx_word' id='word_1_197' title='bbox 559 1737 615 1785; x_wconf 81' lang='grc' dir='ltr'><strong><em>εἴς</em></strong></span> <span class='ocrx_word' id='word_1_198' title='bbox 629 1752 676 1777; x_wconf 87' lang='grc' dir='ltr'><strong><em>--τε</em></strong></span> <span class='ocrx_word' id='word_1_199' title='bbox 697 1735 771 1806; x_wconf 68' lang='grc' dir='ltr'><strong><em>την</em></strong></span> <span class='ocrx_word' id='word_1_200' title='bbox 787 1733 955 1778; x_wconf 83' lang='grc' dir='ltr'><strong><em>Ἑλλαδα</em></strong></span> <span class='ocrx_word' id='word_1_201' title='bbox 977 1736 1046 1778; x_wconf 84' lang='grc' dir='ltr'><strong><em>καὶ</em></strong></span> <span class='ocrx_word' id='word_1_202' title='bbox 1064 1734 1131 1777; x_wconf 79' lang='grc' dir='ltr'><strong><em>τὸν</em></strong></span> <span class='ocrx_word' id='word_1_203' title='bbox 1154 1734 1328 1779; x_wconf 87' lang='grc' dir='ltr'><strong><em>Πόντον.</em></strong></span> 
     </span>
     <span class='ocr_line' id='line_1_29' title="bbox 86 1790 1547 1866; baseline 0.001 -30"><span class='ocrx_word' id='word_1_204' title='bbox 86 1790 164 1845; x_wconf 78' lang='grc' dir='ltr'><strong><em>κζ’.</em></strong></span> <span class='ocrx_word' id='word_1_205' title='bbox 190 1794 261 1843; x_wconf 78' lang='grc' dir='ltr'><strong><em>Ὡς</em></strong></span> <span class='ocrx_word' id='word_1_206' title='bbox 288 1792 399 1866; x_wconf 77' lang='grc' dir='ltr'><strong><em>πρός</em></strong></span> <span class='ocrx_word' id='word_1_207' title='bbox 415 1790 672 1845; x_wconf 81' lang='grc' dir='ltr'><strong><em>Ἀλέξανδρον</em></strong></span> <span class='ocrx_word' id='word_1_208' title='bbox 697 1791 766 1834; x_wconf 86' lang='grc' dir='ltr'><strong><em>τὸν</em></strong></span> <span class='ocrx_word' id='word_1_209' title='bbox 799 1792 1154 1845; x_wconf 84' lang='grc' dir='ltr'><strong><em>Πολυσπέρχοντος</em></strong></span> <span class='ocrx_word' id='word_1_210' title='bbox 1181 1796 1323 1845; x_wconf 84' lang='grc' dir='ltr'><strong><em>φιλίαν</em></strong></span> <span class='ocrx_word' id='word_1_211' title='bbox 1353 1794 1464 1837; x_wconf 90' lang='grc' dir='ltr'><strong><em>συνέ-</em></strong></span> <span class='ocrx_word' id='word_1_212' title='bbox 1492 1807 1547 1846; x_wconf 88' lang='grc'><strong><em>60</em></strong></span> 
     </span>
     <span class='ocr_line' id='line_1_30' title="bbox 170 1846 1464 1906; baseline 0.004 -17"><span class='ocrx_word' id='word_1_213' title='bbox 170 1885 173 1888; x_wconf 72' lang='grc'>,</span> <span class='ocrx_word' id='word_1_214' title='bbox 196 1857 306 1901; x_wconf 77' lang='grc' dir='ltr'><strong><em>θετο,</em></strong></span> <span class='ocrx_word' id='word_1_215' title='bbox 334 1850 404 1892; x_wconf 84' lang='grc' dir='ltr'><strong><em>καὶ</em></strong></span> <span class='ocrx_word' id='word_1_216' title='bbox 429 1847 563 1901; x_wconf 82' lang='grc' dir='ltr'><strong><em>Τύρον</em></strong></span> <span class='ocrx_word' id='word_1_217' title='bbox 588 1847 895 1905; x_wconf 80' lang='grc' dir='ltr'><strong><em>ἐξεπολιόρκησε,</em></strong></span> <span class='ocrx_word' id='word_1_218' title='bbox 923 1866 992 1892; x_wconf 88' lang='grc' dir='ltr'><strong><em>και</em></strong></span> <span class='ocrx_word' id='word_1_219' title='bbox 1010 1866 1063 1899; x_wconf 88' lang='grc' dir='ltr'><strong><em>ως</em></strong></span> <span class='ocrx_word' id='word_1_220' title='bbox 1081 1846 1340 1906; x_wconf 78' lang='grc' dir='ltr'><strong><em>Ἀλέξανδρος</em></strong></span> <span class='ocrx_word' id='word_1_221' title='bbox 1357 1853 1464 1906; x_wconf 83' lang='grc' dir='ltr'><strong><em>μετέ-</em></strong></span> 
     </span>
     <span class='ocr_line' id='line_1_31' title="bbox 200 1905 715 1960; baseline -0.002 -12"><span class='ocrx_word' id='word_1_222' title='bbox 200 1912 298 1948; x_wconf 85' lang='grc' dir='ltr'><strong><em>θετο</em></strong></span> <span class='ocrx_word' id='word_1_223' title='bbox 314 1905 429 1960; x_wconf 82' lang='grc' dir='ltr'><strong><em>πρός</em></strong></span> <span class='ocrx_word' id='word_1_224' title='bbox 436 1905 715 1959; x_wconf 83' lang='grc' dir='ltr'><strong><em>Κασσανδρον.</em></strong></span> 
     </span>
    </p>

    <p class='ocr_par' dir='ltr' id='par_1_20' title="bbox 85 1957 1468 2074">
     <span class='ocr_line' id='line_1_32' title="bbox 85 1957 1468 2018; baseline 0 -12"><span class='ocrx_word' id='word_1_225' title='bbox 85 1959 161 2018; x_wconf 77' lang='grc' dir='ltr'><strong><em>κη’.</em></strong></span> <span class='ocrx_word' id='word_1_226' title='bbox 190 1963 258 2016; x_wconf 72' lang='grc' dir='ltr'><strong><em>Ὡς</em></strong></span> <span class='ocrx_word' id='word_1_227' title='bbox 275 1961 541 2012; x_wconf 85' lang='grc' dir='ltr'><strong><em>Πολύκλειτος</em></strong></span> <span class='ocrx_word' id='word_1_228' title='bbox 559 1963 584 2005; x_wconf 77' lang='grc' dir='ltr'>ὁ</span> <span class='ocrx_word' id='word_1_229' title='bbox 598 1962 853 2015; x_wconf 86' lang='grc' dir='ltr'><strong><em>Πτολεμαίου</em></strong></span> <span class='ocrx_word' id='word_1_230' title='bbox 873 1957 1073 2016; x_wconf 75' lang='grc' dir='ltr'><strong><em>ναύαρχος</em></strong></span> <span class='ocrx_word' id='word_1_231' title='bbox 1092 1962 1251 2015; x_wconf 85' lang='grc' dir='ltr'><strong><em>ἐνίκησε</em></strong></span> <span class='ocrx_word' id='word_1_232' title='bbox 1270 1980 1366 2013; x_wconf 89' lang='grc' dir='ltr'><strong><em>τους</em></strong></span> <span class='ocrx_word' id='word_1_233' title='bbox 1380 1962 1468 2006; x_wconf 83' lang='lat' dir='ltr'><strong><em>’Av-</em></strong></span> 
     </span>
     <span class='ocr_line' id='line_1_33' title="bbox 196 2017 1373 2090; baseline 0 -28"><span class='ocrx_word' id='word_1_234' title='bbox 196 2017 358 2074; x_wconf 86' lang='grc' dir='ltr'><strong><em>τιγόνου</em></strong></span> <span class='ocrx_word' id='word_1_235' title='bbox 381 2018 621 2090; x_wconf 72' lang='grc' dir='ltr'><strong><em>στρατηγούς</em></strong></span> <span class='ocrx_word' id='word_1_236' title='bbox 639 2020 708 2061; x_wconf 82' lang='grc' dir='ltr'><strong><em>καὶ</em></strong></span> <span class='ocrx_word' id='word_1_237' title='bbox 726 2036 825 2060; x_wconf 90' lang='grc' dir='ltr'><strong><em>κατα</em></strong></span> <span class='ocrx_word' id='word_1_238' title='bbox 846 2023 922 2073; x_wconf 84' lang='grc' dir='ltr'><strong><em>γῆν</em></strong></span> <span class='ocrx_word' id='word_1_239' title='bbox 940 2019 1008 2059; x_wconf 84' lang='grc' dir='ltr'><strong><em>καὶ</em></strong></span> <span class='ocrx_word' id='word_1_240' title='bbox 1031 2036 1132 2061; x_wconf 89' lang='grc' dir='ltr'><strong><em>κατα</em></strong></span> <span class='ocrx_word' id='word_1_241' title='bbox 1155 2018 1373 2062; x_wconf 79' lang='grc' dir='ltr'><strong><em>θάλατταν.</em></strong></span> 
     </span>
    </p>

    <p class='ocr_par' dir='ltr' id='par_1_21' title="bbox 84 2073 1545 2147">
     <span class='ocr_line' id='line_1_34' title="bbox 84 2073 1545 2147; baseline 0.002 -30"><span class='ocrx_word' id='word_1_242' title='bbox 84 2074 169 2129; x_wconf 74' lang='grc' dir='ltr'><strong><em>κθ’.</em></strong></span> <span class='ocrx_word' id='word_1_243' title='bbox 196 2077 300 2131; x_wconf 87' lang='grc' dir='ltr'><strong><em>Περὶ</em></strong></span> <span class='ocrx_word' id='word_1_244' title='bbox 320 2093 393 2129; x_wconf 91' lang='grc' dir='ltr'><strong><em>της</em></strong></span> <span class='ocrx_word' id='word_1_245' title='bbox 407 2073 696 2145; x_wconf 80' lang='grc' dir='ltr'><strong><em>Ἀγαθοκλέους</em></strong></span> <span class='ocrx_word' id='word_1_246' title='bbox 709 2078 917 2147; x_wconf 84' lang='grc' dir='ltr'><strong><em>στρατείας</em></strong></span> <span class='ocrx_word' id='word_1_247' title='bbox 934 2075 999 2117; x_wconf 86' lang='grc' dir='ltr'><strong><em>ἐπὶ</em></strong></span> <span class='ocrx_word' id='word_1_248' title='bbox 1019 2079 1283 2131; x_wconf 88' lang='grc' dir='ltr'><strong><em>Μεσσηνίους</em></strong></span> <span class='ocrx_word' id='word_1_249' title='bbox 1303 2078 1375 2121; x_wconf 84' lang='grc' dir='ltr'><strong><em>καὶ.</em></strong></span> <span class='ocrx_word' id='word_1_250' title='bbox 1388 2084 1461 2135; x_wconf 83' lang='grc' dir='ltr'><strong><em>τῆς</em></strong></span> <span class='ocrx_word' id='word_1_251' title='bbox 1491 2088 1545 2130; x_wconf 87' lang='grc'><strong><em>65</em></strong></span> 
     </span>
    </p>

    <p class='ocr_par' dir='ltr' id='par_1_22' title="bbox 100 2131 1166 2203">
     <span class='ocr_line' id='line_1_35' title="bbox 100 2131 1166 2203; baseline 0 -28"><span class='ocrx_word' id='word_1_252' title='bbox 100 2136 104 2142; x_wconf 76' lang='grc'><strong>“</strong></span> <span class='ocrx_word' id='word_1_253' title='bbox 199 2134 497 2202; x_wconf 85' lang='grc' dir='ltr'><strong><em>μεσιτευθείσης</em></strong></span> <span class='ocrx_word' id='word_1_254' title='bbox 512 2131 677 2203; x_wconf 82' lang='grc' dir='ltr'><strong><em>εἰρήνης</em></strong></span> <span class='ocrx_word' id='word_1_255' title='bbox 693 2132 774 2175; x_wconf 76' lang='grc' dir='ltr'><strong><em>ύπό</em></strong></span> <span class='ocrx_word' id='word_1_256' title='bbox 799 2134 1099 2187; x_wconf 86' lang='grc' dir='ltr'><strong><em>Καρχηδονίων.</em></strong></span> <span class='ocrx_word' id='word_1_257' title='bbox 1161 2156 1166 2161; x_wconf 90' lang='grc'>-</span> 
     </span>
    </p>

    <p class='ocr_par' dir='ltr' id='par_1_23' title="bbox 84 2186 955 2259">
     <span class='ocr_line' id='line_1_36' title="bbox 84 2186 955 2259; baseline 0 -29"><span class='ocrx_word' id='word_1_258' title='bbox 84 2186 142 2230; x_wconf 79' lang='grc' dir='ltr'><strong><em>λ’.</em></strong></span> <span class='ocrx_word' id='word_1_259' title='bbox 174 2192 398 2259; x_wconf 84' lang='grc' dir='ltr'><strong><em>Νουκερίας</em></strong></span> <span class='ocrx_word' id='word_1_260' title='bbox 415 2187 631 2239; x_wconf 66' lang='grc' dir='ltr'><strong><em>ἀπόστασις</em></strong></span> <span class='ocrx_word' id='word_1_261' title='bbox 649 2187 728 2231; x_wconf 83' lang='grc' dir='ltr'><strong><em>απὸ</em></strong></span> <span class='ocrx_word' id='word_1_262' title='bbox 742 2189 955 2242; x_wconf 86' lang='grc' dir='ltr'><strong><em>Ρωμαίων.</em></strong></span> 
     </span>
    </p>

    <p class='ocr_par' dir='ltr' id='par_1_24' title="bbox 83 2242 1466 2356">
     <span class='ocr_line' id='line_1_37' title="bbox 83 2242 1466 2305; baseline 0.001 -17"><span class='ocrx_word' id='word_1_263' title='bbox 83 2242 161 2296; x_wconf 81' lang='grc' dir='ltr'><strong><em>λα’.</em></strong></span> <span class='ocrx_word' id='word_1_264' title='bbox 190 2244 246 2288; x_wconf 91' lang='grc' dir='ltr'><strong><em>Τα</em></strong></span> <span class='ocrx_word' id='word_1_265' title='bbox 265 2246 494 2300; x_wconf 83' lang='grc' dir='ltr'><strong><em>πραχθέντα</em></strong></span> <span class='ocrx_word' id='word_1_266' title='bbox 510 2252 594 2296; x_wconf 87' lang='grc' dir='ltr'><strong><em>τοῖς</em></strong></span> <span class='ocrx_word' id='word_1_267' title='bbox 613 2243 837 2302; x_wconf 81' lang='grc' dir='ltr'><strong><em>Ἀντιγόνου</em></strong></span> <span class='ocrx_word' id='word_1_268' title='bbox 855 2247 925 2289; x_wconf 75' lang='grc' dir='ltr'><strong><em>καὶ</em></strong></span> <span class='ocrx_word' id='word_1_269' title='bbox 943 2243 1214 2305; x_wconf 72' lang='grc' dir='ltr'><strong><em>Κασσάνδρου</em></strong></span> <span class='ocrx_word' id='word_1_270' title='bbox 1232 2251 1466 2303; x_wconf 85' lang='grc' dir='ltr'><strong><em>στρατηγοῖς</em></strong></span> 
     </span>
     <span class='ocr_line' id='line_1_38' title="bbox 196 2301 575 2356; baseline 0.003 -12"><span class='ocrx_word' id='word_1_271' title='bbox 196 2303 286 2356; x_wconf 80' lang='grc' dir='ltr'><strong><em>περὶ</em></strong></span> <span class='ocrx_word' id='word_1_272' title='bbox 306 2302 381 2356; x_wconf 83' lang='grc' dir='ltr'><strong><em>τὴν</em></strong></span> <span class='ocrx_word' id='word_1_273' title='bbox 394 2301 575 2345; x_wconf 88' lang='grc' dir='ltr'><strong><em>Ἑλλαδα.</em></strong></span> 
     </span>
    </p>

    <p class='ocr_par' dir='ltr' id='par_1_25' title="bbox 85 2355 1545 2429">
     <span class='ocr_line' id='line_1_39' title="bbox 85 2355 1545 2429; baseline 0.003 -30"><span class='ocrx_word' id='word_1_274' title='bbox 85 2355 170 2412; x_wconf 83' lang='grc' dir='ltr'><strong><em>λβ’.</em></strong></span> <span class='ocrx_word' id='word_1_275' title='bbox 210 2357 480 2429; x_wconf 78' lang='grc' dir='ltr'><strong><em>Κασσάνδρου</em></strong></span> <span class='ocrx_word' id='word_1_276' title='bbox 495 2361 688 2428; x_wconf 88' lang='grc' dir='ltr'><strong><em>στρατεία</em></strong></span> <span class='ocrx_word' id='word_1_277' title='bbox 718 2360 776 2410; x_wconf 84' lang='grc' dir='ltr'><strong><em>εἷς</em></strong></span> <span class='ocrx_word' id='word_1_278' title='bbox 806 2358 882 2413; x_wconf 73' lang='grc' dir='ltr'><strong><em>τήν</em></strong></span> <span class='ocrx_word' id='word_1_279' title='bbox 910 2361 1113 2404; x_wconf 83' lang='grc' dir='ltr'><strong><em>Αἰτωλίαν</em></strong></span> <span class='ocrx_word' id='word_1_280' title='bbox 1141 2360 1213 2403; x_wconf 87' lang='grc' dir='ltr'><strong><em>καὶ</em></strong></span> <span class='ocrx_word' id='word_1_281' title='bbox 1241 2358 1337 2410; x_wconf 75' lang='grc' dir='ltr'><strong><em>τούς</em></strong></span> <span class='ocrx_word' id='word_1_282' title='bbox 1360 2376 1462 2403; x_wconf 92' lang='grc' dir='ltr'><strong><em>κατα</em></strong></span> <span class='ocrx_word' id='word_1_283' title='bbox 1490 2368 1545 2408; x_wconf 86' lang='grc'><strong><em>70</em></strong></span> 
     </span>
    </p>
   </div>
   <div class='ocr_carea' id='block_1_3' title="bbox 197 2412 622 2502">
    <p class='ocr_par' dir='ltr' id='par_1_26' title="bbox 197 2412 622 2502">
     <span class='ocr_line' id='line_1_40' title="bbox 197 2412 622 2502; baseline 0.01 -45"><span class='ocrx_word' id='word_1_284' title='bbox 197 2432 269 2458; x_wconf 87' lang='grc' dir='ltr'><strong><em>τον</em></strong></span> <span class='ocrx_word' id='word_1_285' title='bbox 283 2412 441 2472; x_wconf 81' lang='grc' dir='ltr'><strong><em>Ἀδρίαν</em></strong></span> <span class='ocrx_word' id='word_1_286' title='bbox 460 2414 622 2502; x_wconf 78' lang='grc' dir='ltr'><strong><em>τόπους.</em></strong></span> 
     </span>
    </p>
   </div>
   <div class='ocr_carea' id='block_1_4' title="bbox 84 2557 1460 2663">
    <p class='ocr_par' dir='ltr' id='par_1_27' title="bbox 84 2557 1460 2653">
     <span class='ocr_line' id='line_1_41' title="bbox 85 2557 1460 2618; baseline 0.002 -22"><span class='ocrx_word' id='word_1_287' title='bbox 85 2559 153 2596; x_wconf 82' lang='grc'><strong><em>25.</em></strong></span> <span class='ocrx_word' id='word_1_288' title='bbox 163 2557 371 2618; x_wconf 77' lang='grc' dir='ltr'><strong><em>Ἀντιγόνου</em></strong></span> <span class='ocrx_word' id='word_1_289' title='bbox 386 2579 431 2588; x_wconf 88' lang='lat'><strong><em>--</em></strong></span> <span class='ocrx_word' id='word_1_290' title='bbox 447 2561 600 2606; x_wconf 78' lang='grc' dir='ltr'><strong><em>θηρίοις</em></strong></span> <span class='ocrx_word' id='word_1_291' title='bbox 615 2574 683 2597; x_wconf 87' lang='lat' dir='ltr'><strong><em>non</em></strong></span> <span class='ocrx_word' id='word_1_292' title='bbox 706 2566 790 2598; x_wconf 78' lang='lat' dir='ltr'>ante</span> <span class='ocrx_word' id='word_1_293' title='bbox 810 2563 870 2598; x_wconf 78' lang='lat' dir='ltr'><strong><em>sed</em></strong></span> <span class='ocrx_word' id='word_1_294' title='bbox 893 2566 971 2607; x_wconf 78' lang='lat' dir='ltr'><strong>post</strong></span> <span class='ocrx_word' id='word_1_295' title='bbox 994 2576 1045 2605; x_wconf 85' lang='grc' dir='ltr'><strong><em>ως</em></strong></span> <span class='ocrx_word' id='word_1_296' title='bbox 1066 2560 1398 2609; x_wconf 76' lang='grc' dir='ltr'><strong><em>κατεστρατήγησεν</em></strong></span> <span class='ocrx_word' id='word_1_297' title='bbox 1414 2581 1460 2589; x_wconf 90' lang='grc'>-</span> 
     </span>
     <span class='ocr_line' id='line_1_42' title="bbox 84 2607 918 2663; baseline 0 -19"><span class='ocrx_word' id='word_1_298' title='bbox 84 2607 361 2651; x_wconf 80' lang='grc' dir='ltr'><strong><em>πορευομένους</em></strong></span> <span class='ocrx_word' id='word_1_299' title='bbox 382 2608 538 2663; x_wconf 77' lang='lat' dir='ltr'><strong>ponenda</strong></span> <span class='ocrx_word' id='word_1_300' title='bbox 557 2609 665 2645; x_wconf 77' lang='lat' dir='ltr'>fuisse</span> <span class='ocrx_word' id='word_1_301' title='bbox 687 2611 786 2644; x_wconf 79' lang='lat' dir='ltr'><strong>docet</strong></span> <span class='ocrx_word' id='word_1_302' title='bbox 806 2621 836 2644; x_wconf 87' lang='lat' dir='ltr'><strong><em>c.</em></strong></span> <span class='ocrx_word' id='word_1_303' title='bbox 860 2609 918 2644; x_wconf 76' lang='lat'><strong><em>39.</em></strong></span> 
     </span>
    </p>
   </div>
   <div class='ocr_carea' id='block_1_5' title="bbox 87 2652 1466 2790">
    <p class='ocr_par' dir='ltr' id='par_1_28' title="bbox 87 2652 1466 2788">
     <span class='ocr_line' id='line_1_43' title="bbox 179 2652 1462 2699; baseline 0.002 -11"><span class='ocrx_word' id='word_1_304' title='bbox 179 2654 260 2688; x_wconf 83' lang='lat'><strong><em>315.</em></strong></span> <span class='ocrx_word' id='word_1_305' title='bbox 292 2654 350 2689; x_wconf 81' lang='lat'><strong><em>36.</em></strong></span> <span class='ocrx_word' id='word_1_306' title='bbox 401 2653 610 2698; x_wconf 75' lang='grc' dir='ltr'><strong><em>Πύθωνος]</em></strong></span> <span class='ocrx_word' id='word_1_307' title='bbox 635 2657 833 2696; x_wconf 86' lang='grc' dir='ltr'><strong><em>Πείθωνος</em></strong></span> <span class='ocrx_word' id='word_1_308' title='bbox 854 2656 897 2699; x_wconf 86' lang='lat' dir='ltr'><strong><em>V,</em></strong></span> <span class='ocrx_word' id='word_1_309' title='bbox 925 2653 1115 2696; x_wconf 80' lang='grc' dir='ltr'><strong><em>Πάθωνος</em></strong></span> <span class='ocrx_word' id='word_1_310' title='bbox 1137 2656 1221 2692; x_wconf 74' lang='lat' dir='ltr'><strong>Bas.</strong></span> <span class='ocrx_word' id='word_1_311' title='bbox 1403 2652 1462 2687; x_wconf 75' lang='lat'><strong><em>42-</em></strong></span> 
     </span>
     <span class='ocr_line' id='line_1_44' title="bbox 88 2697 1466 2755; baseline -0.001 -19"><span class='ocrx_word' id='word_1_312' title='bbox 88 2699 287 2743; x_wconf 86' lang='grc' dir='ltr'><strong><em>Παλλήνης</em></strong></span> <span class='ocrx_word' id='word_1_313' title='bbox 309 2701 350 2740; x_wconf 89' lang='lat' dir='ltr'><strong><em>V,</em></strong></span> <span class='ocrx_word' id='word_1_314' title='bbox 379 2701 497 2737; x_wconf 86' lang='grc' dir='ltr'><strong><em>Παλίν</em></strong></span> <span class='ocrx_word' id='word_1_315' title='bbox 500 2713 542 2746; x_wconf 86' lang='grc' dir='ltr'><strong><em>ης</em></strong></span> <span class='ocrx_word' id='word_1_316' title='bbox 564 2702 632 2742; x_wconf 91' lang='lat' dir='ltr'><strong><em>W,</em></strong></span> <span class='ocrx_word' id='word_1_317' title='bbox 657 2703 786 2737; x_wconf 79' lang='lat' dir='ltr'><strong>caeteri</strong></span> <span class='ocrx_word' id='word_1_318' title='bbox 814 2700 1003 2746; x_wconf 85' lang='grc' dir='ltr'><strong><em>Πελλήνης</em></strong></span> <span class='ocrx_word' id='word_1_319' title='bbox 1183 2701 1241 2738; x_wconf 86' lang='lat'><strong><em>55.</em></strong></span> <span class='ocrx_word' id='word_1_320' title='bbox 1287 2697 1466 2755; x_wconf 84' lang='grc' dir='ltr'><strong><em>πόλεμον]</em></strong></span> 
     </span>
     <span class='ocr_line' id='line_1_45' title="bbox 87 2727 1466 2790; baseline -0.002 -8"><span class='ocrx_word' id='word_1_321' title='bbox 87 2745 261 2782; x_wconf 76' lang='grc' dir='ltr'><strong><em>θάνατον</em></strong></span> <span class='ocrx_word' id='word_1_322' title='bbox 285 2745 319 2780; x_wconf 87' lang='grc' dir='ltr'>Τ</span> <span class='ocrx_word' id='word_1_323' title='bbox 341 2727 425 2782; x_wconf 54' lang='lat' dir='ltr'>’Bam</span> <span class='ocrx_word' id='word_1_324' title='bbox 591 2746 648 2782; x_wconf 80' lang='grc'><strong><em>57.</em></strong></span> <span class='ocrx_word' id='word_1_325' title='bbox 697 2749 748 2788; x_wconf 85' lang='grc' dir='ltr'><strong><em>εἴς</em></strong></span> <span class='ocrx_word' id='word_1_326' title='bbox 770 2760 809 2784; x_wconf 84' lang='grc' dir='ltr'><strong><em>τε</em></strong></span> <span class='ocrx_word' id='word_1_327' title='bbox 829 2748 888 2790; x_wconf 83' lang='lat' dir='ltr'><strong><em>W,</em></strong></span> <span class='ocrx_word' id='word_1_328' title='bbox 911 2746 1042 2781; x_wconf 81' lang='lat' dir='ltr'>caeteri</span> <span class='ocrx_word' id='word_1_329' title='bbox 1065 2747 1118 2788; x_wconf 81' lang='grc' dir='ltr'><strong><em>εἰς</em></strong></span> <span class='ocrx_word' id='word_1_330' title='bbox 1293 2747 1351 2782; x_wconf 81' lang='lat'><strong><em>59.</em></strong></span> <span class='ocrx_word' id='word_1_331' title='bbox 1398 2743 1466 2780; x_wconf 75' lang='grc' dir='ltr'><strong><em>τόν</em></strong></span> 
     </span>
    </p>
   </div>
   <div class='ocr_carea' id='block_1_6' title="bbox 90 2791 1195 2893">
    <p class='ocr_par' dir='ltr' id='par_1_29' title="bbox 90 2791 1195 2893">
     <span class='ocr_line' id='line_1_46' title="bbox 90 2791 1109 2842; baseline 0 -14"><span class='ocrx_word' id='word_1_332' title='bbox 90 2791 440 2839; x_wconf 81' lang='grc' dir='ltr'><strong><em>Πολυσπέρχοντος]</em></strong></span> <span class='ocrx_word' id='word_1_333' title='bbox 476 2791 538 2830; x_wconf 74' lang='grc' dir='ltr'><strong><em>καὶ</em></strong></span> <span class='ocrx_word' id='word_1_334' title='bbox 560 2795 867 2842; x_wconf 82' lang='grc' dir='ltr'><strong><em>Πολυσπέρχοντα</em></strong></span> <span class='ocrx_word' id='word_1_335' title='bbox 889 2806 927 2840; x_wconf 79' lang='lat' dir='ltr'><strong><em>p.</em></strong></span> <span class='ocrx_word' id='word_1_336' title='bbox 946 2793 1029 2829; x_wconf 83' lang='lat'><strong>362.</strong></span> <span class='ocrx_word' id='word_1_337' title='bbox 1051 2793 1109 2829; x_wconf 73' lang='lat'><strong><em>75.</em></strong></span> 
     </span>
     <span class='ocr_line' id='line_1_47' title="bbox 1085 2849 1195 2893; baseline 0 0"><span class='ocrx_word' id='word_1_338' title='bbox 1085 2852 1144 2893; x_wconf 82' lang='lat'><strong><em>85</em></strong></span> <span class='ocrx_word' id='word_1_339' title='bbox 1171 2849 1195 2877; x_wconf 86' lang='grc'>*</span> 
     </span>
    </p>
   </div>
  </div>
 </body>
</html>
