1820 3249
353 153 464 193 1100
685 150 936 193 LIB.XV1.
995 151 1386 194 GAP.63.—65.

351 262 592 318 ληφθέντες
631 261 716 307 ὑπὸ
751 260 931 308 Ἠλείων
977 260 1189 334 φυγάδων
1225 264 1284 315 εἰς
1323 262 1403 320 τὴν
1433 261 1716 334 Πελοπόννη-

353 331 433 362 σον
469 319 785 393 ἐκομίσθησαν,
836 321 910 365 καὶ
955 323 1058 376 μετὰ
1103 320 1272 365 τούτων
1321 319 1558 374 ἐπολέμουν
1606 321 1717 373 πρὸς

267 381 322 423 55
347 375 552 427 Ἠλείους.
605 376 828 446 Ἀρκάδων
866 377 912 421 δε
951 378 1367 446 συναγωνισαμένων
1404 382 1495 427 τοῖς
1520 375 1714 427 Ἠλείοις,

351 433 423 476 καὶ
461 433 575 489 μάχῃ
606 433 878 504 νικησάντων
913 433 1014 485 τούς
1053 433 1274 490 φυγάδας,
1322 434 1476 477 πολλοὶ
1513 433 1591 488 μὲν
1628 437 1716 475 τῶν

350 490 643 546 μισθοφόρων
673 489 963 559 ἀνῃρέθησαν,
994 492 1036 533 οἱ
1059 491 1104 533 δὲ
1124 490 1471 545 περιλειφθέντες
1492 492 1552 540 εἰς
1569 505 1717 543 τετρα-

349 548 582 617 κιςχιλίους
601 546 917 603 ἐζωγρήθησαν.
967 547 1225 601 διελομένων
1247 547 1292 590 δὲ
1313 552 1400 590 τῶν
1426 563 1469 589 τε
1492 544 1718 600 Ἀρκάδων

349 604 422 646 καὶ
459 601 637 646 Ηλείων
676 605 779 654 τοὺς
817 603 1135 674 αἰχμαλώτους,
1185 605 1229 646 οἱ
1265 603 1343 659 μὲν
1377 602 1576 658 Ἀρκάδες
1614 618 1719 651 τους

264 665 319 704 60
350 659 521 710 ἑαυτοῖς
562 660 841 730 μερισθέντας
879 659 1070 710 ἅπαντας
1111 658 1540 729 ἐλαφυροπώλησαν,
1590 660 1634 701 οἱ
1671 657 1716 700 δ’

347 715 504 759 Ἠλεῖοι
534 715 605 759 δια
639 717 718 772 τὴν
747 718 807 767 εἰς
835 715 884 759 τὸ
913 721 1116 771 μαντεῖον
1144 718 1423 772 παρανομίαν
1452 715 1716 784 ἀπέσφαξαν.

264 777 321 816 6-1
355 775 398 815 οἱ
424 773 504 842 μὲν
533 775 614 815 οῦν
644 790 718 829 της
748 775 996 827 ἱεροσυλίας
1024 773 1303 843 μετασχόντες
1330 776 1488 817 τοῦτον
1514 772 1592 816 τὸν
1621 771 1719 826 τρό-

264 832 320 873 65
348 845 433 872 πον
459 828 549 872 ὑπὸ
577 833 660 872 τοῦ
690 831 921 885 δαιμονίου
948 832 1156 884 τιμωρίας
1183 829 1445 884 ηξιώθη.σαν
1495 831 1539 872 αἱ
1563 826 1605 872 δ’
1628 827 1717 870 ἐπι-

348 886 601 957 σημόταται
622 885 768 938 πόλεις
806 886 1128 941 κοινωνήσασαι
1170 890 1243 941 τῆς
1286 887 1559 940 παρανομίας
1594 884 1717 927 ’ὕστε-

348 959 432 1012 ρον
469 940 552 985 ὑπ’
590 941 875 1014 ᾈντιπάτρου
913 947 1335 1013 καταπολεμηθεῖσαι
1369 959 1448 998 την
1485 942 1719 997 ἡγεμονίαν

348 999 437 1054 άμα
473 999 546 1042 καὶ
584 999 662 1054 τὴν
701 1000 954 1055 ἐλευθερίαν
993 999 1222 1055 ἀπέβαλον.
1281 1001 1327 1042 αἱ
1355 999 1400 1042 δὲ
1427 1002 1515 1041 τῶν
1544 998 1590 1041 ἐν
1623 1001 1719 1040 Φω-

347 1059 499 1098 κεῦσιν
528 1054 753 1126 ηγεμόνων
781 1062 984 1112 γυναῖκες
1009 1056 1288 1111 περιθέμεναι
1315 1055 1420 1106 τούς
1448 1057 1641 1127 χρυσοῦς
1671 1053 1718 1096 ἐκ

264 1115 318 1154 70
346 1116 536 1182 Δελφῶν
572 1112 738 1168 ὅρμους
779 1115 938 1163 οἰκείας
977 1118 1053 1168 τῆς
1093 1112 1286 1167 ἀσεβείας
1315 1115 1522 1168 τιμωρίας
1551 1111 1718 1166 ε’τυχον.

258 1627 313 1666 80

258 1878 315 1916 65

258 1932 313 1974 85

256 2134 312 2173 90

344 1187 372 1238 η
409 1185 487 1225 μεν
519 1169 602 1239 γάρ
642 1169 719 1212 τὸν
756 1174 831 1226 τῆς
867 1169 1037 1240 Ελένης
1073 1169 1358 1238 γεγενημένον
1392 1169 1619 1224 φορέσασα
1659 1169 1718 1216 εἷς

345 1226 566 1297 ἑταιρικην
596 1226 805 1283 αἰσχύνην
834 1227 1004 1269 ἐνέπεσε
1033 1227 1106 1269 καὶ
1136 1225 1182 1268 τὸ
1214 1225 1371 1273 κάλλος
1391 1225 1603 1278 προέβαλε
1624 1229 1716 1274 τοῖς

345 1282 586 1353 ἐνυβρίζειν
618 1283 996 1356 προαιρουμένοις,
1026 1281 1053 1338 ἡ
1084 1282 1130 1325 δὲ
1152 1280 1228 1325 τόν
1247 1298 1321 1350 της
1346 1280 1579 1336 Ἐριφύλης
1600 1296 1718 1334 περι-

344 1339 504 1395 θεμένη
541 1343 615 1394 τῆς
647 1357 700 1383 οι
705 1357 786 1390 ιιας
814 1339 901 1383 υπό
933 1343 1012 1383 τοῦ
1025 1337 1341 1409 πρεσβυτάτου
1371 1354 1460 1380 των
1488 1340 1600 1380 υἱων
1627 1335 1716 1379 υπὸ

345 1398 501 1451 μανίας
550 1397 882 1467 ἐμπυρισθείσης
930 1412 1034 1452 μετα
1082 1396 1238 1450 ταύτης
1284 1399 1397 1447 ζῶσα
1435 1394 1715 1462 κατεφλέχθη.

346 1455 390 1495 οἱ
417 1453 495 1508 μὲν
526 1458 609 1496 οὐν
637 1458 718 1496 τοῦ
749 1455 982 1523 δαιμονίου
1012 1456 1305 1507 καταφρονεῖν
1333 1450 1619 1521 τολμήσαντες
1638 1449 1716 1492 τὸν

345 1510 572 1564 εἰρημένον
609 1509 777 1565 τρόπον
816 1508 903 1553 ὑπὸ
940 1525 1028 1552 των
1063 1513 1182 1552 θεων
1219 1510 1426 1562 τιμωρίας
1455 1506 1715 1577 ἠξιώθησαν.

344 1565 368 1609 ὁ
399 1567 444 1609 δὲ
473 1566 614 1635 τούτῳ
644 1584 708 1637 τῳ
733 1568 920 1639 μαντείῳ
952 1565 1176 1636 βοηθήσας
1205 1568 1419 1616 Φίλιππος
1442 1563 1524 1608 ἀπὸ
1547 1563 1718 1607 τούτων

343 1639 431 1666 των
469 1623 642 1696 χρόνων
683 1623 747 1666 άεὶ
785 1628 948 1693 μᾶλλον
990 1622 1228 1693 αὐξόμενος
1266 1621 1317 1664 τό
1358 1625 1602 1665 τελευταῖον
1642 1618 1715 1662 δία

341 1679 421 1735 τὴν
450 1683 509 1730 εἰς
536 1679 586 1723 τό
616 1685 742 1723 θεῖον
773 1679 993 1735 εὐσέβειαν
1021 1678 1193 1735 ἡγεμων
1223 1676 1454 1748 απεδείχθη
1477 1681 1553 1748 τῆς
1576 1674 1718 1719 Ελλά-

343 1738 419 1786 δος
447 1735 599 1792 πάσης,
629 1737 700 1779 καὶ
730 1739 932 1806 μεγίστην
962 1737 1184 1805 βασιλείαν
1211 1751 1299 1777 των
1328 1751 1438 1778 κατα
1453 1749 1532 1790 την
1561 1731 1718 1803 Εὐρώ-

341 1808 431 1861 πην
455 1791 810 1864 περιεποιησατο.
873 1793 992 1848 ἡμεῖς
1029 1791 1076 1836 δὲ
1117 1790 1370 1845 ἀρκούντως
1416 1789 1717 1846 διεληλυθότες

343 1850 421 1894 τὸν
451 1851 571 1904 ἱερὸν
600 1850 794 1919 πόλεμον
823 1849 1029 1904 ἐπάνιμεν
1058 1848 1127 1891 ἐπὶ
1150 1849 1227 1899 τοὶς
1250 1848 1506 1904 ἑτερογενεῖς
1529 1847 1716 1899 πράξεις.

455 1906 581 1949 Κατα
623 1907 708 1961 γὰρ
745 1905 848 1976 τὴν
863 1907 1070 1948 Σικελίαν
1106 1905 1380 1958 Συρακόσιοι
1419 1903 1717 1956 στασιάζοντες

343 1961 454 2017 πρὸς
493 1961 729 2034 αλλήλους,
779 1962 853 2006 καὶ
896 1963 1127 2017 τυραννίσι
1168 1966 1348 2013 πολλαῖς
1388 1962 1460 2005 καὶ
1500 1962 1716 2034 ποικίλαις

343 2021 571 2064 δουλεύειν
610 2017 974 2089 αναγκαζόμενοι,
1012 2019 1211 2089 πρέσβεις
1248 2019 1486 2073 ἐξέπεμψαν
1524 2019 1583 2068 εἰς
1622 2015 1715 2059 Κό-

344 2081 524 2131 ρινθον,
580 2075 802 2129 ἀξιοῦντες
850 2074 1000 2126 αὐτοῖς
1045 2074 1298 2118 άποστεῖλαι
1350 2074 1593 2143 στρατηγόν
1637 2072 1716 2116 τόν

342 2132 708 2189 ἐπιμελησόμενον
746 2137 821 2188 τῆς
861 2130 1026 2183 πόλεως
1069 2132 1143 2175 καὶ
1176 2130 1479 2175 καταλύσοντα
1518 2129 1598 2185 τὴν
1627 2132 1726 2172 τῶν-

336 2196 571 2243 τυραννεῖν
594 2188 936 2258 ἐπιβαλομένων
984 2190 1249 2241 πλεονεξίαν.
1318 2190 1362 2231 οἱ
1407 2187 1454 2232 δὲ
1493 2189 1716 2242 κρίνοντες

339 2249 512 2290 δίκαιον
570 2263 683 2290 ειναι
732 2251 824 2296 τοῖς
881 2243 1121 2300 ἀπογόνοις
1175 2249 1379 2316 βοηθεῖν,
1442 2243 1713 2311 ἐψηφίσαντο

336 2304 521 2358 πέμπειν
550 2302 793 2374 στρατηγὸν
827 2303 1093 2358 Τιμολέοντα
1126 2301 1406 2357 Τιμαινέτου,
1435 2298 1715 2354 πρωτεύοντα

337 2365 427 2404 τῶν
454 2364 648 2405 πολιτῶν
677 2359 857 2417 ἀνδρεία
887 2375 932 2404 τε
960 2360 1034 2403 καὶ
1062 2359 1232 2403 συνέσει
1261 2360 1522 2415 στρατηγικῇ
1547 2356 1620 2401 καὶ
1641 2372 1716 2400 κα-

428 2517 511 2552 132.
541 2516 599 2552 52.
655 2515 862 2573 φυγάδων]
913 2514 1110 2561 συμμάχων
1136 2517 1168 2551 F
1351 2515 1408 2552 56.
1462 2514 1593 2550 πολλοὶ
1625 2512 1713 2558 μεν]

339 2564 468 2599 πολλοὶ
500 2564 530 2598 L
719 2564 777 2600 67.
821 2562 889 2607 τὴν
924 2562 1137 2618 ἐλευθερίαν
1166 2564 1235 2597 ἙῚι
1257 2562 1338 2598 Bas.
1351 2587 1361 2605 ,
1407 2561 1535 2596 caeteri
1570 2559 1716 2596 ελενθε-

336 2612 424 2654 ρίαν
623 2609 680 2645 72.
726 2609 945 2656 ἐνυβρίζειν]
992 2605 1152 2663 ’ὑβρίζειν
1185 2610 1266 2643 Bas.
1466 2605 1715 2663 προαιρουμέ-

336 2655 440 2698 νοις]
466 2653 706 2700 βουλομένοις
729 2657 760 2690 F
943 2655 1001 2690 78.
1047 2655 1165 2701 τούτω
1188 2667 1257 2689 non
1281 2655 1471 2689 desiderem
1654 2652 1711 2685 81

336 2703 508 2746 μεγίστην
531 2701 747 2746 Stephanus:
778 2701 860 2736 libri
886 2701 1048 2746 μεγάλην
1233 2701 1290 2737 86.
1330 2705 1408 2745 post
1430 2701 1580 2740 πολλαῖς
1602 2698 1713 2732 delevi

336 2749 398 2785 καὶ
421 2747 614 2794 μεγάλαις,
650 2759 739 2791 quae
760 2748 922 2783 asterisco
945 2749 1126 2781 notaverat
1148 2747 1362 2791 Stephanus:
1395 2758 1430 2784 v.
1448 2747 1492 2782 ad
1516 2757 1549 2790 p
1575 2745 1653 2780 131.
1678 2744 1711 2780 1,

516 2794 572 2829 93.
626 2792 868 2840 Τιμαινέτου]
898 2795 1072 2830 Timancu·
1091 2794 1223 2839 Gospus
