1820 3249
488 211 1196 254 113.XV11.CAP.117.118
1428 214 1536 257 1251

158 327 298 372 πολυν
328 325 521 381 ἄκρατον
539 323 819 394 ἐμφορηθείς,
848 322 916 366 ἐπὶ
917 325 1128 391 τελευτῆς
1144 320 1408 394 ῌρακλέους
1428 325 1537 381 μέγα

155 384 368 440 ποτήριον
387 364 632 438 πληρώσας
662 380 837 433 ἐξέπιεν.
897 378 1026 432 ἄφνω
1056 380 1103 423 δὲ
1133 379 1272 434 ω’ςπερ
1302 379 1391 425 ὑπό
1417 400 1537 435 τινος

156 445 348 511 πληγῆς
364 442 544 495 ἰσχυρᾶς
587 438 886 507 πεπληγμένος
922 435 1173 489 ἀνεστέναξε
1208 436 1316 492 μέγα
1354 439 1535 510 βοήσας,

78 500 231 548 253καὶ
265 496 352 541 ὑπὸ
379 500 478 568 :cdv
506 498 648 567 φίλων
677 493 964 564 ἀπηλλάττετο
996 494 1410 565 χειραγωγούμενος.
1469 496 1534 540 εὐ·
1565 502 1619 542 30

156 554 243 606 θῦς
273 551 316 598 δ’
348 554 392 596 οἱ
418 554 497 609 μὲν
526 552 626 607 περὶ
664 550 743 621 τήν
772 552 1012 605 θεραπείαν
1041 550 1313 606 ἐκδεξάμενοι
1342 551 1535 597 κατέκλκ

155 628 239 655 ναν
279 607 416 654 αὐτὸν
451 610 524 654 καὶ
560 607 862 682 προςηδρευον
890 606 1110 664 ἐπιμελῶς
1168 611 1250 651 τοῦ
1283 608 1329 652 δὲ
1357 610 1535 662 πάθους

155 669 467 719 ἐπιτείνοντος,
507 667 580 710 καὶ
608 683 699 709 των
726 667 890 720 ἰατρων
920 664 1277 732 συγκληθέντων,
1316 669 1536 736 βοηθῆσαι

156 725 236 782 μὲν
265 723 411 775 οὐδεὶς
440 722 660 780 ἐδυνήθη,
700 727 878 773 πολλοῖς
908 722 954 765 δὲ
983 720 1140 792 πόνοις
1168 722 1241 765 καὶ
1272 723 1432 775 δειναῖς
1463 724 1534 768 άλ-

154 780 311 852 γηδόσι
339 782 585 852 συσχεθείς,
628 778 774 836 ἐπειδὴ
806 780 855 822 τὸ
887 782 963 835 ζῆν
992 776 1187 834 ἀπέγνω,
1227 779 1536 834 περιελόμενος
1565 783 1621 825 35

155 838 234 882 τόν
274 837 509 882 δακτύλιον
545 837 678 881 ἔδωκε
709 837 943 889 Περδίκκα.
1000 839 1090 879 τῶν
1129 836 1175 879 δὲ
1205 837 1350 889 φίλων
1377 837 1534 891 ἐπερω-

155 895 333 939 τώντων
373 896 470 939 Τίνι
508 893 588 950 τὴν
627 894 853 949 βασιλείαν
890 880 1154 943 άπολείπεις;
1201 897 1292 936 εἰπε
1327 897 1398 950 Τῷ
1428 911 1532 946 κρα-

155 953 306 1007 τίστῳ,
350 952 426 996 καὶ
465 951 841 1021 προςεφθέγξατο,
887 949 1056 1020 ταύτην
1092 951 1341 993 τελευταίαν
1377 950 1535 1021 φωνὴν

155 1010 416 1078 προέμενος,
449 1007 516 1052 ὅτι
544 1009 693 1077 μέγαν
711 1006 859 1063 άγῶνα
889 1005 1009 1064 αὐτῷ
1039 1005 1270 1064 ἐπιτάφιον
1298 1007 1535 1068 συστήσον-
1563 1008 1618 1052 40

156 1083 228 1110 ται
257 1063 416 1117 πάντες
453 1067 497 1108 οἱ
522 1063 820 1119 πρωτεύοντες
847 1067 936 1107 τῶν
969 1053 1124 1131 φίλων.
1183 1064 1313 1114 οὗτος
1332 1065 1422 1131 μὲν
1453 1068 1537 1109 οὐν

155 1122 236 1166 τόν
274 1121 594 1178 προειρημένον
635 1121 803 1174 τρόπον
849 1118 1121 1188 ἐτελεύτησε,
1162 1119 1424 1175 βασιλεύσας
1463 1121 1535 1178 ἔτη

159 1179 328 1222 δώδεκα
357 1179 428 1222 καὶ
461 1181 601 1233 μῆνας
639 1176 766 1228 ἑπτά,
817 1176 994 1230 πράξεις
1025 1175 1071 1219 δὲ
1099 1177 1304 1230 μεγίστας
1331 1193 1536 1233 κατεργα-

159 1235 346 1308 σάμενος
375 1233 429 1281 οὐ
459 1234 598 1290 μόνον
626 1238 715 1277 τῶν
743 1234 828 1286 πρὸ
860 1232 1000 1276 αὐτοῦ
1025 1232 1395 1303 βασιλευσάντων,
1428 1234 1536 1278 ἄλλα

159 1294 233 1337 καὶ
267 1296 356 1335 τῶν
394 1292 580 1345 ὕστερον
615 1289 836 1347 ἐσομένων
870 1290 1002 1360 μέχρι
1029 1293 1110 1333 τοῦ
1147 1289 1253 1333 καθ’
1285 1288 1397 1347 ἡμᾶς
1422 1293 1533 1346 βίου.
1564 1292 1619 1336 45

269 1348 383 1393 Ἐπεὶ
422 1348 468 1392 δέ
506 1366 571 1392 τιι
576 1364 619 1397 ες
651 1351 743 1391 τῶν
781 1346 1070 1417 συγγραφέων
1104 1347 1207 1418 περὶ
1232 1350 1308 1403 τῆς
1335 1352 1535 1417 τελευτῆς

158 1410 238 1450 τοῦ
277 1405 489 1475 βασιλέως
525 1403 687 1448 τούτου
727 1402 1132 1474 διαπεφωνήκασιν,
1178 1402 1535 1475 ἀποφαινόμενοι

160 1462 232 1507 διά
262 1461 502 1531 φαρμάκου
538 1462 804 1529 θανασίμου
822 1461 1049 1517 γεγονέναι
1078 1460 1154 1504 τὸν
1184 1459 1396 1513 θάνατον,
1429 1460 1535 1506 άνα-

159 1525 317 1574 γκαῖον
353 1518 601 1589 ἡγούμεθα
625 1520 716 1562 δεῖν
752 1517 810 1574 μὴ
843 1521 1103 1571 παραλιπεῖν
1140 1515 1287 1560 αὐτῶν
1322 1518 1426 1569 τούς
1465 1517 1533 1563 λό-
1564 1548 1648 1589 113

159 1593 279 1645 γους.
335 1576 445 1630 φασὶ
482 1575 565 1630 γὰρ
590 1571 879 1628 Ἀντίπατρον
903 1574 973 1617 ἐπὶ
1000 1577 1077 1629 τῆς
1105 1572 1327 1642 Εὐρώπης
1352 1586 1533 1646 στρατη-

160 1632 240 1701 γόν
277 1629 360 1676 υπ’
391 1631 529 1676 αὐτοῦ
558 1632 916 1701 καταλειφθέντα
944 1633 1219 1701 διενεχθηναι
1247 1629 1357 1685 πρὸς
1380 1629 1530 1686 Ὀλυμ·

94 1707 98 1715 ’
160 1688 295 1734 πιάδα
333 1688 414 1745 τήν
452 1688 615 1759 μητέρα
650 1692 731 1732 τοῦ
768 1686 1000 1742 βασιλέως,
1044 1686 1118 1730 καὶ
1159 1686 1207 1729 τό
1245 1687 1324 1742 μὲν
1359 1692 1537 1740 πρῶτον

160 1750 457 1814 καταφρονεῖν
486 1744 621 1816 αὐτῆς
650 1744 724 1789 διά
752 1744 802 1788 τό
831 1745 890 1800 μὴ
918 1743 1246 1814 προςδέχεσθαι
1246 1744 1323 1786 τὸν
1349 1742 1535 1796 Ἀλέξαν-

162 1806 271 1857 δρον
306 1802 382 1853 τὰς
416 1801 512 1846 κατ’
555 1800 692 1845 αὐτοῦ
723 1799 950 1854 διαβολάς·
991 1800 1177 1854 ὕστερον
1206 1798 1246 1843 δ’
1277 1798 1343 1843 ἀεὶ
1371 1805 1448 1857 τῆς
1476 1801 1534 1858 ἕχ-
1565 1797 1620 1840 55

162 1862 275 1914 θρας
304 1858 554 1915 αὐξομένης,
584 1862 665 1903 τοῦ
695 1859 905 1913 βασιλέως
935 1855 1007 1901 διὰ
1033 1855 1082 1900 τὸ
1110 1856 1221 1909 πρὸς
1248 1855 1297 1900 τὸ
1325 1861 1452 1900 θεῖον
1471 1859 1538 1901 εύ-

165 1916 285 1989 σεβες
321 1916 464 1959 πάντα
503 1915 778 1984 βουλομένου
808 1917 879 1984 τῇ
898 1913 1026 1984 μητρὶ
1064 1914 1335 1968 χαρίζεσθαι,
1373 1915 1539 1965 πολλάς

165 1971 373 2042 ἐμφάσεις
403 1971 575 2017 διδόναι
599 1976 674 2028 τῆς
692 1971 801 2027 πρὸς
822 1969 958 2014 αὐτον
976 1969 1327 2039 ἀλλοτριότητος·
1357 1969 1467 2026 πρός
1492 1971 1538 2015 δὲ

163 2029 339 2081 τούτοις
376 2034 451 2085 τῆς
480 2030 788 2082 Παρμενίωνος
823 2027 898 2071 καὶ
929 2025 1131 2070 Φιλώτου
1171 2031 1341 2097 σφαγῆς
1372 2030 1538 2084 φρίκην

164 2085 426 2155 ἐμποιούσης
439 2091 529 2137 τοῖς
544 2088 702 2141 φίλοις,
723 2084 795 2130 διὰ
809 2087 891 2129 τοῦ
908 2084 1025 2127 ἰδίου
1042 2085 1146 2127 υἱοῦ
1157 2085 1420 2139 τεταγμένου
1439 2085 1536 2138 περὶ
1565 2079 1621 2120 60

163 2142 243 2187 τὸν
259 2142 433 2187 κύαθον
454 2145 612 2187 δοῦναι
629 2147 743 2186 πιεῖν
758 2140 1008 2196 θανάσιμον
1024 2139 1260 2210 φάρμακον
1278 2144 1337 2198 τῷ
1360 2143 1538 2211 βασιλεῖ.

165 2215 270 2269 μετα
315 2200 361 2243 δὲ
402 2198 491 2269 τὴν
528 2198 729 2272 τελευτην
766 2203 968 2242 πλεῖστον
1007 2196 1264 2253 ἰσχύσαντος
1303 2201 1390 2240 τῶν
1428 2196 1538 2241 κατὰ

166 2273 245 2312 την
279 2255 521 2313 Εὐρώπην,
566 2256 640 2300 καὶ
678 2272 784 2311 μετα
819 2257 958 2299 ταῦτα
996 2254 1292 2306 Κασσάνδρου
1321 2257 1402 2297 τοῦ
1432 2255 1536 2298 υἱοῦ

168 2313 478 2382 διαδεξαμένου
522 2329 602 2369 την
645 2312 893 2368 βασιλείαν,
941 2311 1133 2362 πολλοὺς
1169 2315 1439 2379 συγγραφεῖς
1476 2310 1534 2368 μή
1565 2302 1619 2345 65

166 2373 332 2439 τολμᾶν
361 2368 528 2423 γράψαι
556 2369 654 2425 περὶ
681 2373 757 2441 τῆς
774 2369 1076 2440 φαρμακείας.
1134 2367 1330 2435 φανερόν
1349 2367 1395 2410 δὲ
1416 2383 1541 2436 γεγο-

168 2424 292 2469 νέναι
319 2425 610 2479 Κάσσανδρον
639 2423 704 2470 δι’
728 2423 876 2469 αὐτων
896 2427 985 2468 τῶν
1005 2421 1206 2478 πράξεων
1220 2421 1542 2478 ἀλλοτριώτατα

171 2482 442 2539 διακείμενον
487 2488 580 2535 τοῖς
619 2481 904 2538 Ἀλεξάνδρου
947 2479 1184 2536 πράγμασι.
1248 2479 1330 2536 τήν
1364 2495 1409 2524 τε
1455 2479 1541 2537 γάρ

170 2627 229 2665 29.
253 2626 343 2673 μέγα
362 2626 500 2676 βοήσας
515 2628 590 2685 καὶ]
611 2628 672 2664 καὶ
687 2628 780 2674 μέγα
796 2628 852 2683 (ἓ)
864 2624 1000 2675 βοήσας
1018 2626 1058 2667 Ῑι,
1081 2624 1144 2662 καὶ
1160 2621 1298 2670 μεγάλα
1318 2623 1457 2672 βοήσας
1475 2625 1539 2670 FQ

261 2675 343 2710 253.
372 2674 429 2710 39.
477 2674 738 2733 συστήσονται]
765 2673 994 2718 ποιήσασθαι
1018 2673 1048 2707 F
1073 2671 1107 2706 in
1131 2683 1244 2718 marg.
1267 2675 1443 2708 correctus

263 2720 321 2756 53.
367 2720 634 2767 προςδὲχεσθαι
656 2722 736 2764 Lx,
757 2721 886 2756 caeteri
908 2717 1185 2774 παραδέχεσθαι
1364 2717 1422 2752 55.
1471 2713 1543 2761 αἐὶ]

171 2765 247 2803 αἰεὶ
269 2778 388 2802 omnes
545 2766 602 2802 56.
625 2766 873 2824 βουλομένου]
897 2763 1123 2813 βουλόμενος
1145 2764 1177 2798 F
1337 2763 1395 2798 5⁷.
1417 2776 1460 2807 τη
1449 2763 1544 2802 ’,ο-

173 2811 475 2871 αλλοτριότητος]
497 2812 545 2860 τῇ
564 2830 610 2839 -
631 2809 887 2860 αλλοτριότητι
907 2813 938 2848 F
1073 2809 1133 2846 63
1155 2806 1384 2856 Κασάνδρου
1406 2809 1438 2844 F
1440 2777 1544 2844 ⁷7.ssae

173 2863 208 2896 ot
236 2871 318 2896 mox
334 2858 564 2906 Χασανδρον

1155 2908 1272 2954 80*
