1820 3249
477 202 602 246 LlB.
631 200 747 246 XIX.
801 199 934 243 CAP.
963 200 1030 243 37
1057 200 1125 241 38.
1369 196 1480 239 1375

119 318 325 390 προάξειν
352 318 480 373 ἄφνω
508 313 627 368 παρὰ
654 313 733 369 τὴν
761 313 940 356 πάντων
964 311 1183 383 ὑπόληψιν
1211 309 1384 377 ωρμησε
1408 308 1480 353 διά
1510 310 1564 353 25

119 381 194 430 τῆς
223 374 399 445 ἐρήμου,
418 389 492 429 της
521 371 636 425 ὥρας
666 370 798 426 οὔσης
826 370 922 423 περὶ
951 367 1186 438 χειμερινὰς
1204 366 1379 422 τροπάς.
1409 383 1484 409 κα-

119 433 172 475 τὰ
201 432 248 476 δὲ
276 430 354 482 τὰς
383 430 713 484 στρατοπεδείας
741 426 995 482 παρήγγειλε
1031 430 1106 481 τῆς
1133 424 1295 495 ἡμέρας
1323 423 1400 492 μὲν
1430 422 1484 464 τὰ

121 487 242 558 πυροὶ
270 486 414 535 κάειν,
441 490 516 541 τῆς
547 485 591 528 δὲ
615 484 771 535 νυκτὸς
799 482 1146 551 κατασβεννύναι
1173 482 1343 532 τελέως,
1369 479 1486 529 ὅπως

121 543 181 600 μή
227 560 340 595 τινες
383 543 430 586 ἐκ
481 545 570 584 τῶν
616 540 843 596 μετεώρων
886 537 1234 608 κατανοήσαντες
1286 536 1486 608 ἀπαγγεί-
1515 537 1568 577 30

120 606 229 665 λωσι
256 600 306 644 τὸ
335 599 566 665 γινόμενον
594 602 687 648 τοῖς
725 598 958 653 πολεμίοις.
1016 597 1072 652 ἡν
1109 595 1192 650 γάρ
1230 594 1258 650 ἡ
1277 610 1366 663 μεν
1396 593 1490 649 ἕρη-

121 657 202 727 μσς
249 660 369 700 πᾶσα
385 654 565 726 σχεδόν
600 654 771 706 πεδιάς,
816 655 1054 712 περιείχετο
1106 653 1151 695 δὲ
1197 650 1285 694 ὑπό
1335 650 1491 704 λόφων

123 713 323 768 ὑψηλων,
371 710 452 766 ἀφ’
503 714 566 754 ὠν
608 712 764 767 ῥᾴδιον
806 713 861 766 ἠν
911 711 955 754 ἐκ
994 712 1159 752 πολλοῦ
1203 706 1492 773 διαστηματος

122 773 325 839 συνορᾶν
346 768 426 839 τὴν
454 766 594 823 αὐγὴν
622 772 703 811 τοῦ
732 767 884 820 πυρός
934 765 1150 815 ἐπιπόνως
1180 763 1225 807 δὲ
1254 767 1330 818 τῆς
1360 760 1491 806 δυνά-

122 841 235 895 μεως
274 823 405 869 πένθ’
441 824 603 880 ἡμέρας
640 822 985 879 ὁδοιπορούσης,
1023 823 1068 866 οἱ
1115 820 1193 876 μὲν
1231 822 1490 874 στρατιῶται
1519 817 1573 859 35

124 881 196 926 διά
226 898 269 924 τε
297 881 346 924 τὰ
385 885 523 936 ψῦχος
561 880 635 923 καὶ
671 881 748 932 τοὶς
786 880 1023 934 ἀναγκαίας
1057 879 1202 934 χρείας
1238 876 1369 920 ἔκαον
1399 878 1490 925 πῦρ

124 935 225 994 μεθ’
255 936 422 1005 ἡμέραν
458 953 503 980 τε
539 938 614 980 καὶ
652 936 825 991 νύκτωρ
865 937 911 980 ἐν
938 940 1030 987 ταῖς
1058 934 1418 1000 στρατοπεδείαις.
1465 929 1494 974 6

126 996 179 1050 δή
218 993 468 1044 συνιδόντες
504 993 617 1043 τινὲς
653 998 741 1037 τῶν
779 992 898 1048 παρὰ
940 992 1019 1048 τήν
1058 992 1230 1061 ἔρημον
1251 987 1492 1033 οἰκούντων

124 1051 319 1104 ε’πεμψαν
357 1051 460 1100 τοὺς
497 1048 845 1117 ἀπαγγελοῦντας
875 1048 1132 1115 αὐθημερὸν
1159 1051 1251 1097 τοῖς
1279 1046 1376 1099 περὶ
1405 1042 1492 1086 Εὕ-

124 1107 231 1162 μένη
267 1106 342 1150 καὶ
370 1106 643 1160 Πευκέστην,
687 1104 836 1156 δόντες
868 1105 1090 1159 δρομάδας
1118 1103 1361 1158 καμήλους·
1394 1103 1491 1144 δια·
1520 1101 1575 1144 40

123 1164 251 1206 τείνει
288 1162 374 1218 γάρ
412 1161 461 1205 τὸ
501 1165 614 1217 ζῷον
648 1166 778 1205 τοῦτο
818 1163 1021 1230 σταδίους
1060 1159 1113 1203 οὐ
1143 1159 1255 1202 πολύ
1293 1157 1493 1208 ελάττους

47 1225 116 1263 347
126 1221 277 1275 χιλιων
304 1220 715 1262 πεντακοσίων.οί
757 1218 804 1261 δὲ
837 1217 936 1270 περὶ
972 1217 1048 1259 τὸν
1079 1215 1330 1270 Πευκέστην
1356 1212 1494 1257 πυθό-
1521 1216 1577 1255 38

128 1292 253 1331 μενοι
289 1276 400 1319 κατὰ
437 1274 570 1330 μέσην
602 1274 686 1345 τὴν
728 1273 836 1319 ὁδὸν
882 1274 1111 1346 ἑωρᾶσθαι
1146 1271 1226 1325 τὴν
1264 1284 1491 1339 στρατοπε-

128 1334 272 1382 δείαν,
313 1331 552 1386 διέγνωσαν
589 1329 827 1399 ἀναχωρεῖν
863 1332 922 1381 εἰς
960 1329 1066 1380 τούς
1095 1328 1316 1397 ἐσχάτους
1333 1325 1497 1377 τόπους
1525 1327 1579 1370 45

127 1392 203 1444 τῆς
231 1389 470 1443 χειμασίας,
509 1386 784 1456 φοβούμενοι
820 1386 877 1442 μή
915 1389 1256 1455 καταληφθῶσιν
1288 1383 1378 1427 ὑπὸ
1408 1388 1497 1426 τῶν

129 1446 347 1500 πολεμίων
384 1444 489 1498 πρὶν
512 1443 543 1515 p}
580 1448 806 1487 συνελθεῖν
834 1441 1108 1512 πανταχόθεν
1144 1442 1223 1511 τὴν
1252 1443 1499 1511 συμμαχοῦ-

130 1513 214 1544 σαν
243 1503 443 1557 δύναμιν.
503 1517 566 1544 ων
595 1498 712 1553 ὁρων
749 1499 828 1554 τήν
860 1498 1054 1554 ἀθυμίαν
1083 1497 1106 1542 6
1137 1496 1361 1567 Εὐμένης,
1391 1496 1499 1551 θαῤ-

130 1558 223 1626 ῥεῖν
249 1556 553 1610 παρεκελεύετο
581 1558 655 1600 καὶ
683 1556 829 1627 μένειν
858 1555 927 1598 ἐπὶ
951 1559 1038 1597 τῶν
1071 1554 1190 1622 ὅρων
1220 1557 1292 1608 τῆς
1321 1552 1499 1608 ἐρήμου

130 1612 378 1684 εὑρηκέναι
400 1613 483 1668 γάρ
526 1612 694 1667 τρόπον
737 1611 793 1656 δι’
839 1607 895 1655 οὗ
931 1611 1100 1667 ποιήσει
1137 1609 1216 1653 τὸν
1251 1609 1501 1677 Ἀντίγονον
1530 1606 1585 1650 50

102 1669 315 1724 ,ὕστερον
352 1668 533 1740 ἡμέραις
559 1670 699 1724 τρισὶν
737 1668 767 1725 ἢ
802 1667 997 1722 τέτταρσι
1026 1667 1371 1722 παραγενέσθαι·
1403 1663 1504 1708 τού-

130 1743 211 1770 του
257 1726 303 1769 δὲ
338 1725 603 1793 γενομένου,
635 1726 732 1795 τὴν
776 1725 854 1781 μὲν
895 1724 1062 1768 ἑαυτῶν
1108 1723 1296 1777 δύναμιν
1345 1722 1505 1778 ῥαδίως

133 1781 530 1850 ἀθροισθήσεσθαι,
569 1781 674 1833 τούς
706 1782 752 1825 δὲ
794 1783 1027 1849 πολεμίους
1068 1779 1504 1846 καταπεπονημένους

137 1840 209 1883 καὶ
237 1838 413 1882 πάντων
441 1839 597 1890 ἐνδεεῖς
626 1838 754 1890 ὄντας
781 1836 1058 1906 υποχειρίους
1085 1836 1357 1892 γενήσεσθαι.
1397 1833 1505 1878 πάν·

134 1911 222 1938 των
251 1895 296 1938 δὲ
323 1895 647 1950 θαυμασάντων
674 1894 723 1938 τὸ
753 1893 1003 1966 παράδοξον
1034 1898 1111 1949 τῆς
1139 1893 1401 1948 ἐπαγγελίας,
1431 1891 1504 1935 καὶ
1533 1890 1587 1933 55

137 1950 382 2019 ζητούντων
410 1956 570 2007 μαθεῖν
597 1953 638 1994 τί
668 1948 764 1995 ποτ’
798 1951 916 1995 ἔσται
952 1949 1002 1993 τὸ
1033 1949 1282 2020 δυνάμενον
1311 1951 1505 1992 κωλῦσαι

135 2005 345 2062 προάγειν
372 2008 474 2059 τοὺς
506 2007 752 2059 ἐναντίους,
781 2008 1036 2076 προςέταξεν
1069 2005 1332 2050 ἀκολουθεῖν
1364 2005 1505 2077 ἐαυτῷ

136 2063 303 2115 πάντας
329 2063 434 2116 τοῦς
459 2063 674 2120 ἡγεμόνας
702 2063 807 2120 μετὰ
836 2068 924 2107 τῶν
953 2064 1075 2106 ἰδίων
1095 2066 1369 2117 στρατιωτῶν
1387 2050 1504 2117 ε’χον-

132 2137 209 2172 τας
238 2121 286 2165 ἐν
293 2119 504 2191 ἀγγείοις
530 2122 698 2165 πλείοσι
723 2124 824 2174 πῦρ.
872 2118 1148 2174 ἐκλεξάμενος
1177 2120 1223 2164 δὲ
1251 2122 1326 2175 τῆς
1354 2118 1504 2188 μετεω’-
1533 2120 1588 2160 60

136 2193 220 2232 ρου
246 2177 387 2246 χώρας
413 2177 550 2222 τόπον
578 2177 872 2246 ἐστραμμένον
900 2176 970 2220 ἐπὶ
998 2176 1077 2232 τὴν
1097 2176 1261 2232 ε’ρημον
1290 2177 1364 2219 καὶ
1390 2175 1502 2230 πρὸς

135 2233 215 2289 τὴν
245 2233 576 2304 ἀποθεώρησιν
601 2232 876 2305 πανταχόθεν
917 2233 1085 2289 εὐφυῆ,
1125 2237 1277 2289 σημεῖα
1320 2232 1508 2288 θέμενος

136 2289 388 2348 περιέλαβεν
433 2307 495 2343 ως
547 2289 604 2335 ἀν
647 2290 948 2348 εβδομήκοντα
985 2291 1174 2334 σταδίων
1215 2289 1508 2346 περιφέρειαν.

140 2491 198 2525 27·
232 2491 310 2536 τῆς]
335 2494 403 2533 τάς
426 2495 457 2528 F
593 2495 650 2531 28.
697 2492 823 2538 κάειν]
855 2494 968 2528 scribe
992 2495 1108 2528 καίειν
1131 2493 1190 2527 hic
1205 2497 1238 2528 et
1256 2493 1314 2529 64.
1451 2493 1509 2528 29.

142 2535 181 2571 ἐκ
204 2538 304 2579 FW,
327 2540 456 2574 caeteri
477 2540 608 2581 νυκτὸς
631 2540 670 2576 ἐκ
807 2541 864 2574 36
910 2539 1033 2588 ἔκαον]
1058 2539 1169 2573 scribe
1190 2538 1316 2576 ἔκαιον
1453 2541 1511 2574 41.

141 2584 201 2616 hic
222 2584 271 2628 gl.
295 2583 328 2617 Τ
353 2583 471 2621 πόσον
495 2587 637 2632 δρόμον
661 2584 830 2633 ἡμερεύει
853 2599 876 2631 η
901 2577 1183 2631 δρομθκῡῖμηλθῖ

233 2651 314 2688 31ῐῖ
342 2652 398 2686 46.
445 2668 468 2697 η
496 2655 708 2711 συνελθεῖν]
742 2657 983 2696 συνειςελθεῖν
1006 2655 1036 2688 F
1218 2653 1275 2689 48.
1324 2652 1508 2698 ἀθυμίαν]

145 2695 337 2741 ῥᾳθυμίαν
360 2700 470 2743 va
661 2698 681 2735 6
706 2713 776 2736 om.
798 2703 883 2736 Bas.
1077 2699 1358 2744 παρεκελεύετο]
1383 2700 1512 2735 ἐπεκα-

144 2746 239 2799 λξῖτο
264 2744 322 2777 FV
513 2745 570 2780 49.
615 2743 714 2790 ὅρων
736 2749 818 2782 Bas.
830 2772 841 2791 ,
882 2747 1011 2781 cacte1i
1034 2743 1134 2790 ὅρων
1316 2747 1374 2782 61.
1419 2746 1513 2787 πρὸς

142 2788 210 2832 τήν
234 2786 497 2835 ἀποθεωρησιν
520 2793 660 2827 Fva
683 2794 792 2837 Bas„
817 2793 945 2827 caeteri
969 2792 1192 2837 praemittunt
1211 2790 1306 2838 πρὸς
1327 2791 1395 2838 τήν
1419 2790 1512 2827 ἀπό-

141 2836 248 2871 θεσιν
271 2836 458 2881 2012,qu
480 2839 644 2874 asterisco
665 2820 797 2875 notavi't
817 2839 1015 2884 Stephanus
