<?xml version="1.0" encoding="UTF-8"?>
<!DOCTYPE html PUBLIC "-//W3C//DTD XHTML 1.0 Transitional//EN"
    "http://www.w3.org/TR/xhtml1/DTD/xhtml1-transitional.dtd">
<html xmlns="http://www.w3.org/1999/xhtml" xml:lang="en" lang="en">
 <head>
  <title>
</title>
<meta http-equiv="Content-Type" content="text/html;charset=utf-8" />
  <meta name='ocr-system' content='tesseract 3.04.00' />
  <meta name='ocr-capabilities' content='ocr_page ocr_carea ocr_par ocr_line ocrx_word'/>
</head>
<body>
  <div class='ocr_page' id='page_1' title='image "./p1bibliothecahisto02dioduoft_0262.png"; bbox 0 0 1820 3249; ppageno 0'>
   <div class='ocr_carea' id='block_1_1' title="bbox 278 128 1286 171">
    <p class='ocr_par' dir='ltr' id='par_1_1' title="bbox 278 128 1286 171">
     <span class='ocr_line' id='line_1_1' title="bbox 278 128 1286 171; baseline -0.002 -1"><span class='ocrx_word' id='word_1_1' title='bbox 278 131 389 171; x_wconf 53' lang='lat'>1182&amp;</span> <span class='ocrx_word' id='word_1_2' title='bbox 630 128 745 170; x_wconf 86' lang='lat' dir='ltr'>LIB.</span> <span class='ocrx_word' id='word_1_3' title='bbox 774 128 899 170; x_wconf 81' lang='lat' dir='ltr'><strong>XVn.</strong></span> <span class='ocrx_word' id='word_1_4' title='bbox 959 128 1089 169; x_wconf 89' lang='lat' dir='ltr'>CAP.</span> <span class='ocrx_word' id='word_1_5' title='bbox 1118 131 1186 171; x_wconf 78' lang='lat'><em>50.</em></span> <span class='ocrx_word' id='word_1_6' title='bbox 1218 131 1286 171; x_wconf 81' lang='lat'><em>51.</em></span> 
     </span>
    </p>
   </div>
   <div class='ocr_carea' id='block_1_2' title="bbox 189 234 1648 1029">
    <p class='ocr_par' dir='ltr' id='par_1_2' title="bbox 189 234 1648 1029">
     <span class='ocr_line' id='line_1_2' title="bbox 274 234 1648 308; baseline -0.001 -26"><span class='ocrx_word' id='word_1_7' title='bbox 274 239 517 296; x_wconf 82' lang='grc' dir='ltr'><em>προϊούσης</em></span> <span class='ocrx_word' id='word_1_8' title='bbox 551 240 598 284; x_wconf 85' lang='grc' dir='ltr'><em>δε</em></span> <span class='ocrx_word' id='word_1_9' title='bbox 613 242 702 308; x_wconf 79' lang='grc' dir='ltr'><em>τῆς</em></span> <span class='ocrx_word' id='word_1_10' title='bbox 729 240 894 296; x_wconf 87' lang='grc' dir='ltr'><em>ημέρας</em></span> <span class='ocrx_word' id='word_1_11' title='bbox 926 257 979 297; x_wconf 91' lang='grc' dir='ltr'><em>τη</em></span> <span class='ocrx_word' id='word_1_12' title='bbox 1008 238 1241 295; x_wconf 86' lang='grc' dir='ltr'><em>προςθέσει</em></span> <span class='ocrx_word' id='word_1_13' title='bbox 1270 240 1358 281; x_wconf 76' lang='grc' dir='ltr'><em>τῶν</em></span> <span class='ocrx_word' id='word_1_14' title='bbox 1388 234 1516 306; x_wconf 77' lang='grc' dir='ltr'><em>ωρεόν</em></span> <span class='ocrx_word' id='word_1_15' title='bbox 1546 237 1648 282; x_wconf 77' lang='grc' dir='ltr'><em>οἰνά-</em></span> 
     </span>
     <span class='ocr_line' id='line_1_3' title="bbox 274 294 1646 366; baseline -0.002 -28"><span class='ocrx_word' id='word_1_16' title='bbox 274 300 409 349; x_wconf 85' lang='grc' dir='ltr'><em>λογον</em></span> <span class='ocrx_word' id='word_1_17' title='bbox 450 295 763 366; x_wconf 80' lang='grc' dir='ltr'><em>καταψύχεται,</em></span> <span class='ocrx_word' id='word_1_18' title='bbox 807 302 886 340; x_wconf 78' lang='grc' dir='ltr'><em>τοῦ</em></span> <span class='ocrx_word' id='word_1_19' title='bbox 915 300 1215 366; x_wconf 80' lang='grc' dir='ltr'><em>μεσημβρινοῦ</em></span> <span class='ocrx_word' id='word_1_20' title='bbox 1245 295 1290 338; x_wconf 84' lang='grc' dir='ltr'><em>δὲ</em></span> <span class='ocrx_word' id='word_1_21' title='bbox 1320 294 1540 349; x_wconf 77' lang='grc' dir='ltr'><em>καύματος</em></span> <span class='ocrx_word' id='word_1_22' title='bbox 1570 294 1646 336; x_wconf 82' lang='grc' dir='ltr'><em>άκ-</em></span> 
     </span>
     <span class='ocr_line' id='line_1_4' title="bbox 273 350 1646 412; baseline -0.003 -16"><span class='ocrx_word' id='word_1_23' title='bbox 273 352 391 407; x_wconf 80' lang='grc' dir='ltr'><em>μάζει</em></span> <span class='ocrx_word' id='word_1_24' title='bbox 430 370 481 409; x_wconf 88' lang='grc' dir='ltr'><em>τη</em></span> <span class='ocrx_word' id='word_1_25' title='bbox 522 352 780 410; x_wconf 78' lang='grc' dir='ltr'><em>ψυχρότητι·</em></span> <span class='ocrx_word' id='word_1_26' title='bbox 824 353 955 395; x_wconf 88' lang='grc' dir='ltr'><em>πάλιν</em></span> <span class='ocrx_word' id='word_1_27' title='bbox 986 357 1031 396; x_wconf 78' lang='grc' dir='ltr'><em>δὲ</em></span> <span class='ocrx_word' id='word_1_28' title='bbox 1061 351 1276 406; x_wconf 81' lang='grc' dir='ltr'><em>ἀνάλογον</em></span> <span class='ocrx_word' id='word_1_29' title='bbox 1307 350 1510 412; x_wconf 75' lang='grc' dir='ltr'><em>ἀπολήγει</em></span> <span class='ocrx_word' id='word_1_30' title='bbox 1538 353 1646 405; x_wconf 85' lang='grc' dir='ltr'><em>πρὸς</em></span> 
     </span>
     <span class='ocr_line' id='line_1_5' title="bbox 191 407 1645 480; baseline -0.001 -28"><span class='ocrx_word' id='word_1_31' title='bbox 191 414 244 454; x_wconf 83' lang='lat' dir='ltr'><em>CO</em></span> <span class='ocrx_word' id='word_1_32' title='bbox 274 425 352 465; x_wconf 88' lang='grc' dir='ltr'><em>την</em></span> <span class='ocrx_word' id='word_1_33' title='bbox 381 409 588 463; x_wconf 77' lang='grc' dir='ltr'><em>ἑσπέραν,</em></span> <span class='ocrx_word' id='word_1_34' title='bbox 620 411 692 453; x_wconf 81' lang='grc' dir='ltr'><em>καὶ</em></span> <span class='ocrx_word' id='word_1_35' title='bbox 720 414 794 464; x_wconf 82' lang='grc' dir='ltr'><em>τῆς</em></span> <span class='ocrx_word' id='word_1_36' title='bbox 823 409 982 460; x_wconf 79' lang='grc' dir='ltr'><em>νυκτὸς</em></span> <span class='ocrx_word' id='word_1_37' title='bbox 994 407 1300 480; x_wconf 81' lang='grc' dir='ltr'><em>ἐπιλαβούσης</em></span> <span class='ocrx_word' id='word_1_38' title='bbox 1330 408 1645 460; x_wconf 65' lang='grc' dir='ltr'><em>αναθεριιαίιε-</em></span> 
     </span>
     <span class='ocr_line' id='line_1_6' title="bbox 273 463 1645 534; baseline -0.002 -26"><span class='ocrx_word' id='word_1_39' title='bbox 273 483 343 508; x_wconf 90' lang='grc' dir='ltr'><em>ται</em></span> <span class='ocrx_word' id='word_1_40' title='bbox 381 465 506 534; x_wconf 80' lang='grc' dir='ltr'><em>μέχρι</em></span> <span class='ocrx_word' id='word_1_41' title='bbox 533 467 678 520; x_wconf 82' lang='grc' dir='ltr'><em>μέσων</em></span> <span class='ocrx_word' id='word_1_42' title='bbox 706 471 895 517; x_wconf 75' lang='grc' dir='ltr'><em>νυκτῶν,</em></span> <span class='ocrx_word' id='word_1_43' title='bbox 935 483 1008 509; x_wconf 81' lang='grc' dir='ltr'><em>και</em></span> <span class='ocrx_word' id='word_1_44' title='bbox 1037 464 1085 508; x_wconf 81' lang='grc' dir='ltr'><em>τό</em></span> <span class='ocrx_word' id='word_1_45' title='bbox 1116 464 1271 507; x_wconf 84' lang='grc' dir='ltr'><em>λοιπόν</em></span> <span class='ocrx_word' id='word_1_46' title='bbox 1297 463 1526 533; x_wconf 87' lang='grc' dir='ltr'><em>άπολήγει,</em></span> <span class='ocrx_word' id='word_1_47' title='bbox 1575 463 1645 519; x_wconf 89' lang='grc' dir='ltr'><em>μέ-</em></span> 
     </span>
     <span class='ocr_line' id='line_1_7' title="bbox 273 518 1646 593; baseline -0.001 -30"><span class='ocrx_word' id='word_1_48' title='bbox 273 538 345 576; x_wconf 88' lang='grc' dir='ltr'><em>χρι</em></span> <span class='ocrx_word' id='word_1_49' title='bbox 385 539 440 563; x_wconf 86' lang='grc' dir='ltr'><em>αν</em></span> <span class='ocrx_word' id='word_1_50' title='bbox 479 522 568 579; x_wconf 84' lang='grc' dir='ltr'><em>άμα</em></span> <span class='ocrx_word' id='word_1_51' title='bbox 600 527 668 593; x_wconf 76' lang='grc' dir='ltr'><em>τῷ</em></span> <span class='ocrx_word' id='word_1_52' title='bbox 697 524 807 579; x_wconf 87' lang='grc' dir='ltr'><em>φωτὶ</em></span> <span class='ocrx_word' id='word_1_53' title='bbox 839 522 949 576; x_wconf 86' lang='grc' dir='ltr'><em>πρὸς</em></span> <span class='ocrx_word' id='word_1_54' title='bbox 979 538 1058 577; x_wconf 83' lang='grc' dir='ltr'><em>την</em></span> <span class='ocrx_word' id='word_1_55' title='bbox 1086 520 1130 572; x_wconf 78' lang='grc' dir='ltr'><em>ἐξ</em></span> <span class='ocrx_word' id='word_1_56' title='bbox 1170 520 1302 576; x_wconf 82' lang='grc' dir='ltr'><em>άρχῆς</em></span> <span class='ocrx_word' id='word_1_57' title='bbox 1342 518 1646 562; x_wconf 75' lang='grc' dir='ltr'><em>ἀποκαταστα-</em></span> 
     </span>
     <span class='ocr_line' id='line_1_8' title="bbox 271 551 1644 644; baseline -0.001 -24"><span class='ocrx_word' id='word_1_58' title='bbox 271 583 333 633; x_wconf 83' lang='grc' dir='ltr'><em>θη</em></span> <span class='ocrx_word' id='word_1_59' title='bbox 372 581 503 631; x_wconf 74' lang='grc' dir='ltr'><em>τάξιν.</em></span> <span class='ocrx_word' id='word_1_60' title='bbox 561 579 609 622; x_wconf 79' lang='grc' dir='ltr'><em>τὸ</em></span> <span class='ocrx_word' id='word_1_61' title='bbox 640 568 695 622; x_wconf 79' lang='grc' dir='ltr'><em>δὲ</em></span> <span class='ocrx_word' id='word_1_62' title='bbox 733 583 814 622; x_wconf 87' lang='grc' dir='ltr'><em>τοῦ</em></span> <span class='ocrx_word' id='word_1_63' title='bbox 850 581 962 622; x_wconf 84' lang='grc' dir='ltr'><em>θεοῦ</em></span> <span class='ocrx_word' id='word_1_64' title='bbox 1001 551 1161 629; x_wconf 82' lang='grc' dir='ltr'><em>ξόανον</em></span> <span class='ocrx_word' id='word_1_65' title='bbox 1201 577 1248 619; x_wconf 79' lang='grc' dir='ltr'><em>ἐκ</em></span> <span class='ocrx_word' id='word_1_66' title='bbox 1277 577 1540 644; x_wconf 85' lang='grc' dir='ltr'><em>σμαράγδων</em></span> <span class='ocrx_word' id='word_1_67' title='bbox 1571 577 1644 618; x_wconf 80' lang='grc' dir='ltr'><em>καί</em></span> 
     </span>
     <span class='ocr_line' id='line_1_9' title="bbox 189 630 1644 705; baseline -0.002 -28"><span class='ocrx_word' id='word_1_68' title='bbox 189 639 242 681; x_wconf 84' lang='grc'>65</span> <span class='ocrx_word' id='word_1_69' title='bbox 273 651 405 677; x_wconf 88' lang='grc' dir='ltr'><em>τινων</em></span> <span class='ocrx_word' id='word_1_70' title='bbox 445 636 587 678; x_wconf 74' lang='grc' dir='ltr'><em>ἄλλων</em></span> <span class='ocrx_word' id='word_1_71' title='bbox 625 636 881 705; x_wconf 81' lang='grc' dir='ltr'><em>περιέχεται,</em></span> <span class='ocrx_word' id='word_1_72' title='bbox 931 634 1004 677; x_wconf 78' lang='grc' dir='ltr'><em>καὶ</em></span> <span class='ocrx_word' id='word_1_73' title='bbox 1040 633 1120 689; x_wconf 80' lang='grc' dir='ltr'><em>τὴν</em></span> <span class='ocrx_word' id='word_1_74' title='bbox 1156 637 1362 689; x_wconf 82' lang='grc' dir='ltr'><em>μαντείαν</em></span> <span class='ocrx_word' id='word_1_75' title='bbox 1392 630 1644 685; x_wconf 80' lang='grc' dir='ltr'><em>ἰδιάζουσαν</em></span> 
     </span>
     <span class='ocr_line' id='line_1_10' title="bbox 271 690 1645 760; baseline -0.001 -27"><span class='ocrx_word' id='word_1_76' title='bbox 271 695 487 742; x_wconf 77' lang='grc' dir='ltr'><em>παντελῶς</em></span> <span class='ocrx_word' id='word_1_77' title='bbox 527 698 722 735; x_wconf 77' lang='grc' dir='ltr'><em>ποιεῖται.</em></span> <span class='ocrx_word' id='word_1_78' title='bbox 790 691 857 734; x_wconf 78' lang='grc' dir='ltr'><em>ἐπὶ</em></span> <span class='ocrx_word' id='word_1_79' title='bbox 895 690 1002 740; x_wconf 78' lang='grc' dir='ltr'><em>νεώς</em></span> <span class='ocrx_word' id='word_1_80' title='bbox 1041 691 1134 759; x_wconf 80' lang='grc' dir='ltr'><em>γάρ</em></span> <span class='ocrx_word' id='word_1_81' title='bbox 1165 690 1444 760; x_wconf 79' lang='grc' dir='ltr'><em>περιφέρεται</em></span> <span class='ocrx_word' id='word_1_82' title='bbox 1480 702 1645 745; x_wconf 81' lang='grc' dir='ltr'><em>χρυσης</em></span> 
     </span>
     <span class='ocr_line' id='line_1_11' title="bbox 269 743 1644 815; baseline -0.001 -25"><span class='ocrx_word' id='word_1_83' title='bbox 269 747 357 791; x_wconf 78' lang='grc' dir='ltr'><em>ὑπό</em></span> <span class='ocrx_word' id='word_1_84' title='bbox 389 749 538 801; x_wconf 80' lang='grc' dir='ltr'><em>ἱερέων</em></span> <span class='ocrx_word' id='word_1_85' title='bbox 567 746 857 803; x_wconf 81' lang='grc' dir='ltr'><em>ὀγδοηκοντα</em></span> <span class='ocrx_word' id='word_1_86' title='bbox 891 748 1014 789; x_wconf 84' lang='grc' dir='ltr'><em>οὑτοι</em></span> <span class='ocrx_word' id='word_1_87' title='bbox 1045 743 1089 788; x_wconf 81' lang='grc' dir='ltr'><em>δ’</em></span> <span class='ocrx_word' id='word_1_88' title='bbox 1118 744 1185 788; x_wconf 82' lang='grc' dir='ltr'><em>ἐπὶ</em></span> <span class='ocrx_word' id='word_1_89' title='bbox 1212 750 1299 787; x_wconf 82' lang='grc' dir='ltr'><em>τῶν</em></span> <span class='ocrx_word' id='word_1_90' title='bbox 1330 743 1460 814; x_wconf 86' lang='grc' dir='ltr'><em>ω’μων</em></span> <span class='ocrx_word' id='word_1_91' title='bbox 1483 749 1644 815; x_wconf 87' lang='grc' dir='ltr'><em>φέρον-</em></span> 
     </span>
     <span class='ocr_line' id='line_1_12' title="bbox 270 800 1642 872; baseline -0.002 -26"><span class='ocrx_word' id='word_1_92' title='bbox 270 820 337 854; x_wconf 82' lang='grc' dir='ltr'><em>τες</em></span> <span class='ocrx_word' id='word_1_93' title='bbox 367 804 442 846; x_wconf 83' lang='grc' dir='ltr'><em>τόν</em></span> <span class='ocrx_word' id='word_1_94' title='bbox 470 803 579 847; x_wconf 84' lang='grc' dir='ltr'><em>θεὸν</em></span> <span class='ocrx_word' id='word_1_95' title='bbox 611 804 883 872; x_wconf 75' lang='grc' dir='ltr'><em>προάγουσιν</em></span> <span class='ocrx_word' id='word_1_96' title='bbox 913 800 1167 857; x_wconf 75' lang='grc' dir='ltr'><em>αὐτομάτως</em></span> <span class='ocrx_word' id='word_1_97' title='bbox 1196 800 1310 844; x_wconf 83' lang='grc' dir='ltr'><em>ὅπου</em></span> <span class='ocrx_word' id='word_1_98' title='bbox 1340 818 1422 843; x_wconf 92' lang='grc' dir='ltr'><em>ποτ</em></span> <span class='ocrx_word' id='word_1_99' title='bbox 1475 802 1528 843; x_wconf 74' lang='grc' dir='ltr'><em>ἂν</em></span> <span class='ocrx_word' id='word_1_100' title='bbox 1559 801 1642 857; x_wconf 77' lang='grc' dir='ltr'><em>ἄγῃ</em></span> 
     </span>
     <span class='ocr_line' id='line_1_13' title="bbox 270 858 1644 925; baseline -0.002 -22"><span class='ocrx_word' id='word_1_101' title='bbox 270 860 318 903; x_wconf 86' lang='grc' dir='ltr'><em>τὸ</em></span> <span class='ocrx_word' id='word_1_102' title='bbox 349 865 427 903; x_wconf 87' lang='grc' dir='ltr'><em>τοῦ</em></span> <span class='ocrx_word' id='word_1_103' title='bbox 459 863 571 902; x_wconf 85' lang='grc' dir='ltr'><em>θεοῦ</em></span> <span class='ocrx_word' id='word_1_104' title='bbox 598 865 735 914; x_wconf 72' lang='grc' dir='ltr'><em>νεῦμα</em></span> <span class='ocrx_word' id='word_1_105' title='bbox 764 859 842 915; x_wconf 74' lang='grc' dir='ltr'><em>τήν</em></span> <span class='ocrx_word' id='word_1_106' title='bbox 872 861 1067 913; x_wconf 84' lang='grc' dir='ltr'><em>πορείαν.</em></span> <span class='ocrx_word' id='word_1_107' title='bbox 1127 862 1449 900; x_wconf 85' lang='grc' dir='ltr'><em>συνακολουθεῖ</em></span> <span class='ocrx_word' id='word_1_108' title='bbox 1472 858 1517 900; x_wconf 88' lang='grc' dir='ltr'><em>δε</em></span> <span class='ocrx_word' id='word_1_109' title='bbox 1535 864 1644 925; x_wconf 77' lang='grc' dir='ltr'><em>πλη-</em></span> 
     </span>
     <span class='ocr_line' id='line_1_14' title="bbox 189 912 1644 972; baseline -0.002 -13"><span class='ocrx_word' id='word_1_110' title='bbox 189 920 242 959; x_wconf 89' lang='grc'><em>70</em></span> <span class='ocrx_word' id='word_1_111' title='bbox 272 922 354 967; x_wconf 89' lang='grc' dir='ltr'><em>θος</em></span> <span class='ocrx_word' id='word_1_112' title='bbox 381 917 615 970; x_wconf 84' lang='grc' dir='ltr'><em>παρθένων</em></span> <span class='ocrx_word' id='word_1_113' title='bbox 644 918 716 959; x_wconf 84' lang='grc' dir='ltr'><em>καὶ</em></span> <span class='ocrx_word' id='word_1_114' title='bbox 745 921 968 972; x_wconf 78' lang='grc' dir='ltr'><em>γυναικών</em></span> <span class='ocrx_word' id='word_1_115' title='bbox 994 917 1184 964; x_wconf 77' lang='grc' dir='ltr'><em>παιᾶνας</em></span> <span class='ocrx_word' id='word_1_116' title='bbox 1211 912 1414 957; x_wconf 79' lang='grc' dir='ltr'><em>άδουσων</em></span> <span class='ocrx_word' id='word_1_117' title='bbox 1435 914 1544 956; x_wconf 80' lang='grc' dir='ltr'><em>κατά</em></span> <span class='ocrx_word' id='word_1_118' title='bbox 1563 918 1644 956; x_wconf 78' lang='grc' dir='ltr'><em>πᾶ-</em></span> 
     </span>
     <span class='ocr_line' id='line_1_15' title="bbox 275 969 1640 1029; baseline -0.002 -13"><span class='ocrx_word' id='word_1_119' title='bbox 275 985 357 1016; x_wconf 82' lang='grc' dir='ltr'><em>σαν</em></span> <span class='ocrx_word' id='word_1_120' title='bbox 385 973 463 1029; x_wconf 78' lang='grc' dir='ltr'><em>τὴν</em></span> <span class='ocrx_word' id='word_1_121' title='bbox 494 972 598 1016; x_wconf 82' lang='grc' dir='ltr'><em>ὁδόν</em></span> <span class='ocrx_word' id='word_1_122' title='bbox 637 990 711 1016; x_wconf 81' lang='grc' dir='ltr'><em>και</em></span> <span class='ocrx_word' id='word_1_123' title='bbox 747 975 912 1029; x_wconf 85' lang='grc' dir='ltr'><em>πατρίῳ</em></span> <span class='ocrx_word' id='word_1_124' title='bbox 942 976 1268 1026; x_wconf 82' lang='grc' dir='ltr'><em>καθυμνουσων</em></span> <span class='ocrx_word' id='word_1_125' title='bbox 1297 969 1389 1028; x_wconf 73' lang='grc' dir='ltr'><em>ᾠδῇ</em></span> <span class='ocrx_word' id='word_1_126' title='bbox 1417 987 1496 1013; x_wconf 85' lang='grc' dir='ltr'><em>τον</em></span> <span class='ocrx_word' id='word_1_127' title='bbox 1522 969 1640 1014; x_wconf 86' lang='grc' dir='ltr'><em>θεόν.</em></span> 
     </span>
    </p>
   </div>
   <div class='ocr_carea' id='block_1_3' title="bbox 184 1059 1712 2194">
    <p class='ocr_par' dir='ltr' id='par_1_3' title="bbox 184 1059 1712 2194">
     <span class='ocr_line' id='line_1_16' title="bbox 189 1059 1640 1129; baseline -0.004 -20"><span class='ocrx_word' id='word_1_128' title='bbox 189 1069 243 1110; x_wconf 82' lang='grc'><em>51</em></span> <span class='ocrx_word' id='word_1_129' title='bbox 390 1066 482 1106; x_wconf 84' lang='grc' dir='ltr'><em>Τοῦ</em></span> <span class='ocrx_word' id='word_1_130' title='bbox 511 1061 552 1105; x_wconf 83' lang='grc' dir='ltr'><em>δ’</em></span> <span class='ocrx_word' id='word_1_131' title='bbox 576 1059 858 1117; x_wconf 80' lang='grc' dir='ltr'><em>Ἀλεξάνδρου</em></span> <span class='ocrx_word' id='word_1_132' title='bbox 892 1061 965 1105; x_wconf 80' lang='grc' dir='ltr'><em>διὰ</em></span> <span class='ocrx_word' id='word_1_133' title='bbox 993 1078 1080 1104; x_wconf 90' lang='grc' dir='ltr'><em>των</em></span> <span class='ocrx_word' id='word_1_134' title='bbox 1110 1061 1262 1115; x_wconf 81' lang='grc' dir='ltr'><em>ἱερέων</em></span> <span class='ocrx_word' id='word_1_135' title='bbox 1292 1059 1560 1129; x_wconf 86' lang='grc' dir='ltr'><em>είςαχθέντος</em></span> <span class='ocrx_word' id='word_1_136' title='bbox 1582 1061 1640 1111; x_wconf 85' lang='grc' dir='ltr'><em>εἷς</em></span> 
     </span>
     <span class='ocr_line' id='line_1_17' title="bbox 188 1116 1640 1187; baseline -0.003 -25"><span class='ocrx_word' id='word_1_137' title='bbox 188 1126 242 1167; x_wconf 88' lang='lat'><em>75</em></span> <span class='ocrx_word' id='word_1_138' title='bbox 271 1119 350 1162; x_wconf 77' lang='grc' dir='ltr'><em>τόν</em></span> <span class='ocrx_word' id='word_1_139' title='bbox 385 1121 497 1162; x_wconf 81' lang='grc' dir='ltr'><em>νεών</em></span> <span class='ocrx_word' id='word_1_140' title='bbox 536 1121 608 1162; x_wconf 80' lang='grc' dir='ltr'><em>καὶ</em></span> <span class='ocrx_word' id='word_1_141' title='bbox 645 1120 722 1162; x_wconf 83' lang='grc' dir='ltr'><em>τὸν</em></span> <span class='ocrx_word' id='word_1_142' title='bbox 749 1120 856 1163; x_wconf 84' lang='grc' dir='ltr'><em>θεὸν</em></span> <span class='ocrx_word' id='word_1_143' title='bbox 891 1118 1267 1187; x_wconf 83' lang='grc' dir='ltr'><em>κατανοήσαντος,</em></span> <span class='ocrx_word' id='word_1_144' title='bbox 1309 1116 1332 1160; x_wconf 89' lang='grc' dir='ltr'>ὁ</span> <span class='ocrx_word' id='word_1_145' title='bbox 1363 1119 1442 1171; x_wconf 80' lang='grc' dir='ltr'><em>μὲν</em></span> <span class='ocrx_word' id='word_1_146' title='bbox 1468 1133 1640 1172; x_wconf 86' lang='grc' dir='ltr'><em>προφη-</em></span> 
     </span>
     <span class='ocr_line' id='line_1_18' title="bbox 269 1173 1639 1244; baseline -0.001 -26"><span class='ocrx_word' id='word_1_147' title='bbox 269 1176 407 1219; x_wconf 86' lang='grc' dir='ltr'><em>τεύων</em></span> <span class='ocrx_word' id='word_1_148' title='bbox 444 1175 552 1229; x_wconf 73' lang='grc' dir='ltr'><em>άνὴρ</em></span> <span class='ocrx_word' id='word_1_149' title='bbox 590 1175 884 1232; x_wconf 82' lang='grc' dir='ltr'><em>πρεσβύτερος</em></span> <span class='ocrx_word' id='word_1_150' title='bbox 913 1175 991 1231; x_wconf 73' lang='grc' dir='ltr'><em>τὴν</em></span> <span class='ocrx_word' id='word_1_151' title='bbox 1017 1174 1190 1244; x_wconf 77' lang='grc' dir='ltr'><em>ἡλικίαν</em></span> <span class='ocrx_word' id='word_1_152' title='bbox 1228 1173 1482 1242; x_wconf 82' lang='grc' dir='ltr'><em>προςελθών</em></span> <span class='ocrx_word' id='word_1_153' title='bbox 1520 1176 1639 1241; x_wconf 76' lang='grc' dir='ltr'><em>αυτῷ</em></span> 
     </span>
     <span class='ocr_line' id='line_1_19' title="bbox 270 1218 1639 1300; baseline -0.001 -26"><span class='ocrx_word' id='word_1_154' title='bbox 270 1236 427 1286; x_wconf 86' lang='grc' dir='ltr'><em>Χαῖρε,</em></span> <span class='ocrx_word' id='word_1_155' title='bbox 475 1237 615 1283; x_wconf 81' lang='grc' dir='ltr'><em>είπεν,</em></span> <span class='ocrx_word' id='word_1_156' title='bbox 660 1234 692 1275; x_wconf 80' lang='grc' dir='ltr'><strong><em>ὠ</em></strong></span> <span class='ocrx_word' id='word_1_157' title='bbox 732 1248 832 1275; x_wconf 91' lang='grc' dir='ltr'><em>παι·</em></span> <span class='ocrx_word' id='word_1_158' title='bbox 881 1234 952 1274; x_wconf 77' lang='grc' dir='ltr'><em>καὶ</em></span> <span class='ocrx_word' id='word_1_159' title='bbox 991 1231 1153 1300; x_wconf 83' lang='grc' dir='ltr'><em>ταύτην</em></span> <span class='ocrx_word' id='word_1_160' title='bbox 1183 1233 1302 1284; x_wconf 84' lang='grc' dir='ltr'><em>παρά</em></span> <span class='ocrx_word' id='word_1_161' title='bbox 1330 1235 1411 1273; x_wconf 81' lang='grc' dir='ltr'><em>τοῦ</em></span> <span class='ocrx_word' id='word_1_162' title='bbox 1437 1235 1544 1273; x_wconf 88' lang='grc' dir='ltr'><em>θεον</em></span> <span class='ocrx_word' id='word_1_163' title='bbox 1575 1218 1639 1298; x_wconf 76' lang='grc' dir='ltr'><em>ἔχε</em></span> 
     </span>
     <span class='ocr_line' id='line_1_20' title="bbox 269 1287 1638 1359; baseline -0.001 -30"><span class='ocrx_word' id='word_1_164' title='bbox 269 1289 347 1344; x_wconf 76' lang='grc' dir='ltr'><em>τὴν</em></span> <span class='ocrx_word' id='word_1_165' title='bbox 376 1289 623 1359; x_wconf 73' lang='grc' dir='ltr'><em>πρόςρησιν.</em></span> <span class='ocrx_word' id='word_1_166' title='bbox 684 1289 706 1332; x_wconf 96' lang='lat'><em>6</em></span> <span class='ocrx_word' id='word_1_167' title='bbox 741 1288 787 1333; x_wconf 88' lang='lat'><em>6&#39;</em></span> <span class='ocrx_word' id='word_1_168' title='bbox 819 1288 1057 1356; x_wconf 83' lang='grc' dir='ltr'><em>ὑπολαβων</em></span> <span class='ocrx_word' id='word_1_169' title='bbox 1085 1287 1307 1356; x_wconf 84' lang='grc' dir='ltr'><em>Δέχομαι,</em></span> <span class='ocrx_word' id='word_1_170' title='bbox 1323 1289 1467 1341; x_wconf 78' lang='grc' dir='ltr'><em>φησίν,</em></span> <span class='ocrx_word' id='word_1_171' title='bbox 1500 1289 1533 1329; x_wconf 81' lang='grc' dir='ltr'><em>ὠ</em></span> <span class='ocrx_word' id='word_1_172' title='bbox 1559 1288 1638 1328; x_wconf 91' lang='grc' dir='ltr'><em>πά-</em></span> 
     </span>
     <span class='ocr_line' id='line_1_21' title="bbox 269 1340 1639 1414; baseline -0.004 -25"><span class='ocrx_word' id='word_1_173' title='bbox 269 1362 366 1400; x_wconf 85' lang='grc' dir='ltr'><em>τερ,</em></span> <span class='ocrx_word' id='word_1_174' title='bbox 408 1363 480 1388; x_wconf 77' lang='grc' dir='ltr'><em>και</em></span> <span class='ocrx_word' id='word_1_175' title='bbox 510 1345 558 1388; x_wconf 88' lang='grc' dir='ltr'><em>τὸ</em></span> <span class='ocrx_word' id='word_1_176' title='bbox 588 1345 743 1389; x_wconf 84' lang='grc' dir='ltr'><em>λοιπὸν</em></span> <span class='ocrx_word' id='word_1_177' title='bbox 772 1343 1045 1414; x_wconf 72' lang='grc' dir='ltr'><em>κεκλήσομαι</em></span> <span class='ocrx_word' id='word_1_178' title='bbox 1058 1342 1152 1394; x_wconf 83' lang='grc' dir='ltr'><em>σός.</em></span> <span class='ocrx_word' id='word_1_179' title='bbox 1213 1340 1307 1386; x_wconf 67' lang='grc' dir='ltr'><em>ἀλλ’</em></span> <span class='ocrx_word' id='word_1_180' title='bbox 1339 1346 1378 1385; x_wconf 87' lang='grc' dir='ltr'><em>εί</em></span> <span class='ocrx_word' id='word_1_181' title='bbox 1404 1360 1479 1397; x_wconf 89' lang='grc' dir='ltr'><em>μοι</em></span> <span class='ocrx_word' id='word_1_182' title='bbox 1510 1345 1639 1393; x_wconf 77' lang='grc' dir='ltr'><em>δίδως</em></span> 
     </span>
     <span class='ocr_line' id='line_1_22' title="bbox 186 1399 1639 1469; baseline -0.003 -24"><span class='ocrx_word' id='word_1_183' title='bbox 186 1413 238 1451; x_wconf 80' lang='lat'><em>80</em></span> <span class='ocrx_word' id='word_1_184' title='bbox 268 1403 349 1458; x_wconf 71' lang='grc' dir='ltr'><em>τήν</em></span> <span class='ocrx_word' id='word_1_185' title='bbox 379 1400 545 1457; x_wconf 83' lang='grc' dir='ltr'><em>ἁπάσης</em></span> <span class='ocrx_word' id='word_1_186' title='bbox 574 1405 650 1469; x_wconf 70' lang='grc' dir='ltr'><em>γῆς</em></span> <span class='ocrx_word' id='word_1_187' title='bbox 681 1401 830 1457; x_wconf 87' lang='grc' dir='ltr'><em>άρχην.</em></span> <span class='ocrx_word' id='word_1_188' title='bbox 889 1407 968 1444; x_wconf 83' lang='grc' dir='ltr'><em>τοῦ</em></span> <span class='ocrx_word' id='word_1_189' title='bbox 1001 1400 1045 1444; x_wconf 80' lang='grc' dir='ltr'><em>δ’</em></span> <span class='ocrx_word' id='word_1_190' title='bbox 1069 1402 1218 1453; x_wconf 80' lang='grc' dir='ltr'><em>ἱερέως</em></span> <span class='ocrx_word' id='word_1_191' title='bbox 1240 1399 1557 1467; x_wconf 83' lang='grc' dir='ltr'><em>προςελθόντος</em></span> <span class='ocrx_word' id='word_1_192' title='bbox 1579 1404 1639 1441; x_wconf 72' lang='grc' dir='ltr'><em>τιό</em></span> 
     </span>
     <span class='ocr_line' id='line_1_23' title="bbox 270 1446 1637 1517; baseline -0.002 -16"><span class='ocrx_word' id='word_1_193' title='bbox 270 1464 401 1517; x_wconf 76' lang='grc' dir='ltr'><em>σηκῷ,</em></span> <span class='ocrx_word' id='word_1_194' title='bbox 434 1460 506 1501; x_wconf 73' lang='grc' dir='ltr'><em>καὶ</em></span> <span class='ocrx_word' id='word_1_195' title='bbox 536 1475 622 1501; x_wconf 83' lang='grc' dir='ltr'><em>των</em></span> <span class='ocrx_word' id='word_1_196' title='bbox 652 1458 827 1511; x_wconf 78' lang='grc' dir='ltr'><em>ἀνδρων</em></span> <span class='ocrx_word' id='word_1_197' title='bbox 856 1463 943 1500; x_wconf 78' lang='grc' dir='ltr'><em>τῶν</em></span> <span class='ocrx_word' id='word_1_198' title='bbox 974 1457 1189 1510; x_wconf 77' lang='grc' dir='ltr'><em>αἰρόντων</em></span> <span class='ocrx_word' id='word_1_199' title='bbox 1218 1456 1420 1499; x_wconf 80' lang='grc' dir='ltr'><em>τὸνθεόν</em></span> <span class='ocrx_word' id='word_1_200' title='bbox 1441 1446 1637 1511; x_wconf 78' lang='grc' dir='ltr'><em>κινηθέν-</em></span> 
     </span>
     <span class='ocr_line' id='line_1_24' title="bbox 268 1512 1639 1583; baseline -0.001 -25"><span class='ocrx_word' id='word_1_201' title='bbox 268 1532 355 1558; x_wconf 88' lang='grc' dir='ltr'><em>των</em></span> <span class='ocrx_word' id='word_1_202' title='bbox 385 1515 655 1570; x_wconf 72' lang='grc' dir='ltr'><em>τεταγμένοις</em></span> <span class='ocrx_word' id='word_1_203' title='bbox 685 1517 769 1558; x_wconf 84' lang='grc' dir='ltr'><em>τισὶ</em></span> <span class='ocrx_word' id='word_1_204' title='bbox 799 1533 879 1583; x_wconf 87' lang='grc' dir='ltr'><em>της</em></span> <span class='ocrx_word' id='word_1_205' title='bbox 902 1519 1053 1570; x_wconf 72' lang='grc' dir='ltr'><em>φωνῆς</em></span> <span class='ocrx_word' id='word_1_206' title='bbox 1074 1512 1321 1570; x_wconf 80' lang='grc' dir='ltr'><em>συμβόλοις,</em></span> <span class='ocrx_word' id='word_1_207' title='bbox 1353 1512 1375 1555; x_wconf 93' lang='lat'><em>6</em></span> <span class='ocrx_word' id='word_1_208' title='bbox 1397 1513 1475 1568; x_wconf 77' lang='grc' dir='ltr'><em>μὲι</em></span> <span class='ocrx_word' id='word_1_209' title='bbox 1496 1512 1639 1556; x_wconf 84' lang='grc' dir='ltr'><em>άνεῐπε</em></span> 
     </span>
     <span class='ocr_line' id='line_1_25' title="bbox 268 1568 1638 1638; baseline -0.002 -23"><span class='ocrx_word' id='word_1_210' title='bbox 268 1574 454 1628; x_wconf 86' lang='grc' dir='ltr'><em>βεβαίως</em></span> <span class='ocrx_word' id='word_1_211' title='bbox 486 1571 603 1627; x_wconf 77' lang='grc' dir='ltr'><em>αὐτῷ</em></span> <span class='ocrx_word' id='word_1_212' title='bbox 634 1573 806 1615; x_wconf 78' lang='grc' dir='ltr'><em>διδόναι</em></span> <span class='ocrx_word' id='word_1_213' title='bbox 835 1571 913 1614; x_wconf 81' lang='grc' dir='ltr'><em>τὸν</em></span> <span class='ocrx_word' id='word_1_214' title='bbox 941 1578 1050 1614; x_wconf 88' lang='grc' dir='ltr'><em>θεον</em></span> <span class='ocrx_word' id='word_1_215' title='bbox 1067 1587 1158 1631; x_wconf 90' lang='grc' dir='ltr'><em>την</em></span> <span class='ocrx_word' id='word_1_216' title='bbox 1188 1572 1369 1630; x_wconf 88' lang='grc' dir='ltr'><em>αιτησιν,</em></span> <span class='ocrx_word' id='word_1_217' title='bbox 1402 1569 1424 1612; x_wconf 89' lang='grc' dir='ltr'>ὁ</span> <span class='ocrx_word' id='word_1_218' title='bbox 1454 1568 1498 1612; x_wconf 84' lang='grc' dir='ltr'><em>δ’</em></span> <span class='ocrx_word' id='word_1_219' title='bbox 1525 1569 1638 1638; x_wconf 57' lang='grc' dir='ltr'><em>ᾈλέ-</em></span> 
     </span>
     <span class='ocr_line' id='line_1_26' title="bbox 269 1624 1640 1694; baseline -0.002 -23"><span class='ocrx_word' id='word_1_220' title='bbox 269 1631 452 1683; x_wconf 84' lang='grc' dir='ltr'><em>ξανδρος</em></span> <span class='ocrx_word' id='word_1_221' title='bbox 481 1628 717 1683; x_wconf 78' lang='grc' dir='ltr'><em>ὑπολαβών</em></span> <span class='ocrx_word' id='word_1_222' title='bbox 752 1628 812 1671; x_wconf 90' lang='grc' dir='ltr'><em>Τὸ</em></span> <span class='ocrx_word' id='word_1_223' title='bbox 843 1628 1011 1679; x_wconf 84' lang='grc' dir='ltr'><em>λοιπόν,</em></span> <span class='ocrx_word' id='word_1_224' title='bbox 1043 1632 1170 1677; x_wconf 81' lang='grc' dir='ltr'><em>εἰπεν,</em></span> <span class='ocrx_word' id='word_1_225' title='bbox 1203 1631 1236 1670; x_wconf 80' lang='grc' dir='ltr'><em>ὠ</em></span> <span class='ocrx_word' id='word_1_226' title='bbox 1263 1630 1434 1681; x_wconf 78' lang='grc' dir='ltr'><em>δαῖμον,</em></span> <span class='ocrx_word' id='word_1_227' title='bbox 1471 1624 1640 1694; x_wconf 86' lang='grc' dir='ltr'><em>απόφη-</em></span> 
     </span>
     <span class='ocr_line' id='line_1_27' title="bbox 185 1682 1639 1753; baseline -0.002 -24"><span class='ocrx_word' id='word_1_228' title='bbox 185 1688 238 1729; x_wconf 86' lang='grc'><em>85</em></span> <span class='ocrx_word' id='word_1_229' title='bbox 269 1687 342 1728; x_wconf 83' lang='grc' dir='ltr'><em>ναί</em></span> <span class='ocrx_word' id='word_1_230' title='bbox 381 1702 457 1740; x_wconf 88' lang='grc' dir='ltr'><em>μοι</em></span> <span class='ocrx_word' id='word_1_231' title='bbox 499 1690 587 1727; x_wconf 79' lang='grc' dir='ltr'><em>τῶν</em></span> <span class='ocrx_word' id='word_1_232' title='bbox 628 1685 921 1740; x_wconf 81' lang='grc' dir='ltr'><em>ζητουμένων,</em></span> <span class='ocrx_word' id='word_1_233' title='bbox 976 1687 1012 1728; x_wconf 86' lang='grc' dir='ltr'><em>εἰ</em></span> <span class='ocrx_word' id='word_1_234' title='bbox 1051 1683 1218 1734; x_wconf 87' lang='grc' dir='ltr'><em>πάντας</em></span> <span class='ocrx_word' id='word_1_235' title='bbox 1250 1683 1337 1753; x_wconf 49' lang='grc' dir='ltr'><em>,ἠδη</em></span> <span class='ocrx_word' id='word_1_236' title='bbox 1371 1682 1639 1739; x_wconf 77' lang='grc' dir='ltr'><em>μετελήλυθα</em></span> 
     </span>
     <span class='ocr_line' id='line_1_28' title="bbox 268 1739 1638 1811; baseline -0.002 -26"><span class='ocrx_word' id='word_1_237' title='bbox 268 1743 371 1792; x_wconf 80' lang='grc' dir='ltr'><em>τοὺς</em></span> <span class='ocrx_word' id='word_1_238' title='bbox 409 1742 672 1811; x_wconf 83' lang='grc' dir='ltr'><em>γενομένους</em></span> <span class='ocrx_word' id='word_1_239' title='bbox 709 1747 860 1795; x_wconf 85' lang='grc' dir='ltr'><em>φονεῖς</em></span> <span class='ocrx_word' id='word_1_240' title='bbox 895 1745 976 1784; x_wconf 82' lang='grc' dir='ltr'><em>τοῦ</em></span> <span class='ocrx_word' id='word_1_241' title='bbox 1016 1740 1198 1794; x_wconf 88' lang='grc' dir='ltr'><em>πατρός,</em></span> <span class='ocrx_word' id='word_1_242' title='bbox 1241 1739 1269 1796; x_wconf 83' lang='grc' dir='ltr'><em>ἥ</em></span> <span class='ocrx_word' id='word_1_243' title='bbox 1306 1757 1419 1790; x_wconf 88' lang='grc' dir='ltr'><em>τινες</em></span> <span class='ocrx_word' id='word_1_244' title='bbox 1450 1740 1638 1808; x_wconf 68' lang='grc' dir='ltr'><em>διαλελη-</em></span> 
     </span>
     <span class='ocr_line' id='line_1_29' title="bbox 268 1795 1636 1867; baseline -0.001 -26"><span class='ocrx_word' id='word_1_245' title='bbox 268 1805 413 1842; x_wconf 87' lang='grc' dir='ltr'><em>θασιν.</em></span> <span class='ocrx_word' id='word_1_246' title='bbox 472 1797 495 1841; x_wconf 91' lang='lat'><em>6</em></span> <span class='ocrx_word' id='word_1_247' title='bbox 528 1798 573 1841; x_wconf 82' lang='grc' dir='ltr'><em>δὲ</em></span> <span class='ocrx_word' id='word_1_248' title='bbox 605 1797 832 1854; x_wconf 81' lang='grc' dir='ltr'><em>προφήτης</em></span> <span class='ocrx_word' id='word_1_249' title='bbox 861 1796 1098 1867; x_wconf 68' lang='grc' dir='ltr'><em>ἀνεβόησεν</em></span> <span class='ocrx_word' id='word_1_250' title='bbox 1120 1795 1339 1852; x_wconf 83' lang='grc' dir='ltr'><em>Εὐφήμει·</em></span> <span class='ocrx_word' id='word_1_251' title='bbox 1372 1796 1533 1839; x_wconf 75' lang='grc' dir='ltr'><em>οὐδένα</em></span> <span class='ocrx_word' id='word_1_252' title='bbox 1552 1797 1636 1852; x_wconf 77' lang='grc' dir='ltr'><em>γάρ</em></span> 
     </span>
     <span class='ocr_line' id='line_1_30' title="bbox 267 1853 1639 1924; baseline -0.001 -26"><span class='ocrx_word' id='word_1_253' title='bbox 267 1854 518 1908; x_wconf 76' lang='grc' dir='ltr'><em>ἀνθρώπων</em></span> <span class='ocrx_word' id='word_1_254' title='bbox 556 1853 764 1924; x_wconf 82' lang='grc' dir='ltr'><em>ὑπάρχειν</em></span> <span class='ocrx_word' id='word_1_255' title='bbox 797 1855 874 1897; x_wconf 85' lang='grc' dir='ltr'><em>τὸν</em></span> <span class='ocrx_word' id='word_1_256' title='bbox 908 1853 1205 1910; x_wconf 85' lang='grc' dir='ltr'><em>δυνησόμενον</em></span> <span class='ocrx_word' id='word_1_257' title='bbox 1235 1856 1538 1921; x_wconf 76' lang='grc' dir='ltr'><em>ἐπιβουλεῦσαι</em></span> <span class='ocrx_word' id='word_1_258' title='bbox 1576 1856 1639 1910; x_wconf 73' lang='grc' dir='ltr'><em>τῷ</em></span> 
     </span>
     <span class='ocr_line' id='line_1_31' title="bbox 184 1909 1638 1966; baseline -0.001 -12"><span class='ocrx_word' id='word_1_259' title='bbox 184 1919 237 1959; x_wconf 83' lang='grc'><em>90</em></span> <span class='ocrx_word' id='word_1_260' title='bbox 267 1924 525 1966; x_wconf 84' lang='grc' dir='ltr'><em>γεννησαντι</em></span> <span class='ocrx_word' id='word_1_261' title='bbox 555 1910 714 1954; x_wconf 81' lang='grc' dir='ltr'><em>αὐτόν·</em></span> <span class='ocrx_word' id='word_1_262' title='bbox 753 1911 857 1961; x_wconf 79' lang='grc' dir='ltr'><em>τούς</em></span> <span class='ocrx_word' id='word_1_263' title='bbox 886 1911 931 1955; x_wconf 88' lang='grc' dir='ltr'><em>δε</em></span> <span class='ocrx_word' id='word_1_264' title='bbox 960 1916 1039 1954; x_wconf 81' lang='grc' dir='ltr'><em>τοῦ</em></span> <span class='ocrx_word' id='word_1_265' title='bbox 1074 1912 1294 1952; x_wconf 84' lang='grc' dir='ltr'><em>Φιλίππου</em></span> <span class='ocrx_word' id='word_1_266' title='bbox 1325 1916 1474 1965; x_wconf 86' lang='grc' dir='ltr'><em>φονεῖς</em></span> <span class='ocrx_word' id='word_1_267' title='bbox 1505 1909 1638 1953; x_wconf 86' lang='grc' dir='ltr'><em>άπαν-</em></span> 
     </span>
     <span class='ocr_line' id='line_1_32' title="bbox 267 1965 1636 2034; baseline -0.002 -23"><span class='ocrx_word' id='word_1_268' title='bbox 267 1986 343 2019; x_wconf 87' lang='grc' dir='ltr'><em>τας</em></span> <span class='ocrx_word' id='word_1_269' title='bbox 391 1967 630 2022; x_wconf 81' lang='grc' dir='ltr'><em>τετευχέναι</em></span> <span class='ocrx_word' id='word_1_270' title='bbox 682 1970 900 2023; x_wconf 85' lang='grc' dir='ltr'><em>τιμωρίας.</em></span> <span class='ocrx_word' id='word_1_271' title='bbox 966 1967 1175 2023; x_wconf 81' lang='grc' dir='ltr'><em>τεκμήρια</em></span> <span class='ocrx_word' id='word_1_272' title='bbox 1226 1965 1267 2009; x_wconf 91' lang='lat'><em>6&#39;</em></span> <span class='ocrx_word' id='word_1_273' title='bbox 1325 1970 1498 2010; x_wconf 77' lang='grc' dir='ltr'><em>εσεσθαι</em></span> <span class='ocrx_word' id='word_1_274' title='bbox 1537 1972 1636 2034; x_wconf 78' lang='grc' dir='ltr'><em>τῆς</em></span> 
     </span>
     <span class='ocr_line' id='line_1_33' title="bbox 268 2021 1637 2079; baseline -0.001 -12"><span class='ocrx_word' id='word_1_275' title='bbox 268 2025 316 2068; x_wconf 73' lang='grc' dir='ltr'><em>ἐκ</em></span> <span class='ocrx_word' id='word_1_276' title='bbox 345 2029 424 2067; x_wconf 87' lang='grc' dir='ltr'><em>τοῦ</em></span> <span class='ocrx_word' id='word_1_277' title='bbox 463 2028 573 2066; x_wconf 85' lang='grc' dir='ltr'><em>θεοῦ</em></span> <span class='ocrx_word' id='word_1_278' title='bbox 611 2025 815 2078; x_wconf 83' lang='grc' dir='ltr'><em>γενέσεως</em></span> <span class='ocrx_word' id='word_1_279' title='bbox 853 2024 901 2067; x_wconf 87' lang='grc' dir='ltr'><em>τὸ</em></span> <span class='ocrx_word' id='word_1_280' title='bbox 933 2024 1115 2079; x_wconf 87' lang='grc' dir='ltr'><em>μέγεθος</em></span> <span class='ocrx_word' id='word_1_281' title='bbox 1143 2039 1232 2065; x_wconf 89' lang='grc' dir='ltr'><em>των</em></span> <span class='ocrx_word' id='word_1_282' title='bbox 1260 2023 1306 2066; x_wconf 84' lang='grc' dir='ltr'><em>έν</em></span> <span class='ocrx_word' id='word_1_283' title='bbox 1335 2030 1429 2074; x_wconf 88' lang='grc' dir='ltr'><em>ταῖς</em></span> <span class='ocrx_word' id='word_1_284' title='bbox 1458 2021 1637 2076; x_wconf 80' lang='grc' dir='ltr'><em>πράξεσι</em></span> 
     </span>
     <span class='ocr_line' id='line_1_34' title="bbox 263 2079 1712 2152; baseline -0.001 -27.999"><span class='ocrx_word' id='word_1_285' title='bbox 263 2080 641 2135; x_wconf 75' lang='grc' dir='ltr'><em>κατορθωμάτων·</em></span> <span class='ocrx_word' id='word_1_286' title='bbox 694 2081 767 2124; x_wconf 78' lang='grc' dir='ltr'><em>καὶ</em></span> <span class='ocrx_word' id='word_1_287' title='bbox 807 2098 889 2152; x_wconf 83' lang='grc' dir='ltr'><em>γαρ</em></span> <span class='ocrx_word' id='word_1_288' title='bbox 929 2080 1141 2135; x_wconf 85' lang='grc' dir='ltr'><em>πρότερον</em></span> <span class='ocrx_word' id='word_1_289' title='bbox 1171 2080 1381 2135; x_wconf 69' lang='grc' dir='ltr'><em>ἀήττητον</em></span> <span class='ocrx_word' id='word_1_290' title='bbox 1406 2079 1542 2123; x_wconf 76' lang='grc' dir='ltr'><em>αὐτόν</em></span> <span class='ocrx_word' id='word_1_291' title='bbox 1570 2096 1712 2136; x_wconf 63' lang='grc' dir='ltr'><em>γε-ροο</em></span> 
     </span>
     <span class='ocr_line' id='line_1_35' title="bbox 262 2135 1632 2194; baseline -0.001 -13"><span class='ocrx_word' id='word_1_292' title='bbox 262 2139 438 2194; x_wconf 82' lang='grc' dir='ltr'><em>γονέναι</em></span> <span class='ocrx_word' id='word_1_293' title='bbox 472 2137 548 2181; x_wconf 80' lang='grc' dir='ltr'><em>καὶ</em></span> <span class='ocrx_word' id='word_1_294' title='bbox 590 2154 695 2193; x_wconf 81' lang='grc' dir='ltr'><em>μετα</em></span> <span class='ocrx_word' id='word_1_295' title='bbox 737 2135 860 2181; x_wconf 79' lang='grc' dir='ltr'><em>ταῦτ’</em></span> <span class='ocrx_word' id='word_1_296' title='bbox 901 2137 1076 2182; x_wconf 76' lang='grc' dir='ltr'><em>ἔσεσθαι</em></span> <span class='ocrx_word' id='word_1_297' title='bbox 1112 2136 1182 2180; x_wconf 78' lang='grc' dir='ltr'><em>διά</em></span> <span class='ocrx_word' id='word_1_298' title='bbox 1217 2136 1378 2188; x_wconf 80' lang='grc' dir='ltr'><em>παντὸς</em></span> <span class='ocrx_word' id='word_1_299' title='bbox 1415 2135 1632 2194; x_wconf 78' lang='grc' dir='ltr'><em>ἀνίκητον.</em></span> 
     </span>
    </p>
   </div>
   <div class='ocr_carea' id='block_1_4' title="bbox 257 2352 1636 2781">
    <p class='ocr_par' dir='ltr' id='par_1_4' title="bbox 257 2352 1636 2677">
     <span class='ocr_line' id='line_1_36' title="bbox 305 2352 1636 2411; baseline -0.001 -23"><span class='ocrx_word' id='word_1_300' title='bbox 305 2355 362 2389; x_wconf 79' lang='grc'><em>61.</em></span> <span class='ocrx_word' id='word_1_301' title='bbox 411 2353 530 2398; x_wconf 84' lang='grc' dir='ltr'><em>μέσων</em></span> <span class='ocrx_word' id='word_1_302' title='bbox 553 2355 718 2399; x_wconf 82' lang='grc' dir='ltr'><em>νυκτων]</em></span> <span class='ocrx_word' id='word_1_303' title='bbox 745 2366 935 2400; x_wconf 83' lang='grc' dir='ltr'><em>μεσοννκτ</em></span> <span class='ocrx_word' id='word_1_304' title='bbox 932 2354 985 2389; x_wconf 89' lang='grc' dir='ltr'><em>ὀυ</em></span> <span class='ocrx_word' id='word_1_305' title='bbox 1011 2355 1042 2398; x_wconf 79' lang='lat' dir='ltr'>Q</span> <span class='ocrx_word' id='word_1_306' title='bbox 1202 2352 1259 2387; x_wconf 86' lang='grc'><em>62.</em></span> <span class='ocrx_word' id='word_1_307' title='bbox 1305 2354 1410 2411; x_wconf 78' lang='grc' dir='ltr'><em>μέχρι</em></span> <span class='ocrx_word' id='word_1_308' title='bbox 1432 2353 1532 2396; x_wconf 65' lang='lat' dir='ltr'><em>Bas„</em></span> <span class='ocrx_word' id='word_1_309' title='bbox 1559 2364 1636 2387; x_wconf 79' lang='lat' dir='ltr'><em>cae-</em></span> 
     </span>
     <span class='ocr_line' id='line_1_37' title="bbox 259 2400 1633 2446; baseline 0 -12"><span class='ocrx_word' id='word_1_310' title='bbox 259 2402 323 2434; x_wconf 80' lang='lat' dir='ltr'>tori</span> <span class='ocrx_word' id='word_1_311' title='bbox 344 2414 382 2444; x_wconf 89' lang='grc' dir='ltr'><em>μ</em></span> <span class='ocrx_word' id='word_1_312' title='bbox 375 2400 468 2446; x_wconf 76' lang='grc' dir='ltr'><em>’χρις</em></span> <span class='ocrx_word' id='word_1_313' title='bbox 673 2403 729 2437; x_wconf 87' lang='grc'><em>66.</em></span> <span class='ocrx_word' id='word_1_314' title='bbox 778 2403 832 2446; x_wconf 80' lang='grc' dir='ltr'><em>ὶερ</em></span> <span class='ocrx_word' id='word_1_315' title='bbox 836 2402 904 2437; x_wconf 82' lang='grc' dir='ltr'><em>ε’ωι</em></span> <span class='ocrx_word' id='word_1_316' title='bbox 930 2403 956 2435; x_wconf 99' lang='lat' dir='ltr'>L</span> <span class='ocrx_word' id='word_1_317' title='bbox 977 2403 1072 2444; x_wconf 49' lang='lat' dir='ltr'><em>Bas,</em></span> <span class='ocrx_word' id='word_1_318' title='bbox 1102 2401 1228 2434; x_wconf 75' lang='lat' dir='ltr'>caeteri</span> <span class='ocrx_word' id='word_1_319' title='bbox 1254 2400 1307 2445; x_wconf 78' lang='grc' dir='ltr'><em>ὶερ</em></span> <span class='ocrx_word' id='word_1_320' title='bbox 1313 2403 1365 2436; x_wconf 77' lang='grc' dir='ltr'><em>ῶν</em></span> <span class='ocrx_word' id='word_1_321' title='bbox 1574 2401 1633 2434; x_wconf 75' lang='grc'><em>68.</em></span> 
     </span>
     <span class='ocr_line' id='line_1_38' title="bbox 261 2444 1629 2494; baseline -0.001 -13"><span class='ocrx_word' id='word_1_322' title='bbox 261 2444 380 2491; x_wconf 69' lang='grc' dir='ltr'><em>ὅπου]</em></span> <span class='ocrx_word' id='word_1_323' title='bbox 410 2449 514 2481; x_wconf 80' lang='lat' dir='ltr'>immo</span> <span class='ocrx_word' id='word_1_324' title='bbox 540 2445 628 2482; x_wconf 79' lang='grc' dir='ltr'><em>ὅποι</em></span> <span class='ocrx_word' id='word_1_325' title='bbox 780 2447 852 2494; x_wconf 64' lang='lat' dir='ltr'><em>&amp;yyy</em></span> <span class='ocrx_word' id='word_1_326' title='bbox 877 2448 948 2489; x_wconf 85' lang='lat' dir='ltr'><em>FL,</em></span> <span class='ocrx_word' id='word_1_327' title='bbox 971 2446 1094 2480; x_wconf 79' lang='lat' dir='ltr'><strong>caeteri</strong></span> <span class='ocrx_word' id='word_1_328' title='bbox 1120 2444 1204 2491; x_wconf 69' lang='grc' dir='ltr'><em>ἄγοι</em></span> <span class='ocrx_word' id='word_1_329' title='bbox 1360 2446 1416 2481; x_wconf 83' lang='grc'><em>69.</em></span> <span class='ocrx_word' id='word_1_330' title='bbox 1462 2447 1629 2491; x_wconf 81' lang='grc' dir='ltr'><em>πορείαν]</em></span> 
     </span>
     <span class='ocr_line' id='line_1_39' title="bbox 258 2493 1633 2540; baseline -0.001 -13"><span class='ocrx_word' id='word_1_331' title='bbox 258 2496 476 2536; x_wconf 82' lang='grc' dir='ltr'><em>προθυμίαν</em></span> <span class='ocrx_word' id='word_1_332' title='bbox 504 2494 565 2527; x_wconf 85' lang='lat' dir='ltr'><em>FL</em></span> <span class='ocrx_word' id='word_1_333' title='bbox 767 2495 824 2529; x_wconf 75' lang='lat'><em>70.</em></span> <span class='ocrx_word' id='word_1_334' title='bbox 857 2493 912 2528; x_wconf 79' lang='lat'><em>71.</em></span> <span class='ocrx_word' id='word_1_335' title='bbox 961 2493 1136 2540; x_wconf 72' lang='grc' dir='ltr'><em>ᾀδουσιιῖν</em></span> <span class='ocrx_word' id='word_1_336' title='bbox 1159 2512 1202 2518; x_wconf 88' lang='lat'><em>--</em></span> <span class='ocrx_word' id='word_1_337' title='bbox 1227 2493 1502 2537; x_wconf 72' lang='grc' dir='ltr'><em>καθυμνουσῴν</em></span> <span class='ocrx_word' id='word_1_338' title='bbox 1536 2493 1633 2525; x_wconf 83' lang='lat' dir='ltr'>Wes-</span> 
     </span>
     <span class='ocr_line' id='line_1_40' title="bbox 257 2530 1633 2596; baseline 0.002 -22"><span class='ocrx_word' id='word_1_339' title='bbox 257 2541 365 2584; x_wconf 55' lang='lat' dir='ltr'>selim„</span> <span class='ocrx_word' id='word_1_340' title='bbox 357 2541 441 2574; x_wconf 80' lang='lat' dir='ltr'>ius.</span> <span class='ocrx_word' id='word_1_341' title='bbox 464 2540 545 2573; x_wconf 77' lang='lat' dir='ltr'>libri</span> <span class='ocrx_word' id='word_1_342' title='bbox 571 2536 741 2584; x_wconf 67' lang='grc' dir='ltr'><em>ᾀδόντων</em></span> <span class='ocrx_word' id='word_1_343' title='bbox 765 2560 808 2566; x_wconf 90' lang='grc'>-</span> <span class='ocrx_word' id='word_1_344' title='bbox 831 2530 1150 2596; x_wconf 70' lang='grc' dir='ltr'><em>καθυμνούντωνς</em></span> <span class='ocrx_word' id='word_1_345' title='bbox 1182 2540 1271 2593; x_wconf 47' lang='lat' dir='ltr'><strong>u‘n-‹le</strong></span> <span class='ocrx_word' id='word_1_346' title='bbox 1294 2540 1372 2577; x_wconf 71' lang='lat' dir='ltr'>duci</span> <span class='ocrx_word' id='word_1_347' title='bbox 1391 2544 1505 2587; x_wconf 52' lang='lat' dir='ltr'><strong>§otest</strong></span> <span class='ocrx_word' id='word_1_348' title='bbox 1492 2539 1633 2572; x_wconf 54' lang='lat' dir='ltr'>&amp;etlam</span> 
     </span>
     <span class='ocr_line' id='line_1_41' title="bbox 258 2566 1632 2644; baseline -0.001 -24"><span class='ocrx_word' id='word_1_349' title='bbox 258 2566 365 2633; x_wconf 57' lang='lat'>(5305</span> <span class='ocrx_word' id='word_1_350' title='bbox 377 2590 410 2619; x_wconf 86' lang='lat' dir='ltr'><em>et</em></span> <span class='ocrx_word' id='word_1_351' title='bbox 429 2587 652 2628; x_wconf 78' lang='grc' dir='ltr'><em>καθυμνοῦν</em></span> <span class='ocrx_word' id='word_1_352' title='bbox 833 2586 891 2620; x_wconf 77' lang='grc'><em>77.</em></span> <span class='ocrx_word' id='word_1_353' title='bbox 926 2586 979 2629; x_wconf 70' lang='grc' dir='ltr'><em>εχε</em></span> <span class='ocrx_word' id='word_1_354' title='bbox 1004 2586 1051 2628; x_wconf 88' lang='lat' dir='ltr'><em>F,</em></span> <span class='ocrx_word' id='word_1_355' title='bbox 1068 2586 1196 2624; x_wconf 73' lang='lat' dir='ltr'>caeteri</span> <span class='ocrx_word' id='word_1_356' title='bbox 1221 2584 1296 2640; x_wconf 75' lang='grc' dir='ltr'><em>ε’σχε</em></span> <span class='ocrx_word' id='word_1_357' title='bbox 1465 2585 1632 2644; x_wconf 70' lang='grc' dir='ltr'><em>δέχομαι]</em></span> 
     </span>
     <span class='ocr_line' id='line_1_42' title="bbox 262 2611 1538 2677; baseline -0.003 -9"><span class='ocrx_word' id='word_1_358' title='bbox 262 2621 412 2677; x_wconf 79' lang='grc' dir='ltr'><em>δέχομαι</em></span> <span class='ocrx_word' id='word_1_359' title='bbox 435 2631 497 2666; x_wconf 82' lang='grc' dir='ltr'><em>ναὶ</em></span> <span class='ocrx_word' id='word_1_360' title='bbox 520 2633 578 2666; x_wconf 86' lang='lat' dir='ltr'><em>FL</em></span> <span class='ocrx_word' id='word_1_361' title='bbox 759 2632 817 2667; x_wconf 74' lang='lat'><em>78.</em></span> <span class='ocrx_word' id='word_1_362' title='bbox 864 2632 922 2667; x_wconf 80' lang='grc' dir='ltr'><em>καὶ</em></span> <span class='ocrx_word' id='word_1_363' title='bbox 947 2631 989 2666; x_wconf 87' lang='grc' dir='ltr'>τό</span> <span class='ocrx_word' id='word_1_364' title='bbox 1013 2611 1165 2676; x_wconf 68' lang='grc' dir='ltr'><em>λὼιπὸν]</em></span> <span class='ocrx_word' id='word_1_365' title='bbox 1202 2629 1242 2666; x_wconf 72' lang='lat' dir='ltr'><em>vd</em></span> <span class='ocrx_word' id='word_1_366' title='bbox 1267 2630 1395 2668; x_wconf 76' lang='grc' dir='ltr'><em>λοιπὸν</em></span> <span class='ocrx_word' id='word_1_367' title='bbox 1420 2632 1479 2666; x_wconf 79' lang='grc' dir='ltr'><em>καὶ</em></span> <span class='ocrx_word' id='word_1_368' title='bbox 1509 2632 1538 2664; x_wconf 71' lang='lat'><em>1·</em></span> 
     </span>
    </p>

    <p class='ocr_par' dir='ltr' id='par_1_5' title="bbox 261 2677 1632 2770">
     <span class='ocr_line' id='line_1_43' title="bbox 352 2677 1631 2724; baseline -0.002 -12"><span class='ocrx_word' id='word_1_369' title='bbox 352 2679 409 2712; x_wconf 72' lang='lat'><em>79.</em></span> <span class='ocrx_word' id='word_1_370' title='bbox 445 2679 542 2723; x_wconf 80' lang='grc' dir='ltr'><em>γῆς]</em></span> <span class='ocrx_word' id='word_1_371' title='bbox 579 2680 644 2723; x_wconf 78' lang='grc' dir='ltr'><em>τῆς</em></span> <span class='ocrx_word' id='word_1_372' title='bbox 667 2680 734 2724; x_wconf 69' lang='grc' dir='ltr'><em>γῆς</em></span> <span class='ocrx_word' id='word_1_373' title='bbox 763 2682 814 2712; x_wconf 82' lang='lat' dir='ltr'><em>est</em></span> <span class='ocrx_word' id='word_1_374' title='bbox 847 2689 880 2721; x_wconf 83' lang='lat' dir='ltr'><em>p.</em></span> <span class='ocrx_word' id='word_1_375' title='bbox 913 2677 992 2712; x_wconf 79' lang='lat'><strong>233.</strong></span> <span class='ocrx_word' id='word_1_376' title='bbox 1029 2677 1084 2713; x_wconf 67' lang='lat'><em>87.</em></span> <span class='ocrx_word' id='word_1_377' title='bbox 1277 2679 1331 2713; x_wconf 76' lang='grc'><em>80.</em></span> <span class='ocrx_word' id='word_1_378' title='bbox 1379 2679 1452 2713; x_wconf 74' lang='grc' dir='ltr'><em>τῶν</em></span> <span class='ocrx_word' id='word_1_379' title='bbox 1482 2677 1631 2720; x_wconf 73' lang='grc' dir='ltr'><em>ἀνδρων</em></span> 
     </span>
     <span class='ocr_line' id='line_1_44' title="bbox 261 2716 1632 2781; baseline -0.001 -22"><span class='ocrx_word' id='word_1_380' title='bbox 261 2726 336 2759; x_wconf 76' lang='grc' dir='ltr'><em>τῶν</em></span> <span class='ocrx_word' id='word_1_381' title='bbox 369 2716 573 2781; x_wconf 82' lang='grc' dir='ltr'><em>αι’ρόντων]</em></span> <span class='ocrx_word' id='word_1_382' title='bbox 605 2726 680 2759; x_wconf 74' lang='grc' dir='ltr'><em>τῶν</em></span> <span class='ocrx_word' id='word_1_383' title='bbox 705 2725 889 2769; x_wconf 83' lang='grc' dir='ltr'><em>αἰρόντων</em></span> <span class='ocrx_word' id='word_1_384' title='bbox 913 2722 1061 2769; x_wconf 72' lang='grc' dir='ltr'><em>ἀνδρῶν</em></span> <span class='ocrx_word' id='word_1_385' title='bbox 1085 2724 1114 2757; x_wconf 89' lang='lat' dir='ltr'>F</span> <span class='ocrx_word' id='word_1_386' title='bbox 1319 2725 1378 2761; x_wconf 70' lang='lat'><em>89.</em></span> <span class='ocrx_word' id='word_1_387' title='bbox 1423 2725 1475 2774; x_wconf 76' lang='grc' dir='ltr'><em>τῷ</em></span> <span class='ocrx_word' id='word_1_388' title='bbox 1507 2722 1632 2769; x_wconf 78' lang='grc' dir='ltr'><em>γεννή-</em></span> 
     </span>
    </p>
   </div>
   <div class='ocr_carea' id='block_1_5' title="bbox 263 2770 1370 2817">
    <p class='ocr_par' dir='ltr' id='par_1_6' title="bbox 263 2770 1370 2817">
     <span class='ocr_line' id='line_1_45' title="bbox 263 2770 1370 2817; baseline -0.002 -10"><span class='ocrx_word' id='word_1_389' title='bbox 263 2772 392 2817; x_wconf 83' lang='grc' dir='ltr'><em>σαντι]</em></span> <span class='ocrx_word' id='word_1_390' title='bbox 418 2770 484 2808; x_wconf 84' lang='grc' dir='ltr'><em>τὸν</em></span> <span class='ocrx_word' id='word_1_391' title='bbox 506 2771 731 2817; x_wconf 83' lang='grc' dir='ltr'><em>γεννήσαντα</em></span> <span class='ocrx_word' id='word_1_392' title='bbox 755 2773 782 2807; x_wconf 90' lang='lat' dir='ltr'>L</span> <span class='ocrx_word' id='word_1_393' title='bbox 805 2775 840 2806; x_wconf 82' lang='lat' dir='ltr'><em>et</em></span> <span class='ocrx_word' id='word_1_394' title='bbox 862 2776 1035 2807; x_wconf 76' lang='lat' dir='ltr'><strong>correctus</strong></span> <span class='ocrx_word' id='word_1_395' title='bbox 1055 2781 1158 2815; x_wconf 74' lang='lat' dir='ltr'>supra</span> <span class='ocrx_word' id='word_1_396' title='bbox 1182 2782 1319 2806; x_wconf 62' lang='grc' dir='ltr'><em>τετεωιι</em></span> <span class='ocrx_word' id='word_1_397' title='bbox 1341 2772 1370 2805; x_wconf 74' lang='lat' dir='ltr'>F</span> 
     </span>
    </p>
   </div>
  </div>
 </body>
</html>
