1820 3249
480 165 599 207 LlB
628 160 748 205 XVL
800 163 932 203 ΟΛΡ.
964 165 1033 206 78.
1060 165 1129 205 79.
1383 164 1493 204 1113

123 275 266 319 ἄλλων
294 277 445 332 σχεδὸν
474 274 678 318 ἁπάντων
704 278 795 318 τῶν
826 274 1127 346 μετασχόντων
1149 272 1224 330 τῆς
1242 276 1301 326 εἷς
1321 274 1369 318 τὸ
1389 282 1492 345 μαν-

121 337 238 376 τεῖον
275 334 550 403 παρανομίας
599 331 860 387 τετευχότων
905 331 993 375 vad
1028 336 1110 376 τοῦ
1149 334 1380 402 δαιμονίου
1417 337 1492 388 τῆς

119 388 417 460 προςηκούσης
440 391 660 449 τιμωρίας,
688 388 884 442 καθάπερ
915 394 1055 459 μικρῷ
1083 388 1297 442 πρότερον
1317 389 1493 443 α’νεγρά-
1523 390 1576 432 85

120 454 287 517 φαμεν,
332 462 466 500 μονος
513 450 642 496 οὑτος
688 445 953 501 διαλεληθως
996 445 1046 488 τό
1089 451 1212 488 θεῖον
1251 446 1492 517 ἐπεχείρησε

117 502 222 554 τοὺς
249 503 553 558 μισθοφόρους
579 506 815 557 παρορμᾶν
844 504 952 556 πρός
983 501 1236 545 απόστασιν.
1284 502 1380 557 ἔφη
1407 519 1492 557 γαρ

117 558 196 602 τόν
240 559 504 630 Τιμολέοντα
552 563 929 615 παραφρονοῦντα
975 560 1084 613 πρὸς
1135 558 1493 628 ὁμολογουμένην

117 615 336 659 ἀπώλειαν
364 615 485 671 ἄγειν
513 616 616 667 τούς
642 616 924 670 στρατιώτας·
956 615 1237 667 ἑξαπλασίους
1259 616 1343 670 γὰρ
1365 614 1494 666 ὄντας
1523 620 1576 658 90

115 671 218 722 τοὺς
248 675 580 742 Καρχηδονίους
617 674 689 716 καὶ
728 671 887 723 πάσαις
926 678 1018 724 ταῖς
1056 678 1352 726 παρασκευαῖς
1386 671 1495 715 ‹ivv-

114 728 384 799 περβλήτους
413 729 686 786 ὑπάρχοντας
715 729 1014 786 ἐπαγγέλλεται
1043 729 1247 785 νικήσειν,
1284 729 1494 772 ἐναποκυ-

115 785 259 856 βεύων
286 788 381 837 ταῖς
407 792 497 830 τῶν
526 787 818 842 μισθοφόρων
854 792 1023 842 ψυχαῖς,
1056 786 1158 830 οὐδὲ
1188 786 1292 836 τούς
1322 785 1496 858 ὀφειλο-

115 839 283 897 μένους·
305 844 494 898 μισθους
523 848 689 887 πολλοῦ
718 843 883 906 χρόνου
915 844 986 886 δια
1015 843 1095 899 τήν
1126 843 1318 898 απορίαν
1340 842 1495 886 αποδε-

116 899 279 950 δωκώς.
337 900 651 973 συνεβούλευεν
693 906 775 944 οὐν
811 900 1105 956 ἀνακάμπτειν
1145 903 1204 951 εἷς
1243 899 1319 950 τὰς
1349 904 1494 953 Συρα-
1523 898 1578 941 95

115 955 280 1007 κούσας
298 957 378 1000 καὶ
405 957 508 1009 τούς
534 957 720 1013 μισθοὺς
748 956 957 1010 άπαιτεῐν,
988 959 1054 1000 ἐπι
1079 957 1124 1001 65
1147 959 1373 1011 στρατείαν
1394 973 1493 1000 απε-

114 1013 369 1082 γνωσμένην
399 1014 458 1085 μὴ
487 1019 842 1058 συνακολουθεῖν.
890 1019 979 1057 τῶν
998 1016 1043 1057 65
1073 1014 1366 1070 μισθοφόρων
1387 1031 1493 1065 τους
1521 1014 1578 1052 ’79

115 1067 277 1124 λόγους
297 1070 500 1138 ἀσμένως
529 1071 792 1126 δεχομένων,
823 1071 897 1113 καὶ
927 1073 1192 1124 νεωτερίζειν
1221 1071 1492 1126 ἐπιχειρούν-

114 1141 220 1178 των,
246 1126 375 1182 μόγις
401 1127 541 1172 πολλοὶ
571 1128 739 1198 δεηθεὶς
769 1126 914 1171 αὐτῶν
943 1129 1017 1170 καὶ
1047 1128 1213 1183 δωρεὰς
1242 1127 1494 1183 έπαγγελλό-
1526 1129 1606 1167 100

114 1198 254 1238 μενος
283 1183 526 1229 κατέπαυσε
554 1184 635 1254 τὴν
661 1184 867 1253 ταραχήν
924 1183 1042 1238 ὅιιως
1071 1186 1117 1228 65
1144 1189 1206 1243 τῷ
1239 1187 1413 1254 Θρασίῳ
1437 1203 1494 1241 χι-

116 1241 223 1282 λίων
257 1238 763 1313 συνακολουθησάντων,
811 1258 892 1312 την
921 1242 999 1297 μὲν
1028 1230 1198 1285 τούτων
1221 1231 1404 1285 κόλασιν
1435 1244 1494 1292 εις

115 1295 266 1351 ἕτερον
296 1297 544 1356 ἀνεβάλετο
557 1298 736 1353 καιρόν,
780 1298 972 1368 γράψας
981 1299 1026 1342 65
1055 1298 1165 1354 πρὸς
1194 1315 1298 1349 τους
1329 1299 1376 1342 έν
1405 1303 1495 1341 Συ-

115 1354 355 1407 ρακούσαις
383 1357 539 1426 φίλους
567 1355 884 1409 προςδέξασθαι
916 1353 1079 1406 αὐτούς
1102 1354 1396 1426 φιλοφρόνως
1422 1356 1494 1399 καὶ

114 1426 222 1462 τους
251 1414 437 1466 μισθους
465 1411 711 1456 ἀποδοῦναι
738 1412 818 1483 τήν
847 1412 926 1467 μὲν
942 1412 1144 1481 ταραχὴν
1174 1416 1321 1456 πᾶσαν
1351 1415 1411 1464 εἰς
1432 1413 1493 1455 τέ-
1525 1410 1550 1450 5

115 1470 191 1518 λος
228 1467 480 1540 κατέσβεσε,
521 1473 609 1512 τῶν
648 1467 694 1513 δ’
734 1468 1068 1540 άπειθησάντων
1107 1470 1307 1526 ἀφείλετο
1338 1470 1417 1526 τήν
1447 1469 1494 1513 ἐκ

113 1527 192 1579 τῆς
202 1527 343 1594 νίκης
380 1503 597 1578 εὐδοξίαν.
656 1525 789 1577 αυτὸς
821 1527 866 1569 65
895 1543 999 1577 τους
1029 1527 1187 1577 ἄλλους
1216 1532 1311 1577 ταῖς
1343 1531 1493 1596 φιλαν-

113 1579 314 1634 θρωποις
342 1582 583 1635 ἐντεύξεσιν
612 1584 672 1634 εἰς
700 1582 780 1638 τὴν
797 1582 1172 1638 προϋπάρχουσαν
1189 1582 1368 1626 εὔνοιαν
1391 1581 1493 1626 άπο-

39 1643 106 1682 143
116 1639 387 1695 καταστήσας
415 1645 609 1696 προῆγεν
637 1640 705 1684 ἐπὶ
725 1657 830 1691 τους
850 1642 1084 1695 πολεμίους
1104 1639 1158 1683 ου’
1176 1640 1348 1696 μακράν
1370 1652 1494 1694 στρα-
1517 1643 1579 1682 10

103 1696 477 1747 -‘5051156512'0012169¹
506 1696 770 1767 συναγαγών
801 1696 846 1741 δ’
885 1699 944 1747 εἰς
957 1697 1202 1769 ἐκκλησιαν
1231 1714 1338 1747 τους
1369 1709 1495 1750 στρα-

113 1750 294 1806 τιώτας,
344 1754 444 1797 καὶ
457 1752 529 1796 δια
568 1770 658 1796 των
694 1752 854 1809 λόγων
867 1753 1050 1809 θάρρος
1085 1753 1368 1824 παραστήσας
1405 1759 1497 1804 τοῖς

113 1807 324 1863 πλήθεσι,
355 1812 507 1864 διῆλθε
532 1810 610 1864 μὲν
638 1811 718 1866 τὴν
746 1814 832 1854 τῶν
867 1813 1089 1854 Φοινίκων
1117 1809 1371 1865 ἀνανδρίαν,
1397 1810 1497 1853 υπέ-

114 1877 275 1937 μνησε
275 1866 334 1911 65
371 1869 446 1922 τῆς
477 1867 673 1918 Γέλωνος
712 1867 952 1923 εὐημερίας.
1011 1867 1186 1910 πάντων
1216 1868 1262 1911 65
1290 1866 1491 1921 καθάπερ

114 1923 202 1966 τινὶ
238 1927 316 1982 μιᾷ
355 1928 497 1993 φωνῇ
516 1923 725 1993 βοώντων
754 1924 984 1996 ἐπιθέσθαι
1013 1929 1105 1974 τοῖς
1142 1923 1384 1980 βαρβάροις
1419 1925 1492 1968 καὶ
1527 1923 1578 1965 15

114 1978 408 2051 κατάρχεσθαι
444 1986 522 2038 τῆς
538 1979 716 2052 μάχης,
765 1981 875 2025 κατὰ
905 1981 1038 2037 τύχην
1065 1980 1316 2038 υποζυγίων
1347 1982 1494 2025 σέλινα

114 2037 384 2105 κομιζόντων
415 2039 475 2088 εἷς
501 2037 579 2092 τὰς
609 2037 836 2094 στιβάδας,
866 2037 888 2083 ὁ
926 2039 1148 2092 Τιιιολέων
1179 2039 1267 2109 ἔφη
1294 2039 1494 2094 δέχεσθαι

113 2091 194 2137 τόν
224 2093 386 2138 οἰωνὸν
414 2099 490 2150 τῆς
517 2096 662 2152 νίκης·
703 2095 781 2139 τὸν
809 2095 891 2151 γὰρ
917 2095 1168 2139 Ἰσθιιιακόν
1197 2094 1417 2151 στέφανον
1446 2098 1492 2140 ἐκ

114 2152 289 2195 σελίνου
320 2153 727 2197 συνίστασθαι.οἷ
756 2153 802 2196 65
833 2156 1091 2207 στρατιωται
1119 2155 1493 2208 παραγγείλαντος
1521 2156 1577 2195 20

113 2211 194 2251 τοῦ
225 2207 512 2263 Τιμολέοντος
549 2208 598 2253 ἐκ
634 2225 723 2252 των
761 2212 944 2253 σελίνων
981 2210 1208 2262 πλέξαντες
1248 2209 1494 2265 στεφάνους

114 2264 189 2308 καὶ
223 2270 317 2317 ταῖς
355 2270 565 2322 κεφαλαῖς
602 2265 850 2321 περιθέντες
882 2271 1081 2322 προῆγον
1109 2283 1214 2322 μετα
1245 2271 1404 2338 χαροῖς1
1433 2267 1493 2318 ὠς

114 2337 202 2364 των
229 2327 350 2366 θεῶν
376 2323 770 2394 προσημαινόντων
800 2323 947 2376 αὐτοῖς
975 2324 1055 2379 τήν
1083 2325 1231 2379 νίκην·
1277 2323 1383 2379 ὅπερ
1420 2325 1495 2368 καὶ

116 2377 276 2435 συνέβη
303 2380 520 2450 γενέσθαι.
561 2379 861 2451 περιεγένοντο
891 2398 978 2452 γαρ
1005 2380 1271 2432 ἀνελπίστως
1299 2398 1390 2424 των
1418 2397 1494 2425 πο-

117 2436 273 2491 λεμίων
313 2434 367 2481 οὗ
405 2437 544 2494 μόνον
588 2436 659 2483 διὰ
696 2454 774 2490 τας
807 2439 921 2490 ἰδίας
952 2436 1253 2496 ἀνδραγαθίας
1284 2437 1392 2482 ἀλλὰ
1420 2439 1493 2483 καὶ
1522 2443 1578 2486 25

116 2601 173 2636 94.
221 2603 508 2650 συνεβούλευεν]
539 2606 819 2653 συνεβούλευσεν
841 2608 924 2645 Bas.
1110 2608 1189 2643 100.
1238 2604 1496 2651 ἐπαγγελλόμε-

117 2661 183 2689 νος
206 2649 264 2684 FL
287 2651 384 2694 Bas„
404 2653 530 2687 caeteri
555 2652 843 2699 ἐπαγγελόμενος
1033 2653 1068 2691 1.
1099 2655 1273 2703 Θρασίῳ]
1298 2655 1440 2700 θρασίᾳ
1463 2655 1494 2688 F

297 2697 331 2731 6.
379 2695 578 2745 α’φείλετο]
604 2700 784 2745 άφείλατο
808 2702 897 2737 FLY
922 2702 1006 2736 Bas.

208 2765 288 2801 143.
322 2767 378 2800 11.
425 2766 571 2814 θάρσος
594 2781 712 2806 omnes
894 2771 953 2805 22.
1000 2771 1125 2816 θεων]
1159 2771 1274 2812 θεονς
1298 2771 1331 2806 Τ

115 2812 473 2860 προσημαινόντων]
520 2815 775 2861 σημαινόντων
801 2818 861 2853 FL
885 2818 965 2852 Bas
