1820 3249
267 142 376 182 1172
624 139 738 181 LlB.
768 138 896 181 XVII.
954 139 1080 182 CAP.
1108 143 1175 182 39.
1205 143 1272 183 40.

183 225 240 321 :733
381 254 566 303 Δαρεῖος
605 250 650 294 δὲ
689 249 897 303 διανύσας
936 253 996 303 εἰς
1025 256 1271 323 Βαβυλῶνα
1308 252 1381 295 καὶ
1417 249 1521 301 τούς
1550 247 1635 293 άπὸ

270 310 347 362 τῆς
375 307 422 351 ἐν
442 306 561 377 Ἰσσῷ
589 307 723 363 μάχης
753 309 1100 364 διασωζομένους
1130 309 1374 375 ἀναλαβών,
1406 307 1487 350 οὐκ
1515 307 1637 350 ἔπεσε

269 369 330 423 τῷ
362 364 630 433 φρονήματι,
674 366 828 418 καίπερ
859 366 1019 437 μεγάλῃ
1049 366 1384 419 περιπεπτωκὼς
1414 367 1637 419 συμφορᾷ,

271 409 375 464 ἄλλα
406 419 517 474 πρὸς
543 419 620 463 τὸν
644 419 924 475 Ἀλέξανδρον
953 421 1140 490 ἔγραψεν
1171 421 1461 492 ἀνθρωπίνως
1488 421 1638 474 φέρειν

187 482 242 523 75
272 477 350 532 τὴν
381 475 594 531 εὐτυχίαν,
623 477 697 520 καὶ
729 477 833 529 τούς
862 476 1158 547 αἰχμαλώτους
1184 476 1452 530 ἀλλάξασθαι
1483 475 1640 531 χρημά-

271 551 359 577 των
387 538 552 588 πλῆθος
586 533 802 589 λαβόντα·
844 537 1085 588 πρυςετίθει
1115 534 1160 577 δὲ
1189 535 1262 578 καὶ
1291 539 1365 589 τῆς
1391 534 1532 582 Ἀσίας
1561 533 1641 587 την

271 589 391 640 ἐντὸς
407 590 565 640 Ἀλυος
591 606 739 646 χωραν
767 591 841 634 καὶ
868 589 1012 639 πόλεις
1041 590 1353 646 συγχωρήσειν,
1385 590 1460 633 ἐὰν
1490 592 1642 643 βουλη-

273 651 335 703 637
372 647 576 717 γενέσθαι
617 649 754 701 φίλος.
814 646 837 688 ὁ
878 645 922 689 δ’
949 645 1224 715 Ἀλέξανδρος
1254 645 1512 714 συναγαγών
1539 645 1643 694 τοὺς

193 710 247 749 80
278 707 445 757 φίλους,
476 719 550 745 και
578 702 655 757 τὴν
683 702 760 757 μὲν
788 701 1006 758 ἀληθινὴν
1025 703 1250 771 ἐπιστολην
1265 701 1644 757 ἀποκρυψάμενος,

274 760 425 813 ἑτέραν
466 759 512 802 δὲ
551 760 723 814 γράψας
761 759 981 812 ῥέπουσαν
1013 758 1125 812 πρὸς
1161 761 1209 803 τὸ
1241 760 1379 815 ἑαυτῷ
1415 758 1643 813 συμφέρον

272 815 531 869 προςήνεγκε
559 820 649 864 τοῖς
680 815 926 871 συνέδροις,
951 816 1024 857 καὶ
1054 815 1156 883 τοὺς
1175 816 1383 884 πρέσβεις
1394 814 1644 867 ἀπράκτους

275 871 545 923 ἐξαπέστειλε
605 869 756 924 διόπερ
794 871 817 914 ὁ
854 871 1044 926 Δαρεῖος
1080 871 1301 927 άπογνους
1329 871 1417 943 την
1455 870 1527 914 διά
1555 875 1644 913 τῶν

274 929 509 972 ἐπιστολῶν
546 927 753 970 σύνθεσιν
789 928 1079 999 παρασκευάς
1106 928 1294 984 μεγάλας
1324 928 1508 972 ἐποιεῖτο
1539 925 1648 980 πρὸς

192 989 245 1029 85
275 984 351 1028 τὸν
378 985 592 1039 πόλεμον,
633 984 707 1027 καὶ
735 1000 838 1035 τους
867 986 945 1040 μὲν
971 984 1081 1029 κατά
1109 986 1189 1041 τὴν
1214 985 1380 1056 τροπὴν
1410 983 1649 1052 άποβεβλη·

277 1040 409 1092 κότας
437 1040 511 1090 τάς
540 1042 780 1091 πανοπλίας
809 1041 1103 1111 καθωπλιζεν,
1150 1042 1310 1093 ἄλλους
1339 1041 1380 1085 δ’
1411 1039 1649 1094 ἐπιλεγόμε-

275 1115 352 1148 νος
390 1099 449 1148 εἰς
489 1097 800 1149 στρατιωτικάς
831 1098 967 1150 τάξεις
980 1099 1258 1168 κατέγραφε·
1304 1097 1406 1155 τάς
1411 1096 1452 1141 δ’
1485 1097 1533 1140 ἐκ
1561 1100 1649 1138 τῶν

276 1155 366 1198 α’νω
398 1159 666 1207 σατραπειῶν
696 1153 923 1210 δυνάμεις,
973 1154 1023 1206 ἃς
1052 1153 1351 1205 άπολελοιπως
1379 1157 1434 1210 ἡν
1465 1152 1537 1197 διά
1565 1152 1646 1207 τὴν

192 1219 246 1258 90
277 1209 460 1265 ὀξύτητα
489 1215 563 1265 τῆς
593 1213 828 1264 στρατείας,
859 1213 1153 1267 μετεπέμπετο.
1201 1213 1272 1256 καὶ
1292 1213 1410 1261 τέλος
1431 1209 1646 1276 τοσαύτην

275 1267 547 1337 εἰςηνέγκατο
579 1269 776 1322 σπουδήν
809 1269 869 1318 εἰς
905 1268 986 1323 τήν
1015 1269 1285 1339 κατασκευήν
1313 1285 1389 1324 της
1420 1266 1647 1321 δυνάμεως

276 1323 379 1374 digne
418 1326 648 1366 διπλασίαν
685 1324 888 1378 γενέσθαι
929 1342 1004 1379 της
1039 1325 1086 1367 ἐν
1121 1324 1244 1368 Ἰσσώ
1281 1322 1647 1378 παραταξαμένης.

275 1379 548 1435 (ῗγὸοηκοττα
580 1380 655 1434 μὲν
683 1382 766 1435 γὰρ
797 1380 1005 1435 μυριάδες
1033 1385 1197 1434 πεζῶν
1240 1383 1376 1423 ε’ίκοσι
1406 1379 1452 1422 δ’
1483 1379 1647 1422 ἱππέων

274 1436 605 1492 ἡθροίσθησαν,
646 1452 721 1479 και
739 1438 888 1498 χωρὶς
910 1436 1122 1506 ἁρμάτων
1152 1435 1505 1492 δρεπανηφόρων
1534 1440 1649 1490 πλῆ-

193 1496 247 1538 95
276 1499 370 1543 θος.
427 1496 563 1535 ταῦτα
592 1492 670 1547 μὲν
700 1509 782 1536 ουν
811 1492 1006 1565 ἐπράχθη
1033 1511 1140 1538 κατα
1159 1498 1317 1539 τοῦτον
1335 1493 1412 1538 τὸν
1430 1492 1646 1536 ἐνιαυτόν.

192 1556 248 1595 40
388 1548 483 1591 Ἐπ’
514 1548 724 1604 ἄρχοντος
753 1548 795 1593 δ’
825 1549 1029 1621 Ἀθήνησι
1059 1551 1316 1623 Νικηράτου
1340 1548 1556 1620 Ρωμαῖοι
1573 1565 1649 1592 κα-

277 1605 485 1676 τέστησαν
512 1605 712 1656 ὑπάτους
742 1606 934 1659 Μάρκον
954 1605 1139 1651 Ἀτίλιον
1168 1609 1241 1652 καὶ
1273 1606 1462 1662 Μάρκον
1494 1605 1651 1649 Οὐαλέ-

279 1679 397 1715 ριον.
441 1660 681 1732 Ὀλυμπιὰς
711 1661 751 1706 δ’
782 1662 897 1718 ἤχθη
928 1665 1106 1718 δευτέρα
1135 1664 1246 1718 πρὸς
1274 1669 1366 1713 ταῖς
1394 1661 1548 1706 ἑκατὸν
1576 1663 1652 1705 καὶ

171 1726 248 1765 100
279 1719 396 1765 δέκα,
427 1717 532 1761 καθ’
563 1718 621 1775 ἢν
651 1719 771 1762 ἐνίκα
793 1723 990 1772 Ιρύλλος
1006 1723 1257 1771 Χαλκιδεύς.
1316 1720 1385 1763 ἐπὶ
1416 1719 1460 1762 δὲ
1480 1718 1650 1762 τούτων

275 1774 363 1818 Ἀλ
358 1777 551 1828 ’ξανδρος
592 1791 697 1829 μετα
730 1793 828 1836 την
840 1775 887 1819 ἐν
914 1775 1032 1848 Ἰσσῷ
1061 1779 1186 1833 νίκην
1213 1793 1317 1827 τους
1346 1792 1425 1846 μεν
1452 1775 1650 1830 τελευτή-

280 1844 438 1881 σαντας
468 1833 653 1884 ἔθαψεν,
699 1831 747 1874 ἐν
785 1836 850 1883 οἱς
878 1833 952 1876 καὶ
984 1851 1073 1876 των
1101 1836 1321 1888 πολεμίων
1348 1831 1453 1883 τούς
1481 1832 1529 1875 ἐν
1556 1837 1652 1884 ταῖς

281 1886 594 1942 ανδραγαθίαις
624 1888 977 1943 θαυμασθέντας·
1033 1891 1137 1944 μετὰ
1174 1891 1220 1935 δὲ
1248 1893 1384 1934 ταῦτα
1411 1893 1503 1939 τοῖς
1531 1893 1652 1940 θεοῖς

280 1949 614 2015 μεγαλοπρεπεῖς
644 1947 806 1996 θυσίας
834 1947 1106 1998 συντελέσας,
1148 1948 1220 1991 καὶ
1251 1945 1355 1997 τούς
1381 1945 1428 1989 ἐν
1458 1962 1510 2001 τη
1533 1945 1653 2015 μάχῃ

279 2019 359 2044 κατ
417 2000 572 2056 ἀρετήν
612 2000 853 2056 διαφόρους
881 2006 1147 2071 γενομένους
1185 2004 1367 2074 τιμήσας
1393 2006 1486 2052 ταῖς
1516 1989 1654 2054 άξίαις

280 2056 488 2107 ἑκάστους
518 2060 724 2111 δωρεαῖς
765 2059 838 2113 ἐφ’
866 2058 945 2130 ήμε
937 2060 1027 2113 ’ρας
1057 2061 1176 2112 τινας
1207 2059 1388 2115 ἀνέλαβε
1417 2057 1495 2124 τὴν
1525 2058 1655 2101 δύνα-

280 2131 366 2169 μιν.
427 2114 498 2156 ἕπε
502 2131 570 2157 ιτα
600 2115 808 2184 προάγων
837 2114 904 2159 ἐπ
936 2116 1175 2172 Αἰγύπτου,
1204 2118 1278 2160 καὶ
1306 2113 1573 2169 καταντήσας
1593 2117 1653 2166 εἰς

281 2171 359 2227 τὴν
391 2173 621 2226 Φοινίκην,
652 2172 730 2222 τοὶς
759 2171 837 2224 μὲν
866 2171 1000 2225 ἄλλας
1030 2174 1176 2225 πόλεις
1204 2173 1447 2227 παρέλαβεν
1474 2172 1655 2225 ἑτοίμως

201 2233 252 2270 10
282 2232 370 2271 τῶν
399 2227 613 2283 ἐγχωρίων
641 2230 995 2302 προςδεξαμένων
1022 2229 1185 2274 αὐτόν·
1221 2247 1262 2273 οι
1279 2230 1324 2274 δε
1352 2230 1520 2280 Τύριοι,
1552 2232 1652 2285 βου·
1666 2225 1730 2260 19⁰

278 2283 467 2338 λομένου
509 2289 589 2327 τοῦ
631 2287 840 2340 βασιλέως
878 2304 937 2344 τῳ
962 2286 1177 2340 ΙΙρακλεῖ
1216 2290 1276 2342 τῷ
1320 2288 1464 2355 Τυρίῳ
1502 2290 1653 2338 θῦσαι,

281 2340 627 2394 προπετέστερον
657 2332 923 2385 διεκώλυσαν
958 2343 1093 2387 αὐτὸν
1120 2347 1201 2415 τῆς
1227 2346 1286 2394 εἰς
1315 2359 1393 2398 την
1421 2341 1550 2385 πόλιν
1581 2345 1656 2393 εἰς-

281 2396 402 2441 όδου
461 2401 544 2441 τοῦ
574 2395 617 2442 δ’
646 2396 926 2453 Ἀλεξάνδρου
963 2404 1154 2457 χαλεπως
1184 2399 1435 2457 ἐνεγκόντος
1463 2400 1534 2443 καὶ
1564 2401 1655 2442 δια-

224 2002 249 2041 01

279 2499 337 2533 71.
386 2498 699 2546 διασωζ)μὲνους]
731 2500 1034 2546 ἀνασωζομένους
1055 2504 1085 2536 Ε
1292 2502 1349 2536 73.
1399 2500 1507 2545 ἄλλά]
1541 2516 1601 2537 και
1629 2503 1654 2536 [ι

464 2546 582 2589 προς]
619 2548 712 2591 πρὸς
734 2547 800 2592 μὲν
825 2550 884 2582 Fu
1067 2549 1124 2583 77.
1172 2548 1415 2593 συγχωρήσειν
1438 2549 1600 2582 Reiskius
1623 2552 1657 2581 ct

284 2601 345 2624 ve*-
346 2591 388 2625 tit
410 2591 477 2624 Cos
464 2604 558 2633 pszu
579 2593 661 2627 libri
686 2591 935 2638 συνεχώρησεν
1081 2596 1138 2631 96.
1173 2595 1414 2639 Νικηράτου]
1440 2596 1517 2628 vide
1540 2598 1655 2628 annot.

465 2638 523 2673 97.
552 2635 721 2683 Ἀτίλιον]
745 2639 913 2674 Ἀττιλιον
939 2642 1069 2686 Cospus
1252 2643 1308 2677 99.
1348 2640 1510 2687 Γρύλλος
1533 2651 1657 2685 margo

280 2683 321 2724 F,
345 2680 521 2725 Πρύαλος
545 2685 649 2729 ΕΜ),
675 2687 801 2720 caetmi
829 2688 970 2728 Γρύλος
1328 2720 1331 2725 ..

376 2730 454 2764 1‘50.
487 2730 542 2763 12
590 2733 656 2777 τῆς
680 2733 749 2777 εἰς]
794 2733 845 2774 εἰς
869 2735 950 2770 Bas.
992 2759 994 2762 -
1052 2771 1058 2777 ,
1141 2733 1196 2772 13.
1243 2732 1453 2780 ἐνεγκόντος
1477 2733 1556 2775 FL,
1582 2744 1656 2767 cae-

280 2774 345 2808 teri
370 2773 581 2820 ἐνέγκαντος
