1820 3249
558 175 673 217 LlB.
733 175 885 218 XVII.
915 173 1092 217 XVIII.
1409 179 1521 222 1585

133 294 344 330 nuntiantes
379 293 474 340 quae'
501 293 673 328 vidissem
711 290 834 343 [106.].
871 293 957 329 inde
987 293 1111 328 classis
1147 294 1285 340 repetit
1311 293 1520 332 Oceanum.

132 351 341 387 Alexander
369 351 416 386 ad
446 351 616 386 Susianos
647 351 740 385 sines
770 351 1022 397 progreditur.
1069 350 1251 397 Calanus,
1281 352 1522 398 philosophus

133 409 258 452 Indus,
287 409 385 443 vitae
413 415 601 457 pertaesus
631 407 669 441 in
702 418 793 453 rogo
824 408 995 442 moritur.
1035 408 1232 442 Alexandri
1261 409 1414 455 nuptiae
1432 421 1520 444 cum

131 466 269 501 Statii-a
300 466 400 501 Susis
439 465 648 499 celebratae
679 460 805 513 [107.].
844 465 986 499 ibidem
1013 465 1159 511 recepit
1187 465 1304 501 30000
1344 466 1520 500 iuvenum

133 524 331 558 Persarum
357 521 404 556 ad
434 528 554 556 artem
581 521 755 556 bellicam
783 523 1082 560 exercitatorum.
1133 522 1307 569 Harpali,
1338 523 1404 570 qui
1431 535 1518 569 pro—

131 580 280 614 vinciae
309 585 347 614 et
377 579 558 623 thesauris
586 578 809 625 Babyloniae
838 585 1030 626 praeerat,
1067 579 1281 624 peculatus,
1309 579 1386 614 vita
1413 581 1520 615 volu·

130 636 407 683 ptuosanjuga
445 642 557 682 atque
595 647 706 670 mors.
734 636 1007 671 Demosthenes
1050 635 1128 669 eius
1155 635 1355 682 largitione
1390 648 1520 672 corru-

130 698 214 738 ptus
254 689 380 741 [108.].
420 695 527 739 copia
567 693 746 728 redeundi
783 693 824 727 in
861 693 1036 738 patriam
1059 693 1241 727 exsulibus
1278 693 1365 727 data
1404 692 1519 737 (conf.

129 751 258 791 XVIII,
293 751 343 794 8.)
384 751 540 785 militiae
579 751 720 784 vacatio
763 755 886 784 aetate
914 750 1231 796 provectioribus:
1261 750 1299 783 in
1328 750 1520 785 seditiosos
1532 774 1599 810 113

127 805 357 841 severissime
386 807 685 842 animadversum
707 804 831 855 [109.].
863 806 1084 841 imminutae
1114 806 1242 853 copiae
1270 807 1397 842 multis
1427 820 1520 855 aug·
1548 832 1571 867 3
1602 801 1613 813 '

130 863 265 897 mentis
308 864 525 910 explentur.'
591 865 690 899 Susis
730 864 916 909 profectus
963 874 1028 897 rex
1064 863 1135 897 iter
1180 864 1414 910 persequitur
1452 876 1521 911 per
1574 858 1582 868 ⁰

128 922 261 965 Caras,
300 921 457 965 Sittam,
493 922 698 965 Sambana,
731 921 908 966 Celonas,
947 921 1167 967 Bagistanen
1202 926 1239 954 et
1268 921 1431 955 vicinam
1461 933 1522 956 re-

129 977 302 1023 gionem:
342 979 503 1025 denique
533 979 722 1013 Ecbatana
752 978 901 1012 Mediae
939 978 1110 1024 attingit,
1140 977 1204 1011 ubi
1235 978 1373 1012 diutius
1401 979 1518 1013 subsi-

129 1034 209 1070 stit.
240 1034 301 1068 hic
331 1035 556 1081 Hephaestio
587 1036 767 1078 moritur,
799 1035 904 1069 cuius
934 1046 1066 1080 corpus
1094 1034 1324 1080 Babylonem
1355 1035 1521 1070 defertur

130 1087 255 1139 [110.].
297 1091 441 1127 interea
480 1093 517 1126 in
549 1093 709 1127 Graecia
746 1092 930 1126 tumultus
963 1091 1036 1126 orti
1074 1103 1095 1125 a
1133 1091 1289 1126 dimissis
1325 1092 1363 1126 in
1393 1092 1520 1127 Persia

127 1149 391 1192 mercenariis,
433 1149 479 1183 ad
515 1151 726 1184 Taenarum
766 1149 953 1182 Laconiae
994 1148 1252 1197 congregatis,
1293 1149 1387 1183 duce
1424 1151 1518 1184 Leo-

127 1205 270 1240 sthene.
320 1205 525 1239 Alexander
554 1206 631 1252 ipse
670 1205 770 1239 bello
809 1205 846 1239 in
884 1207 1060 1239 Cossaeos
1092 1212 1316 1251 occupatus,
1346 1205 1410 1252 qui
1441 1206 1519 1240 eius
1534 1226 1600 1262 113

127 1261 330 1307 imperium
367 1264 589 1308 respuebant
620 1259 747 1310 [111.].
782 1262 946 1296 subactis
982 1263 1147 1297 Cossaeis
1184 1273 1250 1296 rex
1289 1262 1521 1308 Babylonem
1592 1253 1615 1267 '⁶

127 1331 167 1353 se
203 1319 356 1364 recipit,
398 1320 596 1354 contemtis
633 1319 908 1354 Chaldaeorum
947 1316 1130 1353 vaticiniis
1172 1315 1296 1367 [112.].
1334 1308 1602 1376 Babyloness’4

127 1383 380 1410 convenerunt
417 1376 581 1423 undique
617 1377 752 1423 legati,
794 1387 885 1423 quos
917 1375 1125 1410 Alexander
1154 1376 1191 1410 in
1223 1376 1356 1411 classes
1387 1377 1521 1412 divisos
1552 1401 1585 1434 1·
1605 1367 1614 1376 ⁸

127 1434 259 1467 ordine
303 1434 340 1467 in
372 1434 601 1480 colloquium
643 1433 808 1467 admittit
844 1429 967 1480 [113.].
1007 1432 1142 1466 auditis
1178 1433 1310 1480 legatis
1350 1434 1522 1480 Hephae-

125 1491 254 1524 stionis
283 1490 393 1524 funus
423 1498 561 1536 quanto
592 1497 772 1537 apparatu
802 1496 952 1535 poterat
985 1490 1173 1524 celebrare
1202 1490 1376 1526 instituit.
1415 1503 1524 1526 amo-

126 1547 178 1581 ris
207 1547 244 1580 in
278 1558 364 1581 eum
402 1548 475 1582 alia
506 1554 753 1594 argumenta,
794 1547 905 1581 simul
943 1559 1041 1581 nova
1070 1546 1199 1580 mortis
1229 1548 1401 1594 prodigia
1436 1561 1524 1594 pro-

127 1604 267 1638 duntur
299 1600 422 1652 [114.].
454 1604 595 1639 funeris
631 1605 742 1651 ipsius
785 1611 982 1650 apparatus
1022 1604 1243 1637 describitur
1273 1600 1396 1652 [115.].
1435 1605 1523 1640 inde

127 1673 192 1695 rex
222 1661 338 1707 otioso
367 1668 404 1696 et
423 1661 622 1707 magnifico
653 1662 750 1696 vitae
781 1661 908 1707 generi
937 1666 1055 1695 vacat.
1091 1660 1156 1694 sed
1188 1661 1317 1695 crebra
1349 1662 1522 1709 prodigia

126 1719 297 1752 instantis
337 1719 467 1752 mortis
504 1725 647 1753 metum
685 1718 861 1752 iniiciunt
900 1715 1023 1766 [116.].
1059 1718 1191 1763 epulae
1229 1730 1250 1752 a
1289 1719 1417 1752 Medio
1454 1731 1521 1765 ap-

127 1781 277 1821 paratae
307 1781 343 1809 et
371 1775 625 1810 Herculaneus
662 1775 725 1809 ille
755 1775 915 1820 scyphus
943 1774 1075 1809 fatales
1107 1779 1227 1811 erant.
1273 1776 1405 1809 morbo
1435 1788 1520 1822 gra-

127 1832 276 1865 vissimo
319 1840 511 1878 correptus
552 1832 759 1867 Alexander
801 1832 972 1866 moritur.
1016 1831 1227 1866 moribundi
1266 1843 1454 1867 sermones
1483 1839 1521 1868 et

126 1889 297 1923 instituta
329 1883 452 1937 [117.].
484 1889 593 1924 multi
625 1889 801 1935 suspicati
832 1900 961 1935 regem
993 1900 1061 1934 per
1091 1888 1275 1934 Antipatri
1304 1889 1427 1924 filium
1456 1901 1520 1925 ve-

126 1956 223 1980 neno
263 1957 340 1979 esse
373 1946 608 1983 exstinctum.
664 1945 931 1994 Sisygambris,
967 1945 1076 1981 Darii
1107 1951 1251 1990 mater,
1289 1947 1336 1980 ob
1373 1947 1519 1982 luctum

125 2001 251 2037 inedia
281 2003 442 2038 moritur
471 1999 619 2051 [118.].-

640 2124 758 2165 LIB.
816 2123 1004 2167 XVIII.

191 2260 194 2263 <
237 2233 476 2269 Prooemium
506 2238 673 2267 veterum
704 2232 928 2275 doctrinam,
945 2231 1088 2266 animos
1117 2230 1184 2265 sub
1216 2230 1355 2264 exitum
1385 2241 1430 2264 ex
1446 2231 1517 2265 hac

125 2288 201 2324 vita
230 2289 354 2324 futura
386 2289 613 2336 praevidere,
645 2289 843 2324 Alexandri
874 2291 927 2324 M.
965 2287 1134 2333 exemplo
1165 2287 1337 2331 illustrat,
1370 2294 1407 2322 et
1434 2300 1518 2322 ver-

124 2345 173 2379 ba
214 2347 313 2392 regis
361 2347 577 2382 moribundi
618 2346 665 2383 ad
707 2352 882 2381 eventum
928 2357 1040 2391 quem
1081 2344 1294 2380 habuerunt
1344 2344 1520 2390 applicat.

126 2404 333 2438 certamina
369 2404 534 2438 maxima
573 2403 783 2438 amicorum
818 2409 905 2438 sunt
943 2409 1097 2449 secuta,
1131 2413 1290 2448 quorum
1322 2401 1520 2437 historiam

125 2459 188 2493 hic
216 2460 312 2494 liber
341 2461 520 2496 continet.
551 2461 710 2506 spatium
739 2460 918 2506 temporis
948 2466 1003 2494 est
1032 2459 1054 2493 7
1075 2470 1260 2494 annorum
1285 2454 1360 2507 [1].
1392 2459 1519 2493 Prima

127 2516 173 2550 de
214 2517 372 2562 imperio
411 2517 702 2552 administrando
751 2517 898 2551 dissidia
943 2516 1085 2551 dirimit
1123 2516 1285 2562 phalanx
1325 2516 1515 2561 pedestris,

125 2573 329 2607 Arrhidaeo
354 2574 515 2620 Philippi
544 2575 624 2609 silio
653 2585 742 2620 rege
773 2581 910 2617 creato,
932 2574 1104 2608 Perdicca
1135 2579 1261 2607 autem
1291 2573 1397 2619 regni
1427 2583 1515 2618 pro-

126 2636 300 2664 curatore
331 2631 529 2666 constituto
570 2627 647 2679 [2η]
689 2631 903 2677 provinciae
940 2630 1093 2676 singulis
1125 2631 1280 2664 ducibus
1310 2630 1517 2675 assignatae

126 2693 367 2722 recensentur
408 2685 484 2736 [3.].
529 2689 683 2723 Cratero
726 2688 897 2723 mandata
937 2688 1108 2734 regisque
1154 2686 1322 2722 defuncti
1367 2687 1516 2721 decreta

124 2743 197 2778 alia
235 2744 274 2778 in
321 2745 600 2779 commentariis
656 2746 864 2791 perscripta
904 2745 942 2778 in
990 2744 1296 2779 deliberationem
1346 2743 1512 2780 veniunt.

125 2801 313 2846 proposita
341 2802 439 2848 regis
481 2813 501 2835 e
531 2803 810 2838 commentariis
846 2801 1064 2849 singulatim
1096 2802 1323 2835 referuntur.
1374 2800 1516 2846 placuit

1153 2869 1234 2907 101

1530 2606 1610 2646 114.

1545 2667 1581 2705 2.
