1820 3249
320 163 431 204 1136
704 161 817 205 LIB.
853 160 982 203 XVII.
1002 187 1011 200 ι
1040 160 1170 203 CAP.
1199 164 1237 205 1.
1266 161 1307 203 2.

233 288 289 329 30
319 273 451 342 μέσος
488 271 713 327 πράξεις’
696 290 857 325 ικανως
883 272 1135 344 μηνύσουσι
1163 271 1212 316 vo·
1244 272 1428 341 μέγεθος
1456 274 1532 329 τῆς
1561 271 1691 345 δόξης

319 329 470 373 αὐτοῦ.
523 329 804 399 Ἀλέξανδρος
844 338 925 374 οὐν
953 330 1140 386 γεγονὼς
1168 329 1278 372 κατὰ
1308 330 1472 384 πατέρα
1500 330 1579 384 μὲν
1607 327 1690 400 ἀφ’

313 385 589 441 Ἡρακλέους,
620 388 727 431 κατὰ
759 388 804 430 δὲ
822 387 1000 457 μητέρα
1028 391 1117 430 τῶν
1142 388 1378 438 Αἰακιδῶν,
1410 388 1575 429 οἰκείαν
1597 386 1691 442 ἔσχε

316 444 396 514 τὴν
426 443 562 499 φύσιν
592 446 665 487 καὶ
696 460 774 499 την
805 443 960 498 α’ρετην
986 448 1062 499 τῆς
1091 447 1181 486 τῶν
1209 443 1444 512 προγόνων
1475 441 1686 494 εὐδοξίας.
1702 448 1766 484 161

315 500 436 571 ἡμεῖς
467 500 511 543 δὲ
540 501 645 552 τούς
673 501 966 573 ἁρμόττοντας
981 505 1047 567 τῇ
1076 504 1227 556 γραφή
1255 498 1443 555 χρόνους
1467 499 1690 554 παραθέν-

232 572 286 615 35
316 574 384 608 τες
421 557 489 599 ἐπὶ
526 556 603 609 τὰς
642 560 801 609 οἰκείας
849 561 925 614 τῆς
964 555 1251 613 ὑποκειμένης
1289 558 1480 611 ἱστορίας
1516 555 1692 611 πράξεις

315 614 580 685 τρεψόμεθα

257 688 286 727 2
426 669 518 713 Ἐπ’
562 670 771 739 άρχοντος
811 670 896 725 γὰρ
931 668 1168 739 Ἀθήιησιι
1204 667 1453 713 Εὐαινέτου
1485 668 1693 724 Ῥωμαῖοι

315 729 580 784 κατέστησαν
622 726 816 777 ὑπάτους
846 726 1039 770 Λεύκιον
1076 725 1275 778 Φούριον
1305 728 1378 769 καὶ
1408 726 1546 770 Γάιον
1575 728 1693 769 Μαί-

231 797 285 841 40
315 801 426 828 νιον.
487 785 556 828 ἐπὶ
595 785 639 827 δὲ
670 784 837 827 τούτων
861 782 1140 837 Ἀλέξαιδρος
1176 782 1478 838 διαδεξάμενος
1507 782 1586 853 τὴν
1620 787 1694 839 βα-

316 843 481 885 σιλείαν
519 845 696 894 πρῶτον
726 840 803 896 ιιὲν
832 841 936 891 τοὺς
966 846 1116 908 φονεῖς
1145 843 1225 882 τοῦ
1261 840 1424 893 πατρὸς
1453 844 1529 895 τῆς
1560 856 1692 895 αρμο-

317 898 474 953 ζούσης
503 901 710 952 τιμωρίας
742 896 917 952 ἠξίωσε·
959 896 1064 951 μετὰ
1095 896 1140 939 δὲ
1171 899 1306 939 ταῦτα
1335 901 1409 963 τῆς
1439 900 1581 951 ταφῆς
1610 898 1693 939 τοῦ

315 956 479 1011 γονέως
514 955 592 1010 τήν
631 954 829 1008 ἐτδεχομέ
834 970 915 1009 νην
951 953 1193 1008 ἐπιμέλειαν
1232 952 1526 1020 ποιησάμενος
1564 952 1693 996 κατέ-

317 1024 444 1067 στησε
474 1029 526 1053 τα
556 1010 664 1055 κατὰ
689 1011 769 1066 την
800 1009 937 1066 ἀρχὴν
966 1011 1078 1054 πολὺ
1108 1009 1288 1053 κάλλιον
1317 1009 1346 1065 ἢ
1375 1008 1532 1060 πάντες
1561 1024 1694 1063 προς-

231 1081 286 1124 45
317 1069 548 1137 εδόκησαν.
607 1069 702 1118 νέος
742 1068 824 1122 γὰρ
865 1068 926 1110 ὠν
962 1071 1181 1117 παντελῶς
1209 1066 1283 1109 καὶ
1313 1065 1386 1110 διὰ
1415 1065 1494 1122 τήν
1518 1065 1694 1121 ἡλικίαν

316 1124 407 1168 ὑπό
436 1142 568 1168 τινων
599 1124 1032 1180 καταφρονούμενος,
1064 1128 1237 1178 πρῶτον
1266 1123 1345 1180 μὲν
1372 1124 1425 1166 τά
1455 1124 1620 1193 πλήθη
1631 1124 1694 1166 οἰ-
1735 1172 1738 1173 ⁷

318 1184 453 1234 κείοις
482 1182 628 1238 λόγοις
656 1181 952 1250 παρεστησατο
985 1181 1093 1237 πρὸς
1122 1179 1310 1224 εὔνοιαν.
1371 1181 1453 1237 ἔφη
1483 1180 1564 1235 γὰρ
1596 1179 1693 1222 όνο-

318 1256 379 1295 μα
409 1238 550 1294 μόνον
580 1237 836 1294 διηλλάχθαι
862 1239 1080 1294 βασιλέως,
1110 1238 1186 1288 τὰς
1216 1238 1261 1281 δὲ
1279 1236 1454 1291 πράξεις
1476 1235 1695 1292 χειρισθή-

232 1309 290 1352 50
319 1303 476 1340 σεσθαι
516 1295 648 1351 μηδὲν
685 1296 1023 1349 καταδεέστερον
1059 1299 1134 1350 τῆς
1167 1296 1233 1337 ἐπὶ
1262 1299 1345 1338 τοῦ
1373 1295 1538 1365 πατρός
1566 1309 1693 1348 γενο-

317 1355 396 1409 μέι
400 1370 448 1408 ης
466 1354 730 1407 οἰκοιοιιίας.
773 1352 916 1395 ἔπειτα
936 1358 1027 1403 ταῖς
1057 1364 1174 1404 πρεσ
1168 1354 1302 1405 3είαις
1331 1353 1593 1420 χρηματίσας
1619 1367 1692 1419 φι-

317 1410 592 1481 λανθριόπως
630 1407 890 1463 παρεκάλεσε
926 1409 1031 1458 τοὺς
1056 1409 1267 1464 ΓΈλληνας
1303 1414 1448 1462 τ7ρεῑν
1477 1407 1587 1460 πρὸς
1618 1405 1694 1449 αύ-

316 1467 396 1510 τὸν
432 1468 511 1522 τὴν
553 1465 944 1520 πατροπαράδοτον
975 1464 1166 1508 εὔνοιαν.
1223 1468 1311 1507 τῶν
1341 1444 1386 1508 ¹023
1417 1476 1694 1517 στρατιωτων

316 1540 487 1575 πυκνας
525 1523 821 1594 ποιησάμενος
861 1524 1100 1574 έξοπλισίας
1139 1522 1311 1576 μελέτας
1354 1538 1397 1564 τε
1430 1522 1503 1565 καὶ
1531 1537 1694 1593 γυμνα-

233 1591 287 1634 55
317 1583 414 1631 σίας
442 1579 691 1636 πολεμικάς,
723 1579 907 1636 εὐπειθῆ
929 1578 1214 1624 κατεσκεύασε
1233 1578 1310 1634 τὴν
1330 1578 1531 1633 δύναμιν.
1581 1578 1693 1632 ε’χων

317 1639 364 1682 δὲ
394 1641 468 1693 τῆς
498 1640 719 1693 βασιλείας
739 1637 927 1694 ἔφεδρον
948 1637 1157 1681 ’Ἄτταλον
1172 1635 1250 1681 τόν
1269 1636 1540 1690 ἀδελφιδοῦν
1560 1637 1692 1677 Κλεο-

317 1694 487 1750 πάτρας
515 1699 592 1751 τῆς
621 1695 957 1751 επιγαιιηθείσης
974 1693 1060 1738 ὑπὸ
1084 1696 1320 1763 Φιλίππου
1351 1709 1507 1736 τουτον
1523 1692 1692 1745 εκρινεν

316 1752 364 1796 ἐκ
393 1756 474 1796 τοῦ
504 1756 579 1808 ζῆν
620 1757 904 1807 μεταστῆσαι·
951 1752 1024 1795 καὶ
1063 1752 1145 1805 γὰρ
1184 1750 1387 1806 ἐτύγχανε
1429 1751 1606 1792 παιδίον
1644 1747 1693 1790 ἐκ

232 1822 287 1863 60
316 1814 392 1864 τῆς
422 1808 704 1863 Κλεοπάτρας
740 1808 922 1864 γεγονός
955 1813 1018 1879 τῷ
1047 1810 1247 1879 Φιλίππῳ
1285 1810 1360 1861 τῆς
1388 1809 1584 1861 τελευτῆς
1612 1807 1693 1847 τοῦ

316 1866 529 1923 βασιλέως
557 1864 722 1924 ὀλίγαι-ς
750 1865 966 1938 πρότερον
983 1864 1186 1937 ἡμέραις.
1247 1863 1270 1907 6
1292 1863 1336 1907 δ’
1355 1862 1562 1913 ’Ἄτταλος
1585 1877 1692 1914 προ-

317 1922 638 1978 απεσταλμένος
675 1925 731 1979 ἦν
769 1925 829 1973 εἰς
865 1923 945 1980 τήν
983 1921 1128 1966 Ἀσίαν
1167 1919 1423 1991 στρατηγὸς
1440 1923 1528 1963 τῶν
1564 1916 1693 1963 δυνά-

318 1996 450 2034 μεων
474 1979 578 2035 μετὰ
621 1982 950 2034 Παρμενίωνος
999 1977 1266 2034 εὐεργετικὸς
1305 1977 1352 2021 δὲ
1388 1974 1451 2019 ω“ν
1487 1976 1562 2019 καὶ
1599 1979 1693 2026 ταῖς

318 2036 508 2100 ὁμιλίαις
522 2035 829 2090 ἐκθεραπεύων
843 2054 949 2087 τους
969 2035 1246 2106 στρατιώτας,
1264 2032 1477 2092 μεγάλης’
1460 2032 1693 2102 ετύγχανεν

233 2100 288 2142 65
317 2092 539 2150 ἀποδοχῆς
568 2094 614 2136 έν
644 2110 702 2147 τω
734 2095 1023 2164 στρατοπέδῳ.
1083 2091 1272 2147 εὐλόγως
1311 2092 1395 2134 οὐν
1431 2093 1593 2133 τοῦτον
1623 2086 1693 2132 εύ-

317 2153 491 2206 λαβεῖτο
529 2150 694 2205 μήποτε
721 2154 797 2206 τῆς
828 2151 959 2207 άρχῆς
989 2149 1330 2219 ἀντιποιήσηται,
1362 2145 1610 2216 συνεργοὺς
1620 2150 1694 2188 λα·
1724 2156 1728 2157 ’

317 2209 411 2263 βών
446 2211 535 2250 τῶν
559 2206 775 2263 Ελλήνων
808 2210 911 2259 τοὺς
950 2205 1320 2275 ἐναντιουμένους
1352 2201 1482 2260 αύτῳ.
1538 2202 1692 2256 διόπερ

316 2281 406 2308 των
444 2267 585 2322 φίλων
622 2264 1007 2322 προχειρισάμενος
1039 2265 1268 2308 Εκαταῖον
1304 2249 1597 2314 ἐξαπέστειλεν
1632 2261 1693 2310 εἰς

316 2434 373 2469 30.
399 2434 540 2482 αυτοῦ]
567 2435 693 2472 αυταῖν
714 2438 777 2473 FL
893 2438 963 2472 huc
984 2435 1135 2480 respexit
1155 2434 1326 2472 cedrenus
1347 2434 1420 2469 vol.
1440 2433 1467 2469 1.
1485 2445 1520 2478 p.
1544 2431 1624 2467 15⁰.
1650 2432 1693 2466 Β.

409 2494 489 2527 161.
520 2494 576 2529 38.
629 2492 792 2540 Φούριον
816 2496 882 2530 Cos
868 2507 968 2539 pus,
995 2494 1122 2529 caeteri
1150 2492 1337 2539 Φρούριον
1497 2490 1553 2526 39.
1593 2491 1694 2524 Mat-

317 2549 399 2573 νιον
425 2540 543 2574 Lixius
555 2541 745 2583 ,Μάνιον
769 2543 854 2584 ΤΥ,
888 2541 1016 2575 caeteri
1040 2539 1214 2575 DIoZchov
1398 2537 1457 2573 42.
1504 2535 1572 2581 τὴν
1597 2535 1695 2571 ἐνδε-

316 2585 474 2630 χομένην
499 2587 577 2625 FL,
613 2588 739 2622 caeteri
762 2586 830 2633 τήν
851 2586 919 2633 μὲν
943 2587 1183 2632 ἐνδεχομένην
1390 2585 1447 2619 43.
1493 2583 1696 2627 ποιησάμε-

317 2644 382 2674 νος
406 2636 482 2675 post
509 2627 627 2682 ἀρχὴν
643 2635 747 2689 ponit
765 2636 796 2669 F
979 2633 1037 2667 46.
1083 2634 1231 2675 πρῶτον
1254 2631 1345 2675 μεν]
1369 2632 1519 2675 πρῶτον
1540 2630 1602 2664 FL

408 2678 464 2712 49.
513 2677 594 2724 ἐπὶ]
628 2676 702 2715 υπό
725 2681 787 2715 FL
1001 2679 1057 2713 51.
1105 2677 1348 2723 παρεκάλεσε]
1381 2679 1629 2735 παρεκαλεῖτο
1652 2675 1693 2718 Ῑι,

317 2728 552 2770 προεκαλεῖτο
578 2727 607 2760 F
766 2727 823 2761 52.
855 2722 949 2768 πρὸς
971 2723 1086 2760 αιῖτὸν
1110 2725 1198 2771 τήν]
1225 2726 1292 2781 τήν
1317 2723 1414 2781 πρός
1437 2720 1553 2761 αὐτόν
1576 2733 1694 2756 omnes

503 2771 560 2806 56.
607 2769 852 2829 ἀδελφιδοῦν
862 2773 946 2812 We
934 2773 1131 2829 selingius:
1164 2773 1245 2806 libri
1269 2767 1436 2812 ἀδελφόν
1634 2767 1694 2803 61.

315 2811 360 2864 ἦν
384 2829 454 2853 om.
477 2818 560 2853 Bas.
699 2819 758 2854 67.
804 2815 929 2867 αὐτῶ]
963 2816 1083 2868 ἑαυτῷ
1105 2819 1179 2861 FL,
1205 2819 1296 2853 uude
1319 2814 1421 2869 αὐτῷ
1444 2815 1697 2861 wesselingius
