1820 3249
244 155 357 194 1188
602 149 716 192 LIB.
746 147 876 190 XVII.
934 147 1065 190 GAP.
1096 150 1164 191 54.
1196 149 1264 191 55.

245 258 322 319 ἦν,
369 261 527 318 ἔλαβον
569 260 637 303 ἄν
695 259 891 303 καθόλου
930 260 976 303 δε
1013 259 1086 303 καὶ
1117 257 1264 310 α’λλοις
1304 254 1621 326 μεγαλοψύχοις

137 329 216 368 100
246 320 392 375 λόγοις
433 317 724 388 χρησάμενος,
773 318 846 360 καὶ
885 333 990 367 τους
1027 317 1105 372 μὲν
1134 315 1292 370 λόγους
1321 319 1410 358 των
1442 317 1622 367 Περσῶν

247 374 598 431 ἀποδοκιμάσας,
639 372 935 442 προτιμήσας
952 374 998 416 δὲ
1036 373 1116 428 τὴν
1154 372 1357 422 εὐδοξίαν
1398 375 1488 413 τῶν
1516 386 1622 421 προ-

245 433 511 500 τεινομένων
542 434 740 483 δωρεῶν
769 436 860 480 τοῖς
890 446 968 484 μεν
998 430 1228 498 πρέσβεσιν
1256 427 1491 481 άπόκρισιν
1521 427 1620 469 ἔδω·

247 506 322 533 κεν
361 488 420 539 ὥς
459 486 563 531 οὔθ’
602 487 625 530 ὁ
664 486 824 540 κόσμος
854 489 981 528 δυοῖν
1009 485 1142 542 ηλίων
1170 484 1311 527 ὄντων
1340 488 1519 539 τηρῆσαι
1549 482 1622 525 66-
1633 480 1701 514 203

194 558 219 598 5
249 563 377 589 ναται
404 544 484 599 τήν
512 545 629 587 ἰδίαν
661 542 946 598 διακόσμησιν
976 559 1018 585 τε
1048 543 1120 584 καὶ
1142 542 1261 593 τάξιν
1290 540 1396 584 οὔθ
1416 558 1450 610 η
1482 541 1625 582 οἰκου-

250 604 375 671 μένη
410 602 489 645 δύο
541 600 752 654 βασιλέων
791 599 976 667 ἐχόντων
1013 598 1090 653 τὴν
1128 597 1362 665 ἡγεμονίαν
1403 596 1628 650 ἀταράχως

247 660 321 702 καὶ
350 656 646 706 άστασιάστως
681 655 898 709 διαμένειν
929 653 984 696 ἂν
1004 657 1194 697 δύναιτο
1242 653 1390 708 διόπερ
1417 653 1628 706 ἀπαγγέλ-

246 721 337 759 λειν
359 713 521 764 αὐτοὺς
545 714 736 756 ἐκέλευσε
753 729 811 781 τῳ
797 713 1014 780 Δαρείῳ,
1035 712 1070 752 εί
1090 711 1165 763 μὲν
1183 715 1271 753 τῶν
1292 712 1515 763 πρωτείων
1535 708 1627 762 ὀρέ-

246 789 379 828 γεται,
411 769 700 824 διαμάχεσθαι
721 768 831 822 πρὸς
854 766 988 810 αὐτὸν
1015 783 1114 819 περι
1135 784 1208 821 της
1224 783 1313 809 των
1334 766 1447 809 ὅλων
1466 782 1626 820 μοναρ-

112 873 117 879 ,
170 841 220 880 10
250 830 370 885 χίας·
405 829 440 869 εί
470 827 515 897 δὲ
546 826 673 880 δόξης
702 827 1000 877 καταφρονῶν
1018 827 1242 892 προκρίνει
1262 822 1342 876 τήν
1361 824 1627 865 λυσιτέλειαν

252 886 326 929 καὶ
355 884 435 938 τὴν
465 883 510 926 ἐκ
538 886 612 937 τῆς
645 880 871 937 ῥαστώνης
899 897 1089 933 τρυφην,
1121 877 1253 930 αὐτός
1270 879 1348 934 μὲν
1365 877 1626 936 Ἀλεξάνδρῳ

250 942 424 984 ποιείτω
453 938 502 982 τὸ
531 937 918 1008 προςταττόμενον,
948 936 1091 979 ἄλλων
1121 937 1165 980 δὲ
1186 935 1332 991 ἄρχων
1354 923 1628 988 βασιλευέτω,

254 995 615 1065 συγχωρουμένης
654 992 773 1050 αὐτῷ
803 998 879 1049 τῆς
907 994 1103 1045 ἐξουσίας
1132 992 1217 1036 ὑπὸ
1248 997 1323 1048 τῆς
1351 992 1629 1045 Ἀλεξάνδρου

173 1064 221 1104 15
252 1051 550 1125 χρηστότητος.
607 1051 657 1094 τὸ
689 1051 735 1094 δὲ
747 1039 996 1105 συνέδριον
1018 1050 1230 1100 διαλύσας
1253 1066 1325 1092 και
1341 1066 1420 1105 την
1441 1048 1629 1102 δύναμιν

255 1111 501 1164 ἀναλαβών,
532 1112 724 1164 προῆγεν
743 1108 811 1150 ἐπὶ
830 1106 911 1162 τήν
930 1110 1018 1149 τῶν
1042 1109 1260 1161 πολεμίων
1282 1092 1630 1159 στρατοπεδείαν.

254 1168 342 1239 ἅμα
373 1166 418 1209 δὲ
448 1165 622 1216 τούτοις
653 1164 967 1233 πραττομένοις
995 1168 1071 1217 τῆς
1101 1167 1183 1206 τοῦ
1204 1165 1401 1215 Δαρείου
1420 1161 1631 1230 γυναικὸς

255 1222 592 1279 ἀποθανούσης,
642 1219 665 1264 ὁ
693 1220 971 1276 Ἀλέξανδρος
1010 1220 1175 1272 εθαψεν
1204 1219 1340 1276 αὐτὴν
1369 1223 1632 1276 μεγαλοπρε-

252 1297 358 1332 πως.

171 1345 228 1385 55
368 1338 557 1389 Δαρεῖος
587 1333 632 1377 δὲ
661 1349 749 1376 των
779 1331 1052 1385 ἀποκρίσεων
1082 1331 1297 1384 οἰκούσας,
1346 1331 1418 1374 καὶ
1446 1347 1527 1386 την
1560 1329 1630 1372 δια

173 1404 227 1442 20
257 1409 346 1437 των
383 1392 525 1446 λόγων
555 1391 764 1433 σύνθεσιν
795 1389 1040 1444 ἀπογνούς
1087 1391 1166 1445 τὴν
1202 1390 1281 1443 μὲν
1311 1388 1498 1443 δύναμιν
1526 1384 1631 1430 καθ’

257 1450 434 1519 ἡμέραν
467 1447 691 1491 συνέταττε
729 1447 801 1489 καὶ
839 1446 951 1500 πρὸς
984 1463 1064 1503 την
1094 1446 1140 1489 έν
1168 1451 1258 1496 τοῖς
1289 1445 1509 1494 κινδύνοις
1540 1442 1634 1498 εὐη-

258 1509 386 1551 κοίαν
416 1505 589 1558 ἑτοίμην
618 1502 920 1556 κατεσκεύαζε·
957 1521 1046 1546 των
1078 1503 1122 1546 δὲ
1152 1504 1292 1558 φίλων
1321 1506 1528 1554 Μαζαῖον
1556 1501 1636 1555 μὲν

258 1563 363 1632 μετὰ
403 1566 678 1615 στρατιωτῶν
714 1560 947 1603 ἐπιλέκτων
977 1561 1238 1612 ἐξαπέστειλε
1266 1556 1638 1625 παραφυλάξοντα

174 1626 229 1667 25
259 1637 337 1675 την
369 1619 571 1688 διάβασιν
600 1621 680 1660 τοῦ
710 1620 911 1671 ποταμοῦ
937 1634 1010 1659 και
1039 1616 1116 1660 τόν
1144 1616 1285 1685 πόρον
1303 1612 1636 1671 προκαταληψό-

259 1693 336 1747 μετ
342 1693 416 1727 ον,
468 1675 641 1726 ἑτέρους
678 1673 718 1716 δ’
743 1673 964 1732 ἐξέπεμψε
994 1673 1073 1729 τὴν
1101 1674 1247 1728 χώραν
1276 1672 1637 1739 πυρπολήσοντας

260 1731 320 1776 δι’
364 1729 414 1788 ἧς
452 1730 692 1785 άναγκαῖον
733 1732 788 1784 ἠν
823 1732 1010 1773 διελθεῖν
1040 1730 1142 1780 τούς
1171 1730 1422 1781 πολεμίους·
1468 1727 1636 1782 ἐνόμιζε

259 1789 342 1844 γάρ
384 1792 444 1845 τῷ
484 1789 562 1843 μὲν
602 1786 782 1842 ρεύματι
810 1790 890 1829 τοῦ
921 1789 1121 1838 ποταμοῦ
1149 1784 1423 1855 προβλήματι
1442 1788 1640 1854 χρῆσθαι

261 1845 371 1899 πρὸς
410 1861 488 1900 την
528 1844 692 1898 ἔφοδον
732 1858 819 1885 των
859 1843 1145 1886 Μακεδόνων.
1206 1841 1375 1885 τούτων
1410 1839 1520 1884 δ’ὁ
1558 1855 1638 1910 μεν

179 1906 232 1945 30
263 1906 463 1953 Μαζαῖος
499 1899 614 1953 ὁρῶν
654 1899 892 1967 άδιάβατον
935 1899 1039 1943 ὄντα
1076 1899 1153 1942 τὸν
1189 1898 1387 1954 ποταμόν
1416 1895 1487 1941 διά
1516 1913 1559 1940 τε
1589 1895 1638 1939 τό

264 1958 404 2015 βάθος
434 1958 506 2000 καὶ
535 1956 614 2011 τὴν
641 1954 920 2026 σφοδρότητα
949 1961 1030 2000 τοῦ
1061 1955 1295 2026 ρεύματος,
1328 1959 1405 2010 τῆς
1433 1955 1512 2009 μὲν
1539 1951 1638 1996 τού-

261 2031 342 2058 του
389 2018 589 2069 φυλακῆς
626 2011 830 2081 ἠμέλησε,
875 2018 967 2063 τοῖς
1009 2013 1053 2056 δὲ
1083 2013 1160 2068 τὴν
1188 2029 1334 2081 χωραν
1362 2014 1639 2079 πυρπολοῦσι

263 2070 530 2126 συνεργησας
573 2070 645 2112 καὶ
684 2068 849 2125 πολλὴν
885 2086 968 2124 γην
1007 2072 1269 2123 διαφθείρας
1297 2067 1511 2123 ὑπέλαβεν
1545 2064 1639 2108 άνε-

262 2131 447 2196 πίβατον
478 2127 653 2169 ἔσεσθαι
675 2131 766 2175 τοῖς
791 2129 1011 2180 πολεμίοις
1043 2127 1115 2169 διὰ
1143 2126 1223 2182 τήν
1253 2124 1413 2167 σπάνιν
1418 2127 1516 2192 τῆς
1544 2139 1640 2176 τρο-

181 2186 234 2228 55
266 2190 365 2242 φῆς.
424 2182 447 2227 ὁ
481 2182 525 2227 δ’
554 2182 835 2239 Ἀλέξανδρος
863 2181 1212 2240 παραγενόμενος
1240 2182 1348 2238 πρὸς
1376 2179 1456 2238 τήν
1484 2179 1640 2236 διάβα-

263 2331 344 2366 100.
389 2328 617 2376 χρησάμενος
647 2328 734 2376 καὶ]
769 2327 996 2375 χρησάμενος
1031 2331 1060 2365 L
1252 2330 1287 2363 1.
1335 2324 1638 2371 ἀποδοκιμάσας]

263 2377 511 2419 ἀπεδοκίμασε
535 2378 564 2410 F
746 2376 779 2412 2.
827 2376 1144 2422 προτεινομένων]
1169 2374 1467 2433 προςγενομένων
1491 2374 1549 2407 FL

355 2423 571 2470 πρέσβεσιν]
595 2420 810 2468 πρέσβευσιν
833 2425 916 2458 Bas.
1077 2424 1111 2459 3.
1160 2419 1257 2458 οὔθ’
1269 2423 1283 2467 ]
1311 2419 1399 2457 ουδὲ
1422 2421 1483 2455 FL

264 2471 394 2513 δυοῖν]
423 2471 524 2504 δυεῖν
548 2471 576 2503 [ι

358 2516 439 2550 203.
470 2517 503 2550 4.
551 2513 730 2559 δύναται]
766 2512 915 2549 δύναιτ’
950 2511 997 2549 άν
1027 2515 1089 2549 FL
1269 2514 1303 2547 7
1353 2510 1535 2554 ἐκέλευσε]
1569 2508 1626 2545 ε’κέ
1627 2529 1644 2535 -

266 2564 348 2597 λενε
380 2563 409 2596 L
439 2566 473 2596 ct
502 2561 561 2605 qui
597 2566 677 2595 aute
711 2558 848 2600 αυτούς
880 2561 974 2604 ponit,
1003 2562 1033 2594 F
1254 2560 1289 2595 8.
1335 2558 1427 2603 μεν]
1471 2556 1538 2598 μὲν
1573 2552 1643 2591 οὖν

266 2609 349 2643 Bas.
508 2609 697 2663 πρωτείων
718 2607 799 2650 FI,
825 2606 1165 2651 οιιοῑειίπροτέρων
1326 2606 1382 2639 10.
1429 2603 1644 2647 προκρίνειν

266 2655 298 2688 F
481 2653 537 2687 12.
584 2651 625 2687 τὸ
650 2652 995 2697 προςταττόμενον]
1019 2653 1065 2687 τά
1089 2650 1387 2696 προςταττόμενοι
1410 2651 1469 2685 FL

265 2700 322 2734 23.
362 2697 680 2741 παραφυλάξαντα
704 2704 738 2733 et
760 2711 840 2732 mox
864 2698 1167 2743 πυρπολήσαντας
1191 2701 1221 2733 F
1368 2698 1425 2732 28.
1465 2695 1639 2750 χρῆσθαι]

266 2744 475 2789 χρήσασθαι
490 2747 519 2779 L
657 2746 714 2780 3⁰.
748 2744 811 2780 διά
828 2758 865 2780 τε
882 2747 951 2787 FL,
981 2747 1108 2780 «aeteri
1125 2745 1188 2782 διοὶ
1324 2743 1381 2778 33.
1414 2743 1482 2787 γῆν
1499 2760 1543 2766 »-
1564 2739 1627 2775 ἀνε

265 2794 424 2837 πίβατον
447 2793 551 2837 FLQ,
573 2792 700 2827 caeteri
724 2790 850 2838 χώραν
872 2811 918 2818 -—
942 2790 1083 2838 ἄβατον
1244 2790 1302 2825 35.
1351 2790 1467 2835 πρὸς]
1494 2788 1545 2828 εἰς
1568 2787 1595 2820 L
