1820 3249
293 96 404 136 1298
619 89 736 131 Lm.
767 88 912 133 xvm.
961 90 1093 134 cAP.
1123 93 1336 139 42.-.-4ι

293 219 425 254 νους,
472 200 738 257 έπενοησατό
777 217 876 245 τινα
900 203 1040 271 ξένην
1077 203 1152 247 καὶ
1186 203 1548 273 παρηλλαγμένην
1581 206 1676 246 ‘cc-312

211 265 265 309 50
294 262 439 303 ι’ππων
467 260 725 330 γυμνασίαν.
784 257 861 310 τοὶς
888 259 972 314 γὰρ
1003 258 1210 328 κεφαλάς
1226 258 1374 303 αὐτῶν
1397 264 1491 310 ταῖς
1507 264 1673 313 σειραῖς

291 315 603 371 ἀναδεσμεύων
641 316 686 358 έκ
724 331 858 358 τινων
885 319 1047 359 δοκίων
1076 314 1105 371 ἢ
1134 318 1364 360 παττάλων
1394 315 1473 359 δύο
1502 315 1532 372 ἢ
1559 322 1673 371 τρεῖς

291 376 469 424 δοκίδας
500 371 730 427 αἰωρήσας,
761 373 834 415 καὶ
864 372 1206 444 συναναγκάζων
1237 379 1328 424 τοῖς
1351 371 1572 424 ὀπισθίοις
1598 389 1676 416 πο-

292 431 362 474 σὶν
394 430 718 499 ἐπιβεβηκέναι,
753 435 845 479 τοῖς
875 427 918 472 6'
949 430 1199 497 ἔμπροσθεν
1227 431 1380 485 μόνοις
1408 430 1569 479 ψαύειν
1597 433 1675 485 τῆς

288 504 368 556 γης
399 487 559 541 μικρὸν
589 484 923 536 ἀπολείποντας·
969 485 1103 536 εὐθὺς
1134 489 1222 529 οὐν
1247 486 1270 531 6
1303 488 1380 542 μὲν
1410 488 1542 537 ἵππος
1570 489 1676 542 βου-

207 549 261 592 55
291 544 474 612 λόμενος
510 545 781 598 στηρίζεσθαι
820 547 913 592 τοῖς
957 542 1239 597 ἐμπροσθίοις
1269 546 1508 587 διεπονεῖτο
1539 546 1601 600 τῷ
1628 558 1675 586 τε

292 600 460 654 σώματι
488 600 617 642 παντὶ
646 599 718 642 καὶ
747 603 837 650 τοῖς
867 598 1055 649 σκέλεσι,
1097 600 1438 670 συμπασχόντων
1468 588 1674 642 ἁπάντων

291 661 380 700 τῶν
409 655 518 700 κατὰ
551 656 629 699 τὸν
657 655 792 710 ὄγκον
823 659 986 709 μελῶν·
1036 658 1240 711 τοιαύτης
1271 657 1316 700 δὲ
1344 656 1575 712 γινομένης
1604 672 1674 699 κι-

290 714 463 782 νήσεως
498 712 627 766 ἱδρώς
655 728 700 755 τε
729 712 867 762 πολύς
896 711 943 754 ἐκ
971 715 1051 754 τοῦ
1083 712 1280 766 σώματος
1309 714 1487 768 ἐξεχεῖτο
1518 713 1592 761 καὶ
1620 715 1675 769 τῇ

207 779 263 819 60
291 774 379 813 τῶν
408 769 560 813 πόνων
590 768 815 825 ὑπερβολη
846 785 924 824 την
955 767 1173 823 ἀκρότητα
1202 774 1291 812 τών
1311 770 1564 824 γυμνασίων
1581 775 1674 820 τοῖς

292 826 416 897 ζώοις
445 830 741 880 περιεποιεῖτο.
799 830 891 875 τοῖς
921 825 966 867 δὲ
997 824 1293 894 στρατιώταις
1316 826 1451 869 ἅπασι
1489 825 1566 876 τὰς
1596 823 1752 867 αὐ-49Ο

289 884 369 934 τοὶς
397 899 568 952 τροφας
594 884 832 937 παρείχετο,
863 881 1050 937 μετέχων
1081 882 1214 932 αὐτὸς
1241 886 1333 952 τῆς
1340 881 1572 937 λιτότητος,
1602 881 1676 924 καὶ

290 941 362 984 διὰ
407 943 480 993 τῆς
519 938 674 993 ὁμοίας
714 942 1048 994 συμπεριφορᾶς
1084 939 1252 994 πολλὴν
1292 938 1473 982 εὔνοιαν
1514 939 1670 1007 ἑαυτῷ,

292 1001 383 1047 τοῖς
424 997 470 1039 δὲ
511 995 839 1066 συμπεφευγόσι
877 998 1010 1038 πᾶσιν
1040 995 1259 1051 ὁμόνοιαν
1291 995 1675 1063 συγκατεσκεύασε

207 1055 261 1099 65
290 1053 364 1096 καὶ
399 1053 452 1096 τοὶ
489 1052 579 1108 μὲν
604 1053 703 1106 περὶ
741 1052 819 1095 τὸν
859 1051 1037 1109 Εὐμένη
1074 1053 1150 1096 καὶ
1177 1052 1281 1104 τούς
1310 1050 1673 1109 συμπεφευγότας

291 1111 353 1161 εἰς
381 1109 460 1164 τὴν
487 1109 650 1160 πέτραν
680 1109 727 1152 έν
757 1107 930 1159 τούτοις
957 1126 1025 1164 ην.

205 1171 262 1210 43
402 1165 528 1210 Κατα
558 1167 603 1209 δὲ
633 1165 713 1234 τήν
740 1167 969 1220 Αἴγυπτον
1001 1169 1271 1221 Πτολεμαῖος
1297 1163 1596 1219 παραδόξως’
1572 1182 1674 1209 απο-

290 1223 570 1292 τετριμμένος
608 1221 687 1265 τόν
723 1238 767 1264 τε
799 1224 1050 1275 Περδίκκαν
1080 1224 1154 1265 καὶ
1184 1240 1261 1274 τας
1291 1222 1516 1278 βασιλικας
1546 1222 1676 1266 δυνά-

205 1285 261 1325 70
289 1296 408 1349 μεις,
448 1279 528 1335 τὴν
565 1295 643 1332 μεν
684 1281 913 1333 Αἰγυπτον
954 1278 1108 1329 ώςανεί
1136 1297 1236 1321 τινα
1266 1282 1522 1349 δορίκτητον
1552 1277 1674 1334 εἶχεν.

291 1335 410 1391 ὁρῶν
441 1336 487 1379 δὲ
515 1336 597 1405 τήν
625 1351 670 1378 τε
707 1337 920 1390 Φοινίκην
948 1337 1021 1379 καὶ
1050 1352 1128 1404 την
1157 1338 1321 1405 κοίλην
1349 1335 1676 1391 ὀνομαζομένην

291 1395 464 1447 Συρίαν
503 1391 682 1447 εὐφυῶς
718 1392 917 1460 κειμένας
956 1409 1065 1435 κατα
1104 1397 1179 1448 τῆς
1207 1391 1459 1448 Αἰγύπτου,
1507 1394 1675 1448 πολλὴν

293 1449 533 1505 εἰςεφέρετο
565 1448 781 1521 σπουδην
794 1452 1024 1501 κυριεῦσαι
1052 1449 1221 1492 τούτων
1251 1466 1340 1493 των
1361 1450 1543 1492 πόλεων.
1582 1449 1673 1519 ἐξα-

291 1507 507 1550 πέστειλεν
546 1507 628 1549 οὐν
656 1506 735 1561 τὴν
765 1504 923 1575 ἱκανὴν
953 1505 1142 1560 δύναμιν
1176 1507 1249 1549 καὶ
1290 1505 1556 1581 στρατηγόν,
1595 1522 1675 1550 ενοι

207 1567 261 1610 75
291 1568 380 1607 τῶν
410 1565 552 1619 φίλων
579 1562 978 1644 προχειρισάμενος,
1009 1563 1259 1618 Νικανορα.
1314 1570 1444 1615 οὑτος
1473 1563 1519 1606 δὲ
1549 1573 1673 1617 στρα-

290 1619 444 1671 τεύσας
484 1621 552 1671 εἰς]
581 1619 661 1675 τὴν
696 1621 870 1674 Συρίαν
908 1619 1191 1674 Λαομέδοντα
1233 1636 1312 1688 μεν
1340 1620 1418 1664 τὸν
1448 1619 1674 1675 σατράπην

291 1676 519 1746 ἐζώγρησε,
548 1676 627 1732 τὴν
652 1675 702 1720 δε
711 1677 895 1728 Συρίαν
915 1675 1090 1719 απασαν
1119 1675 1385 1733 ἐχειρώσατο.
1430 1676 1605 1745 ὁμοίως
1627 1676 1676 1719 δὲ

292 1735 369 1778 καὶ
396 1733 474 1784 τὰς
502 1733 613 1776 κατὰ
642 1733 722 1788 τὴν
754 1735 966 1788 Φοινίκην
1003 1732 1150 1783 πόλεις
1189 1732 1571 1807 προςαγαγόμενος
1598 1733 1674 1776 καὶ

291 1792 478 1845 ποιήσας
503 1789 804 1858 εμφρούρους,
834 1789 1080 1845 επανηλθεν
1109 1792 1170 1841 εἷς
1197 1791 1278 1845 τὴν
1302 1793 1541 1846 Αἴγυπτον,
1571 1788 1674 1833 σύν-

209 1854 263 1894 80
294 1863 431 1917 τομον
466 1846 556 1916 τὴν
577 1848 803 1900 στρατείαν
833 1847 904 1889 καὶ
934 1847 1178 1919 πρακτικήν
1207 1848 1510 1918 πεποιημένος.
1737 1856 1741 1857 ’

208 1911 264 1950 44
403 1901 495 1946 Ἐπ’
528 1901 739 1973 ἄρχοντος
769 1901 811 1946 δ’
842 1902 1077 1971 Ἀθήνησιν
1101 1903 1432 1959 Ἀπολλοδώρου
1464 1903 1674 1958 Ρωμαῖοι

292 1958 580 2030 κατέστησαν
609 1959 805 2010 υπὰτους
850 1959 1046 2003 Κόϊντον
1093 1963 1333 2004 Ποπλίλιον
1370 1961 1445 2004 καὶ
1479 1960 1672 2003 Κόϊντον

290 2015 505 2061 Πόπλιον.
563 2015 635 2060 ἐπὶ
673 2017 720 2060 δὲ
763 2014 932 2060 τούτων
966 2016 1212 2073 Ἀντίγονος
1249 2015 1674 2073 καταπεπολεμηκὼς
1730 2056 1734 2059 s

290 2139 349 2175 50.
397 2140 555 2184 δοκίων]
588 2140 670 2175 fort.
694 2139 858 2175 δοκίδων
1048 2139 1107 2175 51.
1155 2138 1343 2184 αἰωρήσας
1377 2141 1672 2174 Rhadamannus·

289 2187 373 2222 libri
394 2186 574 2233 ἐωρήσας,
593 2187 688 2230 qum}
709 2187 788 2230 qui
791 2190 932 2220 tuentum
951 2187 1060 2222 etiam
1077 2187 1145 2221 vol.
1166 2189 1190 2221 Ι.
1214 2200 1246 2231 p.
1272 2188 1351 2223 143.
1375 2189 1432 2222 67.
1458 2186 1557 2242 έιόρα
1582 2186 1673 2219 εει-ἰ·-

290 2234 353 2266 bat
534 2233 592 2268 53.
649 2231 741 2277 ἕρμπ
722 2235 835 2276 ροσθε
869 2234 953 2267 Bas.
1138 2230 1428 2279 ἀπολείποντας]
1467 2231 1673 2268 οἷπολιπόνν

288 2292 355 2318 τας
379 2279 408 2312 F
590 2278 648 2314 57.
695 2278 914 2325 γινομένης]
947 2278 1145 2326 γενομένης
1169 2281 1251 2314 Bas.
1443 2279 1501 2314 60.
1547 2290 1670 2324 περιε-

289 2325 455 2368 ποιεῖτο]
482 2322 640 2360 ἔποιειτο
664 2326 748 2359 Bas.

382 2371 464 2404 290.
494 2371 552 2404 62.
600 2374 665 2413 τῆς
688 2370 904 2428 λιτότητος]
939 2370 1128 2426 λιτότητος
1150 2373 1233 2408 Bas.
1416 2370 1475 2405 63.
1523 2372 1602 2412 τοῖς
1626 2367 1668 2405 δὲ

292 2417 566 2462 συμπεφευγόσι
589 2418 727 2472 πᾶσιν]
749 2422 827 2458 τοῖς
853 2416 1125 2463 συμπεφευγόσι
1147 2420 1239 2453 πᾶσι
1262 2415 1324 2453 καὶ
1348 2418 1479 2452 ΕΣἮ-

291 2462 350 2498 65.
398 2464 501 2507 περὶ]
538 2476 631 2497 κατα
656 2465 685 2497 Y
711 2466 792 2498 Bas.
975 2464 1031 2499 (58.
1054 2472 1116 2498 ’τε
1138 2476 1208 2499 οιιι.
1232 2465 1312 2498 Bas.
1500 2461 1556 2497 69.
1603 2462 1673 2497 60·

295 2521 467 2588 Μῑητίον
477 2509 898 2600 ³233ss223'21332322‘}
923 2554 1013 2591 mua
1035 2509 1463 2610 yg⁰i032⁷2²;„}?]p51?33?
1487 2509 1569 2544 ¹³³³
1608 2553 1667 2588 τι.

297 2600 500 2645 εἰςεφέρετο
523 2620 569 2627 -
591 2602 648 2636 73.
672 2601 739 2646 τήν
762 2614 832 2636 om.
856 2603 938 2637 Bas.
1120 2603 1177 2637 73.
1224 2604 1382 2647 πόλεων]
1410 2603 1518 2636 immo
1540 2597 1666 2635 τόπων

292 2648 350 2680 vel
374 2648 508 2691 χωρῶν
691 2649 744 2683 82.
796 2649 999 2682 Ποπλίλιον
1021 2648 1154 2693 Livius,
1179 2652 1373 2685 ποσπίλιον
1399 2650 1438 2690 F,
1465 2649 1668 2682 Ποπίλλιον

291 2693 373 2728 Bas.
386 2692 550 2735 ‚caeteri
571 2694 774 2730 Ποπίλ.ιον
796 2695 996 2731 exciderunt
1018 2700 1137 2731 autem
1159 2695 1196 2730 in
1216 2695 1452 2742 superioribus
1471 2692 1600 2728 biennii
1613 2702 1668 2727 res

288 2744 411 2784 gestae
1011 2766 1013 2768 -
