1820 3249
323 116 434 164 1274
719 112 835 154 LlB.
867 112 1203 156 XV111.cAP.
1233 117 1299 156 18.

210 232 291 272 100
322 224 444 276 ὄντες
473 224 654 294 ἔρημοι,
689 224 793 280 μετοὶ
829 240 918 269 των
956 225 1080 291 ἰδίων
1117 227 1370 282 στρατηγῶν
1406 224 1690 282 ἐβουλεύοντο

319 282 418 337 περὶ
444 286 525 325 τοῦ
553 279 755 336 πολέμου.

237 344 291 384 18
428 337 708 392 Ἀντίπατρος
738 338 783 381 65
817 336 890 383 διοὶ
917 337 1077 407 ταύτης
1108 341 1183 394 τῆς
1205 339 1461 407 στρατηγίας
1483 338 1692 390 διαλύσας

317 394 367 438 τὸ
408 395 605 467 σύστηιια
642 399 730 438 τῶν
760 392 999 465 Ἑλλήνων,
1049 395 1182 451 ἤγαγε
1218 395 1296 468 τὴν
1331 396 1520 451 δύναμιν
1548 400 1692 439 πᾶσαν

260 456 287 498 5
317 451 388 495 ἐπὶ
423 452 529 502 τοὺς
562 451 836 523 Ἀθηναίουςζ
895 454 920 496 ό
957 451 1064 495 656
1070 456 1179 507 ἦμος
1217 452 1460 521 ἐρημωθεὶς
1492 456 1568 508 τῆς
1602 457 1691 496 τῶν

315 508 555 564 συμμάχων
579 511 787 564 βοηθείας
817 509 864 552 ἐν
895 503 1074 576 ἀπορία
1086 513 1223 565 πολλῃ
1250 508 1549 580 καθειστήκει·
1587 510 1692 552 πάν-

313 582 403 608 των
434 566 479 608 δὲ
507 567 877 636 καταφερομένων
915 565 983 608 ἐπὶ
1024 563 1109 607 τὸν.
1128 565 1345 634 Δημάδην
1385 567 1458 610 καὶ
1486 565 1691 636 βοώντων

312 626 474 666 τοῦτον
504 622 745 692 ἐκπεμπειν
763 618 1031 690 πρεσβευτην
1059 621 1169 690 πρὸς
1190 622 1468 677 Ἀντίπατρον
1490 623 1599 677 ὑπὲρ
1617 627 1692 679 τῆς

314 679 529 738 εἰρήνης,
543 682 673 731 οὑτος
701 679 780 735 μὲν
809 676 1081 732 καλούμενος
1114 676 1363 746 σύμβουλος
1393 679 1473 751 οὐχ
1498 678 1692 735 ὑπήκου-

235 741 287 782 10
317 747 402 779 σευ.
462 739 517 806 {jv
554 753 637 791 γαρ
672 737 764 791 τρὶς
804 734 993 803 ἡλωκώς
1015 734 1308 804 παρανόμων,
1349 737 1422 789 καὶ
1450 736 1525 806 διοὶ
1557 740 1688 779 τοῦτο

312 792 504 864 γεγονώς
542 793 696 862 ἄτιμος
736 792 810 835 καὶ
848 790 1124 861 κωλυόμενος
1160 790 1244 834 ὑπὸ
1284 796 1372 835 τῶν
1408 792 1557 847 νόμων
1586 805 1689 862 συμ-

312 850 570 920 βουλεύειν·
608 847 845 921 απολαβών
876 849 922 892 65
955 865 1036 904 την
1067 848 1281 903 ἐπιτιμίαν
1316 848 1404 892 υπὸ
1435 854 1516 892 τοῦ
1546 847 1689 906 δήμου

312 905 570 962 παραχρῆμ’
607 905 854 961 ἐξεπέμφθη
891 904 1168 978 πρεσβευτης
1192 904 1296 960 μετὰ
1338 907 1573 960 Φωκίωνος
1616 907 1690 949 καί

232 971 285 1015 15
314 980 448 1006 τινων
490 963 661 1018 ἑτέρων.
720 966 801 1006 τοῦ
840 960 881 1005 δ’
921 961 1212 1015 Ἀντιπάτρου
1246 961 1562 1014 διακούσαντος
1601 978 1691 1006 των

312 1020 470 1075 λόγων,
501 1020 573 1063 καὶ
603 1019 757 1070 δόντος
787 1017 1021 1074 ἀπόκρισιν
1052 1036 1110 1069 ως
1140 1018 1280 1070 α’λλως
1309 1017 1362 1062 οὐ
1395 1020 1453 1075 μὴ
1476 1018 1690 1090 συλλύση-

311 1094 384 1120 ται
412 1076 492 1120 τὸν
519 1075 631 1132 πρὸς
657 1074 918 1147 Ἀθηναίους
947 1076 1154 1131 πόλεμον,
1186 1075 1263 1119 ἐάν
1292 1093 1361 1135 μη.
1379 1093 1431 1119 τα
1456 1074 1562 1119 καθ’
1595 1075 1692 1119 ἑαυ-

311 1133 416 1186 τούς
453 1133 741 1188 ἐπιτρέψωσιν
782 1132 922 1189 αὐτῷ·
969 1133 1041 1177 καὶ
1070 1133 1154 1188 γὰρ
1185 1132 1377 1203 ἐκείνους
1407 1134 1690 1187 συγκλείσαν-

311 1208 390 1242 τας
420 1192 481 1241 εἰς
509 1192 686 1244 Λαμίαν
720 1189 799 1233 τὸν
829 1178 1116 1243 Ἀντίπατρον
1149 1206 1226 1240 τας
1268 1189 1404 1241 αὐτας
1443 1189 1692 1260 αποκρίσεις

224 1255 284 1296 20
312 1252 581 1304 πεποιῆσθαι
617 1246 967 1318 πρεσβεύσαντος
1006 1245 1144 1290 αὑτοῦ
1180 1247 1279 1306 περὶ
1316 1250 1391 1315 τῆς
1421 1245 1615 1302 εἰρήνης·
1665 1263 1688 1290 ο

311 1305 358 1348 δὲ
370 1308 539 1376 δῆμος,
577 1303 658 1348 οὐκ
689 1304 751 1347 ὢν
783 1302 1026 1375 ἀξιόμαχος,
1059 1299 1320 1373 ἠναγκάσθη
1345 1302 1425 1359 τὴν
1455 1301 1692 1374 ἐπιτροπην

309 1361 384 1405 καὶ
430 1378 512 1419 την
552 1361 754 1430 ἐξουσίαν
790 1365 934 1404 πᾶσαν
970 1358 1234 1430 Ἀντιπάτρῳ
1280 1362 1439 1403 δοῦναι
1474 1361 1572 1414 περὶ
1613 1376 1690 1416 της

308 1418 485 1469 πόλεως.
545 1416 568 1461 ὁ
610 1417 655 1461 65
694 1417 1021 1487 φιλανθρώπως
1050 1415 1201 1468 αὐτοῖς
1229 1417 1529 1489 προςενεχθεις
1559 1428 1688 1460 συνε-

310 1475 506 1531 χωρησεν
545 1474 661 1544 ἔχειν
694 1474 776 1532 τήν
814 1491 858 1518 τε
891 1474 1023 1518 πόλιν
1052 1474 1125 1518 καὶ
1155 1490 1230 1525 τας
1258 1475 1426 1530 κτήσεις
1455 1475 1527 1517 καὶ
1556 1472 1691 1517 τᾶλλα

226 1534 281 1578 25
312 1533 476 1575 πάντα·
510 1531 590 1586 τὴν
621 1530 667 1574 65
697 1534 917 1575 πολιτείαν
945 1531 1200 1593 μετέστησεν
1228 1530 1275 1575 ἐκ
1304 1548 1377 1587 της
1399 1532 1690 1601 δημοκρατίας

310 1589 386 1633 καὶ
414 1588 673 1642 προςέταξεν
703 1587 786 1633 ἀπὸ
816 1587 1025 1655 τιμήσεως
1063 1605 1175 1631 ειναι
1212 1587 1261 1631 τὸ
1303 1590 1564 1642 πολίτευμα,
1614 1587 1690 1630 καὶ

306 1646 409 1696 τοὺς
457 1645 537 1719 μὲν
586 1644 891 1714 κεκτημένους
922 1646 1052 1689 πλείω
1096 1647 1314 1715 δραχμῶν
1345 1646 1560 1700 διςχιλίων
1611 1660 1686 1688 κυ-

308 1704 436 1755 ρίους
466 1707 576 1745 εἰναι
605 1706 686 1746 τοῦ
714 1700 1030 1757 πολιτεύματος
1059 1718 1133 1745 και
1162 1707 1238 1757 τῆς
1262 1703 1552 1771 χειροτονίας,
1581 1698 1687 1750 τούς

221 1766 276 1806 30
307 1760 353 1803 65
390 1761 617 1814 κατωτέρω
655 1763 730 1815 τῆς
758 1772 975 1829 τιμησεως
1004 1758 1198 1810 α’παντας
1228 1758 1286 1809 ὠς
1315 1757 1579 1813 ταραχώδεις
1609 1755 1687 1800 ὅν-

303 1833 381 1867 τας
420 1817 492 1860 καὶ
532 1814 796 1885 πολεμικοὺς
840 1815 1036 1872 ἀπήλασε
1082 1820 1157 1871 τῆς
1198 1817 1435 1866 πολιτείας,
1480 1814 1553 1864 καὶ
1592 1818 1685 1865 τοῖς

303 1873 591 1943 βουλομένοις
621 1872 769 1942 χώραν
799 1872 959 1916 ἔδωκεν
989 1874 1049 1924 εἰς
1078 1875 1332 1928 κατοίκησιν
1361 1872 1406 1915 ἐν
1425 1875 1487 1944 τῇ
1518 1869 1683 1929 Θράκῃ.

305 1932 433 1973 οὑτοι
470 1929 549 1998 μὲν
580 1946 663 1973 ουν
693 1928 817 1997 ὄντες
845 1931 1019 1980 πλείους
1047 1934 1134 1973 τῶν
1165 1931 1337 1998 μυρίων
1366 1928 1439 1972 καὶ
1471 1930 1684 1984 διςχιλίων

303 1985 629 2042 μετεστάθησαν
658 1985 704 2030 ἐκ
734 1990 807 2041 τῆς
836 1989 1064 2040 πατρίδος
1097 1988 1140 2029 οἱ
1170 1987 1215 2030 δὲ
1245 2002 1325 2041 την
1357 1985 1597 2054 ὡρισμένην
1618 1985 1685 2027 τί·-

222 2048 277 2091 35
306 2056 440 2100 μησιν
485 2044 652 2113 ἔχοντες
698 2044 795 2097 περὶ
837 2043 1146 2113 ἐνακιςχιλίους
1186 2041 1501 2111 απεὸείχθησαν
1538 2040 1685 2093 κύριοι

303 2105 380 2156 τῆς
418 2116 463 2143 τε
492 2099 660 2151 πόλεως
688 2100 760 2143 καὶ
790 2103 865 2156 τῆς
898 2099 1062 2166 χωρας,
1104 2100 1176 2143 καὶ
1206 2117 1315 2142 κατα
1345 2098 1448 2148 τούς
1476 2096 1685 2148 Σόλωνος

303 2157 472 2214 νόμους
510 2154 837 2201 ἐπολιτεύοντο·
888 2157 1047 2213 πάντες
1083 2156 1130 2200 δὲ
1168 2157 1244 2208 τὰς
1285 2154 1440 2206 οὐσίας
1470 2153 1683 2210 εἰάθησαν

300 2306 382 2340 100.
430 2307 673 2351 στρατηγων]
725 2307 959 2349 στρατιωτῶν
992 2306 1076 2349 QY,
1118 2316 1353 2348 στρατιωτων
1384 2301 1570 2338 ἐπάνοδον
1604 2303 1676 2336 VW

299 2356 334 2386 et
367 2353 503 2396 punctis
535 2365 639 2397 super
662 2350 852 2388 ἐπάνοδον
888 2352 1028 2399 positis
1040 2353 1086 2394 F,
1129 2352 1188 2396 qui
1213 2356 1306 2386 certe
1329 2348 1395 2394 τὴν
1419 2354 1497 2384 ante
1520 2350 1595 2383 τῶν
1618 2350 1681 2383 ad-

300 2399 382 2432 dere
406 2399 578 2432 debebant
761 2399 795 2433 3.
845 2395 976 2443 ἤγαγε]
1003 2399 1066 2443 ἥγε
1091 2399 1136 2432 W
1320 2398 1375 2430 10.
1423 2394 1678 2439 παρανόιιων]

299 2457 402 2486 παρα
424 2442 552 2487 νόμων
576 2445 658 2479 Bas.
664 2457 928 2490 ,παρανομων
952 2445 1025 2477 VW
1186 2444 1243 2479 13.
1290 2440 1510 2486 παραχρῆμ’
1535 2442 1578 2484 Ε,
1602 2453 1680 2476 cae—

299 2491 367 2525 teri
389 2491 615 2540 παραχρῆμα
797 2491 853 2524 18.
902 2491 1073 2535 Λαμίαν]
1099 2487 1232 2531 Λάμαν
1258 2490 1304 2531 V,
1331 2487 1467 2533 λάμιαν
1491 2489 1519 2522 Ε

298 2537 356 2571 19.
406 2532 642 2582 ἀποκρίσεις]
667 2533 883 2579 υποκρίσεις
902 2538 985 2571 Bas.
1157 2535 1212 2570 2-5
1263 2534 1535 2579 δημοκρατίας]
1561 2534 1678 2576 δημο

297 2584 470 2626 κρατείας
493 2595 612 2618 onmes
763 2583 820 2617 26.
860 2581 958 2628 aad]
992 2580 1067 2617 ἀπὸ
1101 2583 1166 2627 τῆς
1198 2583 1259 2615 Fv
1265 2583 1305 2615 W
1444 2582 1501 2614 27.
1542 2580 1674 2623 πλείω]

300 2630 410 2663 immo
434 2631 558 2664 πλεῖον
707 2629 753 2673 δρ
734 2630 884 2674 ραχμιόν
910 2630 1115 2673 διςχιλίων]
1138 2629 1214 2663 τῶν
1240 2628 1335 2675 (τοῖ.
1329 2628 1344 2650 ³
1369 2628 1470 2670 HV)
1496 2626 1677 2670 διςχιλίων

300 2677 475 2720 δραχμῶν
508 2675 615 2709 Fvw
800 2674 855 2709 28.
904 2674 1025 2719 εἶναι]
1059 2686 1098 2709 τε
1130 2675 1160 2709 F
1352 2674 1409 2708 33.
1457 2674 1530 2707 τῶν
1558 2684 1625 2705 om
1647 2671 1678 2704 F

388 2722 534 2766 μυρίων
553 2721 783 2755 Bonamious:
809 2721 891 2754 libri
906 2722 1110 2767 διςμυρίων
1248 2719 1307 2755 35.
1330 2719 1413 2753 libri
1429 2718 1606 2762 ἐννακιςχ.

390 2768 448 2804 36.
484 2770 549 2814 τῆς
565 2765 704 2813 χώρας]
726 2767 850 2813 χώρας
865 2767 990 2802 'FB-hs
1057 2768 1059 2770 ’
1128 2765 1186 2802 37.
1220 2765 1421 2811 εἰάθησαν]
1441 2764 1628 2809 εἰώθησαν
1650 2764 1678 2796 V
