1820 3249
531 194 962 238 L113.xv111.cA
972 193 1018 236 Ρ.
1048 196 1119 238 22.
1403 195 1515 238 1279

139 311 184 365 ἐξ
209 309 377 381 ἐφόδου
404 307 728 380 χειρωσάμενοι,
757 307 832 352 καὶ
861 306 964 359 τοὺς
993 307 1194 364 ἡβῶντας
1213 305 1514 362 κατασφάξαν-

138 385 233 420 τες,
284 367 387 418 τοὺς
416 365 457 410 δ’
489 365 650 417 ἄλλους
679 365 1171 437 ἐξανδραποδισάμενοι,
1211 363 1511 410 κατέσκαψαν·

136 427 220 481 τήν
249 426 294 470 δὲ
321 429 409 468 τῶν
436 421 691 476 Ἰσαυρέων,
731 416 870 465 οὖσαν
900 421 1066 493 ὀχυρὰν
1094 422 1168 465 καὶ
1199 421 1411 477 μεγάλην,
1453 420 1514 464 ἔτι

140 483 189 527 66
227 480 483 550 πλήθουσαν
514 479 710 535 ἀλκίμων
741 477 934 532 ἀνδρῶν,
985 479 1053 521 ἐπὶ
1091 479 1171 535 μὲν
1206 478 1387 535 ἡμέραις
1429 478 1511 520 δύο

140 536 533 609 πολιορκήσαντες
545 537 751 591 ἐνεργῶς,
800 537 874 579 καὶ
905 534 1099 606 πολλους
1127 539 1216 578 τῶν
1245 537 1370 578 ἰδίων
1399 533 1513 577 άπο-
1545 545 1625 585 100

139 594 357 666 βαλόντες,
392 592 683 650 ἀνεχώρησαν.
744 593 789 635 οῖ
816 592 899 661 γάρ
932 592 1130 648 ἐγχώριοι
1160 596 1296 645 βελῶν
1325 591 1397 635 καὶ
1426 595 1515 634 τῶν

139 651 284 696 ἄλλων
311 654 400 695 τῶν
428 651 541 721 πρὸς
562 652 820 704 πολιορκίαν
843 648 1095 706 ἀνηκόντων
1118 648 1421 704 εὐποροῦντες
1453 649 1515 692 ἐτι

138 709 186 752 δὲ
213 713 307 760 ταῖς
322 714 493 777 ψυχαῖς
514 706 807 762 ὑπομένοντες
823 707 872 750 τὸ
895 707 1040 750 δεινὸν
1059 710 1386 760 παραστατικῶς
1405 705 1516 748 ἑτοί-

136 782 228 821 μως
255 764 365 820 νπὲρ
391 769 472 836 τῆς
500 764 748 820 ἐλευθερίας
778 763 1073 819 ἀπέθνησκον.
1125 780 1183 834 τῃ
1205 762 1250 806 66
1274 779 1396 819 τριτη
1413 767 1515 805 πολ
1545 772 1571 814 5

137 826 228 865 λων
266 822 347 878 μὲν
377 820 687 892 ἀνῃρημένων,
725 825 815 864 τῶν
855 821 900 864 66
938 822 1091 876 τειχῶν
1121 819 1300 870 ἐλλιπεῖς
1331 819 1517 873 ἐχόντων

135 878 214 930 τοὶς
244 879 443 935 φυλακάς
474 879 545 922 διὰ
575 879 652 935 τὴν
683 878 840 922 σπάνιν
868 882 957 921 τῶν
987 878 1184 936 ἀνδρῶν,
1216 877 1517 946 ἐπετελέσαντο

137 938 297 1006 πρᾶξιν
339 938 382 979 οι
419 936 528 979 κατα
568 936 648 991 τὴν
685 934 877 978 πόλινν
843 933 1048 1003 ἡρωικην
1078 935 1149 978 καὶ
1164 951 1348 1008 μνημης
1378 932 1516 985 ἀξίαν.

138 990 328 1064 ὁρῶντες
344 992 444 1065 γὰρ
474 991 772 1063 ἀπαραίτητον
803 994 943 1035 οὐσαν
972 994 1052 1046 την
1081 990 1176 1035 κατ’
1214 991 1361 1034 αὐτῶν
1390 1006 1518 1046 τιμω-

138 1052 255 1103 ρίαν,
285 1049 359 1093 καὶ
390 1049 580 1120 δύναμιν
612 1048 695 1093 οὐκ
725 1050 891 1118 ἔχοντες
921 1047 1157 1117 ἀξιόχρεων
1183 1048 1264 1117 τὴν
1296 1046 1411 1119 άμυν
1415 1047 1515 1102 ομέ-
1546 1054 1599 1094 10

135 1122 242 1176 νην,
293 1106 342 1149 τό
382 1107 461 1162 μὲν
500 1106 726 1162 ἐγχειρίσαι
764 1122 844 1176 την
881 1104 1010 1148 πόλιν
1039 1106 1112 1149 καὶ
1141 1122 1195 1148 τα
1223 1103 1321 1149 κατ’
1353 1102 1516 1155 αὐτους

137 1161 361 1216 ἐπιτρέψαι
389 1167 481 1214 τοῖς
510 1164 732 1234 πολεμίοις
762 1162 844 1205 οὐκ
874 1161 1072 1215 ἔκριναν,
1122 1162 1348 1218 ἐμφανοῦς
1381 1161 1517 1231 οὔσης

135 1222 213 1274 τῆς
241 1217 342 1287 μεθ’
373 1219 543 1288 ὕβρεως
571 1222 799 1289 τιμωρίας·
829 1219 989 1270 νυκτὸς
1019 1218 1063 1289 6’
1095 1217 1384 1275 ὁμοθυμαδὸν
1404 1219 1516 1272 πρὸς

90 1324 94 1328 ,
135 1277 214 1319 τόν
241 1274 396 1332 εὐγενῆ
423 1275 622 1320 θάνατον
650 1275 947 1350 ὁρμήσαντες,
985 1274 1116 1319 τέκνα
1146 1276 1226 1331 μὲν
1257 1276 1331 1319 καὶ
1359 1280 1516 1330 γυναῖ-

136 1349 216 1383 κας
251 1334 324 1376 καὶ
360 1338 503 1403 γονεῖς
542 1335 601 1385 εἷς
637 1350 714 1384 τας
753 1334 892 1384 οἰκίας
931 1332 1222 1388 ἐγκλείσαντες
1260 1332 1515 1389 ἐνέπρησαν,
1545 1335 1599 1379 15

135 1388 291 1433 κοινὸν
319 1390 516 1433 θάνατον
545 1390 618 1434 καὶ
638 1390 792 1460 τάφον
822 1389 895 1434 δια
924 1394 1005 1433 τοῦ
1026 1389 1167 1444 πυρός
1189 1389 1398 1462 ἑλόμενοι.
1437 1393 1515 1445 τῆς

139 1445 185 1516 66
214 1445 378 1502 φλογὸς
408 1447 534 1504 άφνω
563 1446 674 1501 πρὸς
701 1447 815 1498 ὕψος
844 1446 1093 1515 αἰρομένης,
1131 1464 1174 1491 οι
1203 1447 1282 1503 μὲν
1306 1446 1517 1500 Ἰσαυρεῖς

136 1503 190 1546 τὰ
219 1503 412 1559 κτήματα
441 1505 515 1547 καὶ
546 1503 690 1547 πάντα
719 1503 770 1547 τὰ
802 1503 1024 1558 δυνάμενα
1043 1509 1134 1556 τοῖς
1149 1508 1387 1559 κρατοῦσιν
1406 1520 1518 1560 ωφε-

136 1561 251 1610 λείας
287 1560 550 1616 παρέχεσθαι
588 1564 648 1618 τῷ
679 1561 786 1630 πυρὶ
813 1561 1086 1631 παρέβαλον·
1142 1563 1186 1604 οἱ
1223 1561 1269 1604 66
1307 1562 1405 1614 περὶ
1439 1562 1518 1604 τόν
1546 1568 1603 1607 20

136 1618 385 1670 Περδίκκαν
399 1605 702 1687 θαυμάσαντες
716 1618 765 1687 τό
787 1617 1026 1687 γενόμενον
1043 1618 1326 1674 περιέστησαν
1347 1635 1428 1673 την
1448 1620 1519 1662 δύ-

95 1692 98 1699 ’
135 1689 269 1728 ναμιν
297 1675 371 1717 καὶ
400 1675 510 1718 κατὰ
538 1675 681 1717 πάντα
710 1674 849 1718 τόπον
879 1673 1102 1744 ἐβιάζοντο
1132 1680 1433 1744 παρειςπεσεῖν
1459 1676 1520 1725 εἰς

135 1729 216 1786 τήν
235 1729 376 1774 πόλιν.
405 1748 494 1775 των
519 1731 563 1775 δ’
583 1732 805 1787 ἐγχωρίων
826 1729 911 1774 άπὸ
930 1735 1018 1775 τῶν
1040 1736 1193 1802 τειχῶν
1215 1729 1519 1805 ἀμυνομένων,

135 1787 210 1831 καὶ
237 1786 431 1839 πολλοὺς
458 1792 546 1831 τῶν
575 1788 851 1832 Μακεδόνων
879 1789 1266 1858 καταβαλλόντων,
1313 1788 1374 1832 ἔτι
1403 1793 1520 1859 μᾶλ-

136 1847 218 1886 λον
249 1842 272 1887 6
304 1846 551 1900 Περδίκκας
581 1843 991 1917 καταπληττόμενος
1013 1844 1148 1902 ἐζητει
1176 1863 1256 1901 την
1286 1847 1429 1889 αἰτίαν
1452 1842 1515 1888 δι’
1545 1853 1603 1896 25

136 1898 195 1954 ’ἠν
224 1902 269 1943 οἱ
304 1901 383 1952 τοὶς
420 1903 561 1953 οἰκίας
589 1903 662 1946 καὶ
689 1902 742 1946 τὰ
771 1902 902 1946 λοιποὶ
931 1900 1073 1945 πάντα
1102 1907 1163 1961 τῷ
1192 1903 1301 1955 πυρὶ
1330 1904 1522 1955 παραδε-

139 1957 326 2008 δωκότες
363 1960 601 2014 φιλοτίμως
636 1957 687 2002 τὰ
725 1961 840 2016 τείχη
871 1948 1154 2029 φυλάττουσι.
1213 1959 1334 2011 τέλος
1364 1959 1410 2003 66
1439 1962 1521 2002 τοῦ

138 2015 388 2084 Περδίκκου
408 2015 482 2058 καὶ
509 2031 598 2058 των
628 2017 905 2060 Μακεδόνων
935 2015 1022 2060 ἀπὸ
1031 2021 1129 2087 τῆς
1159 2015 1326 2067 πόλεως
1348 2014 1516 2072 άποχω-

139 2071 391 2126 ρησάντων,
434 2088 478 2115 οι
504 2070 711 2127 Ἰσαυρεῖς
740 2075 800 2125 εἰς
825 2073 874 2117 τό
905 2077 993 2128 πῦρ
1025 2073 1208 2124 ἑαυτοὺς
1239 2074 1440 2128 ρίψαντες
1468 2073 1515 2116 ἐν
1544 2083 1598 2123 30

137 2131 231 2178 ταῖς
270 2128 428 2179 οἰκίαις
465 2129 772 2198 συνετάφησαν
805 2136 896 2182 τοῖς
935 2132 1123 2182 οἰκείοις.
1186 2132 1433 2183 Περδίκκας
1467 2130 1514 2174 δὲ

137 2184 297 2236 νυκτὸς
327 2184 586 2257 διελθούσης
614 2187 748 2231 ἔδωκε
775 2192 868 2238 τοῖς
896 2186 1179 2241 στρατιώταις
1208 2187 1288 2242 τὴν
1305 2186 1435 2231 πόλιν
1456 2189 1516 2238 εἰς

139 2240 395 2299 διαρπαγήν.
453 2237 580 2288 οὗτοι
618 2244 665 2288 δὲ
702 2261 783 2303 την
817 2243 962 2302 φλόγα
996 2243 1341 2302 κατασβέσαντες
1373 2244 1518 2288 πολύν

139 2383 196 2419 96.
220 2385 498 2444 κακοὺς-97.
517 2389 997 2449 ἐξανδραποδισάμενοιοηι.
1009 2392 1092 2427 Bas.
1229 2390 1383 2433 ἐλλιπεῖς
1395 2402 1515 2427 omnes

140 2431 198 2465 1⁰.
230 2430 426 2479 ἀξιόχρεων
448 2439 683 2483 FQTXYVV,
707 2439 834 2473 caeteri
866 2436 1061 2484 ἀξιόλογον
1198 2439 1256 2473 ll.
1297 2438 1511 2484 ἐγχειρίσαι]

141 2476 362 2536 ἐγχειρῆσαι
375 2481 422 2515 W
601 2485 658 2519 12.
705 2489 784 2525 τοῖς
814 2487 1026 2530 πολεμίοις]
1058 2483 1148 2525 τους
1169 2488 1368 2529 πολεμίους
1392 2487 1422 2520 F

233 2524 289 2558 17.
337 2522 469 2574 αφνω]
506 2527 680 2574 ἐμφανως
711 2532 853 2576 FQVW
1039 2531 1264 2578 αἰρομένης]
1308 2530 1515 2577 φερομένης

140 2569 281 2613 FQVW
463 2574 517 2610 19.
563 2577 795 2632 παρέβαλον]
831 2577 1062 2636 παρέβαλλον
1094 2579 1123 2612 F
1314 2580 1372 2613 2⁰.
1420 2581 1516 2620 Περ·

142 2616 273 2650 δίκκαν
302 2617 368 2651 ΤΧ
396 2618 500 2662 Bas„
545 2625 677 2658 caeteri
707 2624 839 2659 addunt
875 2623 1001 2666 ὄντες.
1048 2625 1139 2667 quod
1172 2624 1337 2659 asterisco
1380 2623 1516 2659 notavit

142 2662 339 2718 Stfll’lffimss
519 2666 576 2703 '’4-
622 2669 952 2726 καταβαλλόντων]
976 2668 1260 2726 ἀποβαλλόντων
1284 2672 1361 2705 ‘W

141 2707 200 2743 26.
246 2705 292 2744 τοὶ
314 2707 449 2768 λοιπα]
479 2709 516 2746 τ’
540 2711 630 2750 ἄλλα
653 2715 776 2752 πάντα
799 2718 830 2751 F
996 2718 1052 2751 29.
1102 2717 1153 2758 εἰς
1175 2714 1219 2752 τὰ
1243 2719 1317 2761 πῦρ
1342 2713 1513 2760 ἐαυτονς]

142 2753 299 2796 ἑαυτους
321 2755 371 2796 εἰς
393 2755 434 2793 τὸ
466 2758 539 2803 πῦρ
570 2760 602 2793 F
785 2763 842 2801 30.
889 2763 1061 2819 οἰκείοις]
1091 2764 1222 2806 οἰκίοις
1251 2765 1332 2800 Bas.

232 2801 290 2838 31·
336 2805 416 2844 τοῖς
447 2805 708 2855 στρατιώταις]
746 2808 837 2852 τούς
871 2822 1096 2856 στρατιωτας
1125 2810 1158 2845 F
1344 2809 1403 2846 32.
1447 2806 1516 2854 τὴν

143 2845 287 2894 φλόγα]
321 2847 442 2896 φλόγα
463 2851 546 2887 Bas.
