1820 3249
628 198 742 242 LIB.
792 199 891 242 XV.
1338 202 1452 244 1569

54 315 232 352 „ineunda
259 317 307 352 sit
333 327 419 351 cum
447 315 549 350 hoste
577 316 827 350 numerosiore
851 317 1100 352 Boeotarchae
1126 330 1291 365 pugnam
1321 320 1450 355 decer·

72 380 176 411 nunt.
212 375 377 408 militum
405 373 558 415 animos,
587 373 828 418 auguriorum
858 376 1118 420 superstitione
1147 376 1331 421 impletos,
1357 378 1451 422 Epa-

73 431 268 465 minondas
305 430 401 464 fictis
445 428 653 463 rumoribus
700 429 901 474 prudenter
939 433 1035 478 regit
1076 429 1178 480 [53.].
1250 434 1453 468 Leandrias

74 488 175 521 exsul
213 488 410 533 Spartanus
451 486 644 532 antiquum
686 486 878 520 oraculum
916 488 962 522 de
1001 490 1189 534 Spartanis
1224 490 1270 524 ad
1292 490 1452 525 ‘Leuctri

73 544 263 578 tumulum
292 542 502 589 subigendis
534 543 705 588 proferre
734 543 892 578 iubetur.
924 545 998 579 alia
1027 546 1188 580 afferunt
1218 547 1453 581 oraculorum

75 601 302 646 interpretes.
338 602 388 634 ita
428 599 566 633 milites
603 600 650 633 ad
693 600 937 646 pugnandum
975 602 1270 638 inflammantur.
1343 605 1456 638 Iason

73 657 271 692 Thessalus
313 668 381 702 per
423 656 592 691 inducias
631 667 711 690 rem
760 656 934 691 dirimere
970 659 1111 693 suadet.
1166 660 1228 693 sed
1267 661 1457 694 Lacedae-

75 713 191 747 monii
222 713 326 747 novis
369 714 484 758 copiis
522 713 644 756 aucti,
682 713 801 747 aciem
843 713 888 747 ad
918 715 1102 758 proelium
1131 716 1318 751 instruunt
1353 714 1456 764 [54.].

75 781 222 816 pugnae
251 770 345 804 ratio
376 770 420 804 ab
453 776 611 816 utraque
640 777 744 815 parte
774 770 1004 805 describitur.
1035 772 1237 806 inclinatur
1266 774 1364 807 acies
1386 775 1454 807 La-

76 826 426 870 cedaemoniorum,
466 826 674 873 horumque
709 838 771 860 rex
817 827 1076 862 Cleombrotus
1123 829 1306 863 occiditur
1355 827 1457 877 [55.].

77 894 225 929 pugnae
254 883 300 917 ad
329 884 490 917 Leuctra
519 883 635 917 exitus
661 884 963 918 Lacedaemoniis
995 885 1182 921 exitiosus.
1230 886 1458 931 Epaminon-

78 939 146 974 dae
177 945 214 974 et
239 940 504 976 Thebanorum
533 940 669 975 eximia
698 940 852 974 victoria
882 938 980 989 [56].
1010 948 1093 987 post
1118 953 1281 988 pugnam
1298 943 1344 977 ad
1363 943 1459 976 Leu-

79 1003 159 1030 ctra
190 994 359 1041 Thebani
400 997 739 1031 Orchomeniorum
778 998 909 1032 urbem
945 1004 1181 1043 oppugnant3
1221 999 1336 1045 ipsos,
1374 1010 1461 1032 mox

78 1053 284 1089 Phocenses
302 1053 521 1098 Aetolosque
545 1054 662 1087 socios
692 1054 891 1099 accipiunt.
929 1056 1035 1088 Iason
1057 1056 1307 1090 Pheraeorum
1336 1062 1461 1101 tyran-

79 1122 148 1144 nus
175 1110 372 1144 Locridem
401 1110 505 1155 petit,
535 1110 760 1145 Heracleam
791 1117 923 1154 vastat,
957 1112 1215 1146 Perrhaebiam
1244 1113 1462 1159 ingreditur.

80 1166 189 1213 Argis
228 1166 358 1200 seditio
399 1173 436 1200 et
465 1167 593 1200 caedes
633 1167 815 1201 immensa
847 1168 1056 1212 scytalismo
1087 1169 1188 1203 facta
1225 1165 1326 1217 [57.].
1356 1169 1465 1214 plura

81 1224 128 1257 de
157 1223 267 1256 caede
295 1223 519 1269 Argivorum
540 1223 586 1257 ob
604 1223 751 1269 plebem
782 1224 1039 1258 exacerbatam
1066 1225 1105 1259 in
1136 1226 1334 1271 optimates
1364 1223 1464 1273 [58.].

81 1280 213 1314 turbae
244 1285 280 1313 et
316 1280 443 1313 caedes
471 1280 570 1314 inter
601 1280 760 1314 Arcades
798 1281 978 1315 excitatae
1008 1294 1029 1315 a
1057 1282 1268 1327 Lycomede
1298 1284 1464 1328 Tegeata

83 1333 186 1384 [59.].
233 1335 398 1371 Thessali
431 1342 582 1371 auctore
617 1337 748 1371 Iasone
788 1338 949 1371 Pheraeo
987 1338 1239 1384 principatum
1281 1339 1464 1373 Graeciae

82 1399 273 1438 appetunt.
331 1393 403 1428 Hic
431 1405 544 1428 annus
578 1394 702 1428 fatalis
732 1400 810 1428 erat
838 1395 955 1429 tribus
983 1396 1145 1441 regibus,
1174 1397 1354 1441 Amyntae
1383 1395 1464 1441 regi

83 1449 339 1493 Macedoniae,
360 1450 584 1496 Agesipolidi
613 1451 694 1497 regi
723 1450 1119 1494 Lacedaemoniorum,
1140 1452 1260 1486 Iasoni
1287 1452 1465 1487 Pheraeo,
1481 1478 1548 1513 102

83 1507 199 1541 Duris
238 1506 380 1542 Samius
410 1507 585 1541 historiae
614 1509 777 1542 Graecae
816 1508 861 1541 ab
899 1509 938 1543 h.
974 1519 1033 1541 an.
1068 1508 1217 1542 initium
1246 1509 1335 1542 fecit
1366 1506 1464 1556 [60.].
1495 1533 1518 1570 4
1551 1505 1557 1512 '

84 1563 207 1598 Iasoni
248 1563 413 1597 succedit
452 1564 670 1609 Polydorus;
709 1564 796 1598 huic
832 1565 939 1598 brevi
979 1565 1198 1607 interemto,
1239 1566 1466 1599 Alexander:
1520 1560 1528 1570 ⁸

85 1632 199 1666 quem
218 1619 404 1654 Aleuadae
425 1620 601 1654 advocato
631 1633 719 1667 rege
733 1621 973 1655 Macedoniae
1003 1622 1048 1655 ob
1070 1622 1329 1655 crudelitatem
1348 1621 1466 1656 Thes—

85 1677 249 1712 salorum
284 1683 384 1710 terra
414 1678 603 1722 expellunt
634 1674 734 1727 [61.].
782 1678 1095 1712 Lacedaemonios
1135 1679 1232 1723 apud
1261 1678 1469 1712 Orchome-

86 1745 162 1768 non
200 1733 355 1767 Arcades
392 1734 536 1779 proelio
577 1735 749 1769 fundunt.
809 1735 967 1769 Arcades
995 1735 1178 1769 Thebanis
1215 1735 1333 1768 iuncti
1362 1736 1471 1780 Spar—

85 1796 167 1824 tam
206 1790 381 1824 invadere
411 1791 636 1825 constituunt
668 1788 768 1838 [62].
798 1791 873 1825 iam
902 1792 1028 1838 itaque
1057 1792 1339 1826 Lacedaemonii
1367 1792 1471 1826 attri-

86 1847 133 1881 tis
163 1847 294 1892 opibus
329 1853 365 1881 et
403 1847 619 1881 abalienatis
659 1849 768 1882 sociis
805 1848 1084 1882 Atheniensium
1124 1849 1306 1882 auxilium
1335 1849 1469 1893 implo-

86 1909 194 1937 rant:
223 1904 263 1938 hi
292 1915 379 1938 vero
400 1904 641 1950 pristinarum
669 1904 891 1940 iniuriarum
921 1905 1027 1939 obliti
1056 1905 1215 1939 libenter
1233 1905 1467 1940 subveniunt.

87 1960 364 2006 Epaminondas
389 1955 427 1994 in
445 1962 672 1995 Laconicam
699 1961 882 2007 impetum
910 1961 1001 1995 facit
1021 1962 1292 2007 quadripartito
1321 1961 1470 2008 agmine

91 2013 191 2064 [63.].
219 2024 395 2062 quattuor
425 2018 688 2052 Thebanorum
717 2018 866 2064 agmina
896 2019 1028 2064 quibus
1059 2018 1150 2052 Iocis
1180 2019 1220 2052 in
1243 2018 1469 2053 Laconicam

88 2074 293 2118 irruperint
320 2073 552 2110 describitur.
581 2074 742 2109 Ischolas
770 2076 880 2109 tertio
911 2074 1054 2122 agmini
1082 2075 1267 2121 oppositus
1302 2081 1344 2108 ut
1374 2075 1469 2108 alter

89 2131 272 2165 Leonidas
312 2131 521 2165 celebratur
553 2128 651 2180 [64.].
685 2132 852 2177 quamvis
888 2132 1038 2166 fortiter
1067 2132 1318 2166 resistentibus
1350 2132 1468 2165 Lace-

91 2187 294 2221 daemoniis
345 2188 614 2232 Epaminondas
664 2194 787 2222 totum
836 2189 1039 2223 exercitum
1084 2188 1132 2222 ad
1179 2188 1468 2234 oppugnandam

91 2244 263 2288 Spartam
292 2244 489 2279 convertit.
528 2245 621 2278 nihil
648 2245 863 2290 proficiens,
895 2245 1029 2280 omissa
1056 2245 1149 2279 urbe
1174 2251 1317 2279 terram
1347 2244 1469 2291 depo-

91 2300 239 2345 pulatus
275 2312 363 2334 cum
400 2312 536 2347 magna
575 2301 713 2347 praeda
752 2302 793 2335 in
830 2302 1029 2336 Arcadiam
1067 2313 1105 2335 se
1142 2301 1285 2348 recipit.
1325 2301 1470 2336 interea

84 2356 375 2392 Lacedaemonii
403 2359 605 2392 contractis
631 2359 736 2392 novis
765 2359 881 2403 copiis
917 2358 963 2392 ad
991 2358 1162 2394 futurum
1191 2364 1380 2394 certamen
1412 2358 1471 2392 in-

92 2413 306 2448 structiores
341 2420 428 2448 sunt
467 2411 566 2463 [65.].
613 2415 890 2460 Epaminondas
926 2426 1013 2449 vero
1042 2416 1240 2450 Messenen
1270 2416 1334 2450 diu
1363 2414 1469 2449 deso-

91 2469 221 2516 latam,
249 2481 348 2504 uunc
376 2471 598 2517 expeditioni
625 2483 712 2507 suae
740 2478 999 2517 opportunam,
1015 2483 1162 2506 summo
1180 2471 1302 2507 studio
1330 2472 1469 2507 instau-

92 2531 162 2560 rat.
198 2526 416 2573 Digreditur
442 2528 637 2563 historicus
665 2529 703 2562 in
733 2529 831 2563 urbis
860 2529 1050 2563 Messenae
1079 2529 1357 2572 vicissitudines,
1378 2539 1468 2574 quas

93 2593 161 2628 per
190 2584 345 2618 modum
373 2584 525 2629 episodii
552 2585 769 2632 singulatim
799 2591 1069 2620 commemorat
1092 2582 1190 2635 [66.].
1210 2592 1292 2632 post
1319 2585 1467 2621 Theba·

94 2650 230 2674 norum
267 2641 466 2675 discessum
503 2641 786 2677 Lacedaemonii
832 2648 870 2677 et
907 2642 1143 2677 Athenienses
1192 2642 1238 2677 de
1276 2641 1468 2676 communi

94 2700 218 2731 terrae
245 2697 431 2742 marisque
459 2697 614 2744 imperio
649 2701 897 2745 paciscuntur.
953 2699 1111 2733 Arcades
1139 2699 1233 2735 duce
1260 2698 1470 2745 Lycomede

95 2752 272 2788 Pallenen
300 2754 504 2789 Laconicae
534 2763 745 2802 expugnant
782 2762 819 2789 et
846 2755 932 2790 inde
960 2756 1138 2802 praedam
1167 2761 1294 2802 agunt.
1339 2754 1471 2788 Boeoti

96 2820 119 2843 a
151 2809 334 2845 Thessalis
366 2811 534 2845 advocati
572 2812 611 2845 in
650 2812 897 2847 Alexandrum
933 2813 1136 2848 Pheraeum
1175 2813 1269 2847 duce
1296 2810 1470 2857 Pelopida

1111 2869 1195 2908 loo

1472 913 1551 948 102.

1489 970 1524 1005 3.
