1820 3249
453 107 566 152 LlB.
595 104 723 148 xvss.
785 105 914 148 GAP.
943 108 1010 148 61
1041 102 1467 148 62.1195

95 218 406 291 ὁρμησάντων,
453 219 527 263 καὶ
570 234 659 262 των
699 218 975 261 Μακεδόνων
1008 235 1114 269 τους
1152 216 1360 272 ἐσχάτους
1401 215 1467 259 άεὶ
1496 213 1551 256 50

93 278 377 330 κτεινόντων,
425 275 532 332 ταχύ
562 279 647 326 πᾶς
679 273 702 318 ὁ
733 277 918 330 πλησίον
949 280 1029 318 τοῦ
1058 277 1213 318 πεδιου
1242 273 1376 323 τόπος
1404 290 1471 316 νε-

95 339 215 389 κρῶν
247 331 490 403 ἐπληρώθη.
552 332 620 376 διὸ
660 332 734 375 καὶ
772 336 858 374 τῶν
897 331 1135 388 βαρβάρων
1174 331 1221 374 έν
1251 329 1386 386 ταύτη
1417 347 1469 386 τη

93 391 206 448 μάχῃ
233 389 530 445 κατεκόπησαν
561 391 603 432 οἱ
631 389 786 440 πάντες
817 391 956 439 ἱππεῖς
985 405 1029 432 τε
1059 390 1133 432 καὶ
1154 388 1272 440 πεζοὶ
1292 388 1470 436 πλείους

93 454 183 490 τών
222 447 345 490 ἐννέα
381 448 625 502 μυριάδων·
673 450 762 489 τῶν
800 446 845 489 δὲ
875 446 1152 489 Μακεδόνων
1190 444 1470 501 ἀνῃρέθησαν

95 505 173 559 μὲν
203 507 258 555 εἰς
289 506 626 554 πεντακοσίους,
674 505 938 558 τραυματίαι
969 502 1014 546 δ’
1044 503 1245 572 ἐγένοντο
1276 500 1524 570 παμπλη-5

94 567 209 613 θεῖς,
257 559 302 603 ἐν
342 558 408 610 οἷς
447 561 520 604 καὶ
554 576 642 603 των
680 559 1033 615 ἐπιφανεστάτων
1062 558 1290 625 ηγεμόνων
1321 555 1473 612 Ἡφαι-

95 620 225 662 στίων
253 633 331 672 μεν
360 619 418 668 εἰς
445 617 525 660 τόν
555 619 767 672 βραχίονα
797 620 937 673 ξυστῷ
967 617 1142 672 βληθεὶς
1166 613 1350 684 ἐτρώθη,
1384 629 1474 655 των

96 675 482 729 σωματοφυλάκων
510 672 774 730 ἡγούμενος,
804 678 892 717 τῶν
923 673 968 717 δὲ
1002 686 1256 728 στρατηγων
1290 672 1474 723 Περδίκ-

95 747 175 782 κας
215 731 289 774 καὶ
321 734 486 781 Κοῖνος
532 732 592 773 ε’τι
632 731 678 774 δὲ
720 733 916 801 Μενίδας
953 732 1026 773 καί
1063 746 1174 780 τινες
1213 744 1351 781 ετεροι
1386 730 1475 769 τῶν

19 787 113 827 208’
96 791 325 843 επιφανῶν
351 787 591 843 ἡγεμόνων.
648 786 676 844 ἡ
705 805 785 857 μεν
817 789 899 831 οὐν
928 788 1026 843 περὶ
1044 786 1237 843 ’Ἄρβηλα
1261 783 1473 840 γενομένη
1504 786 1558 825 60

93 844 354 917 παράταξηις
359 849 561 888 τοιοῦτον
594 845 685 914 ε’σχε
713 844 761 888 τό
792 844 936 898 πέρας.

201 900 296 944 Ἐπ’
327 900 539 957 άρχοντος
569 900 613 945 δ’
641 901 875 971 ᾈθήνησιν
889 900 1234 956 Ἀριστοφῶντος
1256 897 1303 941 έν
1328 895 1473 957 Ῥώμῃ
1502 898 1559 937 62

96 957 339 1010 διεδέξαντο
373 974 453 1014 την
481 958 700 1029 υπατικήν
730 958 866 1027 άρχην
896 958 1030 1030 Γάϊος
1059 957 1271 1010 Δομέτιος
1291 955 1364 997 καὶ
1387 951 1474 996 Αὖ-

94 1019 170 1065 λος
200 1013 457 1082 Κορνήλιος.
516 1014 586 1057 ἐπι
617 1015 661 1057 δὲ
691 1015 860 1057 τούτων
890 1017 948 1065 εἰς
979 1029 1058 1069 την
1083 1011 1266 1056 Ελλάδα
1283 1015 1356 1066 τῆς
1376 1010 1474 1064 περὶ
1504 1010 1558 1051 65

83 1068 277 1126 ’Ἀρβηλα
290 1069 439 1141 μάχης
459 1072 750 1127 διαδοθείσης,
779 1072 936 1113 πολλαὶ
966 1075 1055 1113 τῶν
1086 1068 1269 1115 πόλεων,
1297 1066 1476 1124 ὑφορώ-

96 1143 223 1183 μεναι
251 1128 332 1184 τὴν
362 1127 544 1196 αὔξησιν
571 1132 659 1171 τῶν
678 1126 968 1176 Μακεδόνων,
1000 1127 1208 1182 ε’γνωσαν,
1240 1124 1320 1175 ἕως
1341 1125 1402 1167 ε’τι
1424 1141 1477 1167 τα

99 1187 284 1238 Περσῶν
311 1183 543 1255 πράγματα
572 1184 783 1240 διαμένει,
823 1189 898 1240 τῆς
929 1184 1177 1237 ἐλευθερίας
1207 1180 1474 1237 ἀντέχεσθαι.

96 1240 335 1297 βοηθήσειν
369 1242 454 1297 γάρ
485 1243 634 1293 αὐτοῖς
667 1246 880 1295 Δαρεῖον,
932 1241 1007 1285 καὶ
1032 1239 1264 1296 χρημάτων
1294 1255 1338 1281 τε
1367 1241 1476 1294 πλῆ-

96 1302 180 1348 θος
208 1298 466 1355 χορηγήσειν
500 1299 612 1353 πρὸς
649 1298 700 1342 τὸ
738 1299 958 1342 δύνασθαι
987 1298 1154 1348 ξενικάς
1183 1295 1371 1364 μεγάλας
1402 1297 1474 1338 δυ-
1503 1297 1558 1335 70

96 1353 246 1409 νάμεις
276 1359 576 1403 συνίστασθαι,
603 1356 675 1398 καὶ
705 1355 782 1398 τὸν
809 1355 1088 1409 Ἀλέξανδρον
1118 1354 1174 1423 μὴ
1206 1351 1476 1408 δυνησεσθαι

100 1413 284 1464 διαιρεῖν
309 1413 382 1462 τὰς
410 1411 627 1468 δυνάμεις.
669 1414 704 1454 εἰ
723 1412 768 1455 δε
786 1414 1070 1466 περιόψονται
1087 1428 1191 1461 τους
1214 1410 1384 1464 Πέρσας
1403 1425 1476 1452 κα-

98 1471 489 1538 ταπολεμηθέντας,
522 1469 861 1524 μονωθήσεσθαι
884 1468 987 1519 τούς
1001 1467 1213 1523 Έλληνας
1236 1467 1307 1510 καὶ
1329 1467 1479 1522 μηκέτι

101 1523 377 1596 δυνήσεσθαι
394 1527 628 1596 φροντίσαι
648 1531 722 1581 τῆς
751 1526 917 1569 ἓαυτων
939 1525 1198 1579 ἐλευθερίας.
1247 1523 1480 1593 προεκαλέ-
1508 1521 1563 1562 75

100 1593 205 1625 σατο
229 1583 275 1626 δὲ
293 1581 402 1637 πρὸς
424 1582 504 1639 τὴν
523 1582 765 1626 ἀπόστασιν
790 1583 892 1632 τοὺς
903 1582 1117 1637 Έλληνας
1137 1598 1209 1624 και
1234 1580 1255 1624 6
1277 1580 1376 1633 περὶ
1399 1596 1481 1635 την

103 1638 283 1708 Θράκην
323 1639 609 1694 νεωτερισμός
647 1656 757 1682 κατα
796 1639 901 1690 τοὺς
939 1637 1257 1694 ὑποκειμένους
1296 1636 1482 1692 καιρούς

94 1695 343 1750 γενόμενος.
400 1697 595 1750 Μέμνων
623 1696 707 1752 γάρ
735 1695 758 1740 6
788 1695 1110 1749 καθεσταμένος
1143 1693 1378 1749 στρατηγὸς
1403 1698 1482 1763 τῆς

103 1751 293 1824 Θράκης,
324 1752 432 1823 ἔχων
461 1752 650 1807 δύναμιν
681 1753 754 1797 καὶ
785 1751 1069 1823 φρονήματος
1091 1751 1153 1795 ὢν
1179 1750 1356 1821 πλήρης,
1389 1748 1482 1793 ἀνέ-

101 1820 213 1852 σεισε
242 1825 320 1865 μεν
348 1826 455 1860 τους
481 1809 750 1882 βαρβάρους,
789 1808 1031 1879 ἀποστάτης
1061 1809 1108 1852 δὲ
1135 1807 1370 1878 γενόμενος
1399 1810 1482 1850 τοῦ
1512 1808 1565 1848 80

97 1865 393 1938 Ἀλεξάνδρου,
422 1867 495 1910 καὶ
513 1883 620 1922 ταχυ
650 1866 836 1937 μεγάλης
864 1865 1088 1936 δυνάμεως
1116 1864 1363 1918 κυριεύσας,
1396 1880 1482 1919 φα-

100 1928 239 1977 νερῶς
271 1922 578 1974 άπεκαλύψατο
607 1923 716 1978 πρὸς
740 1923 819 1967 τὸν
846 1922 1050 1978 πόλεμον.
1111 1922 1261 1975 διόπερ
1287 1920 1483 1964 Ἀντίπα-

101 1995 205 2034 τρος
233 1983 379 2024 πάσαν
408 1979 642 2051 άναλαβών
670 1981 750 2036 τήν
779 1980 968 2035 δύναμιν
995 1984 1191 2050 προῆλθε
1229 1978 1302 2021 διά
1332 1981 1482 2022 ,Μακε-

103 2039 254 2088 δονίας
287 2038 347 2088 εἰς
380 2036 583 2093 Θράκην,
621 2038 695 2081 καὶ
725 2038 963 2093 διεπολέμει
992 2036 1104 2091 πρὸς
1133 2035 1210 2080 τὸν
1247 2035 1479 2090 Μέμνονα.
1510 2033 1564 2075 85

103 2093 266 2138 τούτου
296 2094 342 2138 δὲ
370 2095 467 2148 περὶ
497 2092 621 2138 ταῦτ’
656 2093 805 2147 ὄντος,
855 2096 899 2137 οἱ
943 2093 1286 2162 Λακεδαιμόνιοι
1324 2091 1481 2146 καιρὸν

104 2150 214 2207 ἔχειν
251 2149 550 2209 ὑπολαβόντες
584 2155 666 2195 τοῦ
703 2151 1125 2208 παρασκευάσασθαι
1163 2148 1215 2194 τά
1251 2148 1364 2205 πρὸς
1402 2148 1482 2193 τὸν

106 2319 164 2354 50.
213 2321 352 2364 Κοῖνος
372 2323 404 2358 Y
429 2323 574 2367 cuspus,
599 2320 738 2363 Κόινος
760 2323 854 2362 Bas„
878 2319 1002 2361 Κὸνος
1024 2322 1065 2364 L,
1089 2319 1234 2364 Κόννος
1256 2321 1332 2366 FQ,
1357 2319 1486 2356 caeteri

107 2367 267 2407 Κθῖνῑος
448 2370 619 2410 Μενίδας
642 2370 715 2413 LQ,
741 2369 871 2404 caeteri
892 2370 1056 2409 Μινίδας

197 2435 278 2470 208.
312 2437 370 2472 60.
415 2438 588 2485 γινομένη
610 2439 653 2481 F,
677 2442 754 2483 post
778 2435 848 2474 ουν
872 2439 970 2482 ponit
992 2439 1075 2472 Bas.
1247 2437 1306 2473 61.
1353 2435 1488 2480 πέρας]

106 2479 207 2522 ’ἕλος
231 2483 321 2527 FLQ
502 2486 561 2521 63.
608 2485 813 2530 Δομέτιος]
836 2485 1037 2528 Δομέττιος
1055 2495 1186 2525 omnen,
1211 2484 1382 2518 Domitius
1402 2484 1489 2516 Cos—

107 2539 172 2570 P¹¹S
327 2529 384 2564 68.
433 2531 596 2576 διαμένει
621 2533 663 2573 F,
690 2532 870 2574 διαμείνει
893 2532 934 2574 L,
959 2531 1087 2565 caeteri
1111 2529 1266 2574 διαμένῃ
1428 2529 1486 2563 69.

108 2573 172 2617 τε]
197 2572 236 2609 δὲ
261 2575 342 2610 Ba⁵³-
525 2578 762 2624 χορηγήσειν]
798 2581 998 2622 παρασχεῖν
1021 2579 1050 2612 L
1235 2576 1293 2610 73-
1316 2575 1373 2610 74.
1419 2586 1488 2619 μο-

107 2620 349 2663 Ψωθήσδσθᾱῑ
370 2620 458 2662 τούς
472 2619 649 2678 Έλληνας
673 2625 735 2661 καὶ
752 2624 878 2669 μηκέτι
897 2623 1126 2669 δυνήσεσθαι
1143 2623 1248 2666 FLQ,
1274 2621 1400 2657 caeteri
1421 2633 1489 2664 μο-

107 2668 297 2709 νωθέντας
319 2665 370 2713 μή
395 2668 622 2713 δυνήσεσθαι
645 2672 851 2714 (δύνασθαι
876 2672 906 2705 Y
928 2672 1029 2713 Bas.)
1179 2667 1334 2714 εαυτῶν]
1362 2665 1488 2704 αυτῶν

106 2712 190 2747 Bas.
372 2714 429 2749 80.
480 2714 691 2764 ἀποστάτης
720 2717 917 2765 γενόμενος
945 2715 1179 2762 Ἀλεξάνδρου
1203 2716 1236 2749 F
1429 2713 1487 2748 82.

107 2755 127 2793 ὁ
151 2757 381 2805 Ἀντίπατρος
404 2759 551 2797 ἅπασαν
575 2765 604 2797 F
