1820 3249
324 135 434 175 1198
677 131 794 173 LIB
823 131 952 173 XVII.
1010 131 1141 173 CAP.
1168 136 1237 176 64.
1271 136 1341 176 65.

322 247 369 290 δὲ
401 247 536 289 ταῦτα
574 244 654 301 τὴν
691 244 770 301 μὲν
799 243 939 299 α’κραν
966 244 1189 300 παρέδωκε
1217 250 1363 303 τηρεῖν
1389 242 1608 301 Ἀγάθωνι
1637 252 1697 305 τῷ

323 305 558 360 Πυδναίῳ,
591 302 805 357 συστήσας
836 302 953 344 αὐτῶ
983 302 1247 373 λὶίΙακεδόνας
1278 302 1544 356 στρατιώτας
1574 304 1695 347 ἕπτα-

319 362 522 410 κοσίους·
552 358 879 412 Ἀπολλόδωρον
910 359 954 401 δὲ
983 359 1060 401 τὸν
1085 357 1394 414 Ἀμφιπολίτην
1419 361 1490 402 καὶ
1512 362 1695 416 Μένητα

237 420 291 458 60
320 418 397 460 τὸν
418 420 633 459 Πελλαῖον
659 414 849 467 ἀπέδειξε
881 415 1145 469 στρατηγοὺς
1163 420 1243 485 τῆς
1258 433 1300 459 τε
1329 419 1594 486 Βαβυλῶνος
1622 419 1696 460 καὶ

319 477 408 517 τῶν
438 477 710 527 σατραπειῶν
739 473 860 527 μέχρι
891 474 1102 521 Κιλικίας.
1165 472 1269 523 δούς
1308 475 1353 516 δὲ
1387 472 1535 523 αὐτοῖς
1564 473 1691 528 οἷργυ
1705 483 1773 518 210

319 532 420 585 ρίου
450 529 639 572 τάλαντα
668 531 782 584 χίλια
811 530 1039 582 προςέταξε
1069 530 1312 584 ξενολογεῖν
1343 529 1607 582 στρατιώτας
1637 547 1696 582 ως

317 589 556 637 πλείστους.
615 585 804 641 Μιθρηι
809 603 833 642 η
865 586 910 628 δὲ
939 589 999 641 τῷ
1030 585 1272 639 παραδόντι
1300 603 1378 642 την
1407 586 1452 629 ἐν
1475 585 1695 641 Σάρδεσιν

233 644 288 686 65
318 643 458 699 ἄκραν
493 642 721 698 Ἀρμενίαν
751 643 921 684 ἔδωκεν.
981 642 1027 684 ἐκ
1058 642 1103 684 δὲ
1132 647 1221 685 τῶν
1251 643 1510 714 ληφθέντων
1538 643 1696 699 χρημά-

315 717 404 745 των
441 704 529 743 τῶν
566 700 644 755 μὲν
684 698 847 769 ἱππέων
883 696 1046 753 εκάστῳ
1075 699 1120 750 εξ
1155 702 1266 753 μνᾶς
1294 699 1567 768 ἐδωρήσατο,
1607 704 1696 743 τῶν

317 759 363 802 δὲ
396 756 633 812 συιιμάχων
669 756 814 806 πέντε,
859 758 948 797 τῶν
977 753 1018 797 δ’
1052 754 1098 796 ἐκ
1128 759 1205 809 τῆς
1240 755 1462 811 φάλαγγος
1493 756 1695 800 [Μακεδό-

315 831 408 858 νων
439 814 546 866 δύο,
594 812 700 864 τούς
730 811 776 855 δὲ
807 811 958 864 ξένους
988 810 1187 868 διμήνοις
1209 817 1508 869 μισθοφοραῖς
1527 813 1696 871 ἐτίμησε

230 899 287 997 gg
315 872 529 969 πάντιᾶἓοῦ
569 925 613 969 δε
651 924 860 981 βασιλέως
897 921 1209 984 αναζεύξαντος
1248 924 1294 967 έκ
1324 928 1398 979 τῆς
1429 927 1696 979 Βαβυλωνος

317 985 392 1029 καὶ
419 982 529 1027 κατὰ
557 982 637 1038 τὴν
665 983 848 1035 πορείαν
878 980 1018 1031 ὄντος,
1047 985 1155 1035 ἡκον
1184 981 1293 1033 πρὸς
1316 981 1451 1024 αὐτὸν
1476 981 1596 1036 παρὰ
1617 982 1696 1052 μὲν

312 1039 598 1093 Ἀντιπάτρου
627 1038 897 1109 πεμφθέντες
937 1039 1076 1089 ἱππεῖς
1105 1054 1183 1107 μεν
1212 1039 1468 1088 Μακεδόνες
1490 1037 1696 1082 πεντακό-

318 1110 429 1150 σιοι,
477 1097 597 1149 πεζοὶ
633 1095 677 1138 δὲ
719 1095 1011 1150 εξακιςχίλιοι,
1059 1095 1105 1138 έκ
1142 1095 1188 1138 δὲ
1212 1095 1403 1166 Θρᾴκης
1441 1097 1594 1167 Ezareis,
1617 1112 1696 1150 μεν

317 1153 557 1207 ἑξακόσιοι,
593 1157 798 1205 Τραλλεῖς
829 1153 874 1195 δὲ
904 1153 1125 1207 τριςχίλιοι
1153 1152 1226 1194 καὶ
1251 1151 1551 1203 πεντακόσιοι,
1581 1152 1628 1195 ἐκ
1648 1151 1695 1195 δὲ

232 1210 287 1253 75
318 1209 664 1266 Πελοποννήσου
694 1209 813 1261 πεζοὶ
844 1225 922 1262 μεν
951 1211 1286 1263 τετρακιςχίλιοι,
1317 1211 1456 1259 ἷππεις
1487 1208 1531 1252 δε
1556 1208 1694 1265 βραχυ

315 1271 534 1318 λείποντες
562 1271 650 1309 τῶν
677 1269 839 1322 χιλίων,
872 1266 917 1308 ἐκ
949 1265 994 1307 δὲ
1023 1269 1097 1320 τῆς
1125 1267 1407 1333 Μακεδονίας
1434 1270 1522 1307 τῶν
1554 1268 1696 1320 φίλων

316 1330 398 1369 τοῦ
437 1324 648 1394 βασιλέως
685 1323 775 1365 υἱοὶ
811 1320 1079 1392 πεντήκοντα
1116 1337 1227 1374 προς
1263 1338 1359 1392 την
1382 1327 1697 1377 σωματοφυλα-

315 1385 417 1427 κίαν
455 1380 543 1425 υπό
582 1384 671 1423 τῶν
709 1379 910 1447 πατέρων
949 1377 1275 1434 ἀπεσταλμένοι
1337 1377 1360 1421 ὁ
1404 1380 1450 1422 δε
1490 1378 1696 1434 βασιλευς

229 1448 283 1487 80
313 1438 502 1489 τούτους
530 1435 800 1492 παραλαβών
830 1439 1006 1508 προῆγε,
1039 1436 1113 1478 καὶ
1143 1435 1423 1505 κατήντησεν
1438 1435 1608 1486 ἑκταῖος
1636 1437 1695 1486 εἰς

312 1513 392 1564 την
426 1493 702 1564 Σιττακηνην
733 1494 955 1547 ἐπαρχίαν,
988 1508 1063 1548 της
1099 1492 1145 1535 δε
1173 1492 1316 1548 χώρας
1345 1491 1503 1548 ταύτης
1527 1493 1694 1547 πολλὴν

312 1552 544 1619 αφθονίαν
580 1549 760 1622 ἐχούσης
802 1563 891 1592 των
931 1548 1186 1604 ἐπιτηδείων
1225 1549 1425 1601 πάντων,
1473 1549 1520 1592 έν
1555 1549 1693 1605 ταύτῃ

311 1611 488 1660 πλείους
518 1607 683 1680 ἡμέρας
714 1608 902 1661 ε’μεινεν,
946 1605 1034 1660 ἅμα
1064 1606 1142 1660 μὲν
1172 1605 1374 1648 σπεύδων
1402 1606 1448 1648 ἐκ
1477 1610 1553 1662 τῆς
1581 1607 1692 1649 κατα

311 1684 392 1737 την
424 1665 683 1719 ὁδοιπορίαν
705 1644 1002 1715 ταλαιπωρίας
1020 1660 1254 1717 αναλαβεῖν
1272 1679 1351 1718 την
1369 1661 1572 1718 δύναμιν,
1603 1661 1693 1718 ἅμα

227 1728 281 1769 85
314 1723 360 1767 δε
390 1726 467 1779 τῆς
498 1725 807 1789 στρατιωτικῆς
834 1720 991 1770 τάξεως
1023 1719 1339 1774 διανοούμενος
1380 1719 1693 1776 ἐπιμεληθῆναι

312 1781 387 1824 καὶ
415 1780 491 1830 τὰς
519 1778 750 1835 ἡγεμονίας
782 1775 1048 1832 αναβιβάσαι
1078 1777 1150 1818 καὶ
1180 1793 1260 1831 την
1300 1775 1489 1845 δύναμιν
1519 1778 1691 1832 ἰσχυρο-

312 1840 492 1906 ποιῆσαι
527 1840 587 1892 τῷ
628 1851 671 1878 τε
710 1833 867 1889 πληθει
907 1833 980 1876 καὶ
1008 1837 1102 1883 ταῖς
1135 1830 1308 1886 αρεταῖς
1334 1837 1422 1875 τῶν
1449 1831 1688 1888 ἡγεμόνων.

313 1880 570 1943 συντελέσας
595 1892 640 1934 δὲ
670 1908 723 1934 τα
757 1889 1009 1945 δεδογμένα,
1040 1890 1111 1932 καὶ
1143 1906 1248 1943 μετα
1266 1893 1429 1945 πολλῆς
1450 1890 1690 1944 ἐπιμελείας

312 1951 411 2003 περὶ
444 1966 534 1992 των
573 1946 801 2017 ἀριστείων
837 1949 982 2001 κρίσιν
1019 1944 1334 2002 ποιησάμενος,
1385 1947 1458 1989 καὶ
1495 1946 1690 1997 πολλοὺς

226 2010 282 2049 90
315 2024 399 2051 απο
438 2010 515 2062 της
550 2005 735 2074 μεγάλης
775 2002 1006 2072 ηγεμονίας
1037 2003 1103 2045 ε’πὶ
1133 2003 1321 2073 μεγάλας
1350 2002 1545 2054 ἐξουσίας
1576 2001 1690 2045 άνα-

312 2061 517 2131 βιβάσας,
566 2060 732 2111 πάντας
769 2061 872 2110 τοὺς
911 2057 1127 2128 ἡγεμόνας
1156 2062 1214 2110 εἰς
1243 2058 1409 2114 αξίωμα
1440 2063 1587 2114 μεῖζον
1614 2059 1689 2102 καὶ

312 2119 501 2176 στοργήν
541 2118 724 2174 ἰσχυρὰν
769 2117 881 2169 πρὸς
927 2115 1085 2159 ἑαυτὸν
1129 2117 1386 2171 προήγαγεν.
1438 2115 1724 2187 ἐπεμελήθη.

312 2178 359 2223 δὲ
406 2177 480 2221 καὶ
518 2178 595 2233 τῆς
634 2177 851 2232 ἰδιωτικης
885 2177 973 2217 τῶν
1013 2185 1292 2230 στρατιωτων
1322 2172 1576 2226 διατάξεως,
1613 2174 1688 2218 καὶ

305 2346 363 2383 57.
411 2345 614 2391 Πυδναίφ]
653 2343 783 2388 Λυαίῳ
807 2344 841 2377 X
1023 2341 1081 2376 58.
1127 2338 1352 2385 στρατιώτας
1381 2352 1450 2377 om.
1473 2342 1503 2377 L

306 2395 363 2429 60.
412 2392 656 2438 Βαβυλωνος]
683 2378 924 2438 Βαβυλωνίας
945 2387 974 2421 L

397 2461 477 2498 210.
501 2461 557 2494 62.
591 2456 985 2515 gevoatgzoctoloysivR
1010 2455 1145 2499 punctis
1156 2467 1216 2499 pos
1203 2455 1276 2489 citis
1291 2467 1393 2500 super
1409 2456 1535 2491 litteris
1552 2468 1684 2500 στρατο

489 2508 546 2542 63.
594 2505 778 2562 Μιθρήνῃ
802 2505 886 2545 FL,
925 2503 1148 2536 Mithrinnem
1174 2503 1238 2535 Cos
1225 2514 1324 2544 pus,
1359 2503 1485 2537 caeteri
1509 2505 1620 2548 Μιθρ
1600 2505 1684 2550 ρίνῃ

488 2553 546 2587 (57.
594 2520 786 2597 διμήνοιςῃ]
809 2549 1019 2594 διμηναίοις
1043 2548 1081 2589 L,
1108 2546 1303 2593 διμηνύοις
1325 2550 1368 2591 F,
1393 2547 1552 2592 διμήνου
1577 2551 1607 2583 Υ

396 2598 453 2634 71.
501 2611 567 2642 μεν
588 2610 657 2632 om.
690 2600 720 2632 F
905 2594 962 2628 73
1016 2597 1188 2638 Τραλλεῑς
1212 2595 1368 2628 Valesius
1390 2596 1435 2629 ad
1458 2596 1578 2630 Dionis
1602 2596 1684 2631 Exc.

304 2644 432 2690 p..‚90
463 2646 635 2687 Τραλεεῖς
657 2645 700 2685 F,
725 2641 854 2677 caeteri
883 2642 1076 2684 Τραλλεεῖς
1259 2641 1317 2676 77.
1363 2641 1465 2685 υιοὶ]
1484 2642 1577 2683 υἱεῖς
1599 2643 1629 2676 Ι,

397 2672 454 2726 80.
502 2688 737 2746 Σιττακηνήν
762 2690 802 2730 L,
823 2688 1008 2723 σιττακίαν
1033 2687 1074 2729 F,
1100 2686 1228 2721 caeteri
1253 2686 1458 2734 Σιτακινὴν
1626 2686 1684 2721 89.

305 2734 524 2792 ἀριστείων]
550 2733 744 2781 άριστειῶν
769 2715 886 2778 F’LQ‚
925 2733 1054 2767 caeteri
1078 2732 1239 2788 α’ρίστων
1450 2734 1509 2770 90.
1555 2730 1682 2769 ἐπὶ-

304 2781 450 2828 ἀξίωμα
473 2795 542 2819 om.
568 2785 600 2818 X
780 2781 837 2816 93.
886 2778 1113 2823 διατάξεως]
1136 2778 1272 2824 τάξεως
1293 2780 1375 2817 Bas.
