1820 3249
468 256 1514 301 Llss.XV11.CAP.loo.101.1233

133 384 248 429 τησε.
294 370 545 440 μέλλοντος
552 368 596 413 δ’
621 367 760 412 αὐτοῦ
779 370 974 412 σπᾶσθαι
992 367 1073 424 τήν
1093 366 1325 424 μάχαιραν,
1343 368 1512 423 ἔφθασε

133 428 439 499 προπηδήσας,
476 426 550 470 καὶ
585 430 640 483 τῇ
669 426 749 480 μὲν
776 424 990 496 εὐωνύμῳ
1020 425 1227 480 κατέλαβε
1255 425 1334 481 τὴν
1363 425 1512 470 ἕ·λκου
1541 436 1596 476 30

134 499 217 530 σαν
245 485 294 529 τό
326 486 451 540 ξίφος
478 488 624 553 χεῖρα,
660 487 713 539 τῇ
744 481 786 525 δ’
816 480 924 537 ἄλλῃ
955 481 1136 553 κινήσας
1168 483 1216 525 ἐκ
1243 486 1319 536 τῆς
1347 481 1513 537 βάσεως

134 542 213 586 τὸν
242 540 478 585 ἀντίπαλον
506 538 697 593 ὑπέσυρε
725 537 778 581 τοὶ
809 538 949 594 σκέλη.
1008 539 1216 611 ῥιφέντος
1253 538 1296 581 δ’
1334 539 1402 582 ἐπὶ
1432 541 1513 596 τὴν

133 603 239 654 γῆν,
276 597 427 667 ἐπιβάς
455 596 525 640 ἐπὶ
552 595 632 638 τόν
660 594 877 664 τράχηλον
914 598 976 664 τῷ
1002 596 1102 638 ποδὶ
1131 596 1206 638 καὶ
1233 594 1283 638 τό
1315 595 1513 666 ῥόπαλον
1544 629 1625 669 1⁰1

134 653 469 709 ἀνατεινάμενος
492 651 698 707 ἀνέβλεψε
725 651 838 705 πρὸς
869 651 974 702 τοὺς
1000 651 1263 722 θεωμένους.
1323 650 1514 724 ἀναβοή-
1540 686 1567 727 3

135 723 293 762 σαντος
331 710 377 753 δὲ
413 713 495 753 τοῦ
532 709 738 779 πλήθους
775 707 848 752 διά
885 724 930 752 τε
969 708 1018 752 τό
1049 707 1304 761 παράδοξον
1333 709 1406 752 καὶ
1432 710 1514 767 τήν

132 765 382 838 ὑπερβολην
410 770 486 821 τῆς
515 764 828 835 ἀνδραγαθίας,
861 766 885 808 6
911 781 990 820 μεν
1018 764 1224 835 βασιλεῦς
1251 766 1514 819 προςέταξεν

132 823 331 880 ἀφεῖναι,
382 823 456 867 καὶ
487 839 567 878 την
595 823 707 865 θέαν
737 820 946 872 διαλύσας
959 821 1228 892 ἀπηλλάγη,
1277 825 1514 893 δυςφορῶν

133 881 204 925 ἐπὶ
248 884 302 936 τῇ
352 884 432 924 τοῦ
470 878 734 930 Μακεδόνος
768 878 886 948 η’ττῃ.
948 878 971 925 6
1013 879 1060 922 δὲ
1097 878 1349 931 Διώξιππος
1388 879 1514 936 άφεις

132 935 213 982 τόν
257 935 514 980 πεπτωκότα
556 936 631 979 καὶ
671 934 935 1005 περιβόητον
977 937 1105 1004 νίκην
1152 934 1512 1005 ἀπενεγκάμενος,
1543 935 1600 980 40

135 992 266 1064 ἀπῄει
293 993 595 1048 ταινιούμενος
623 990 711 1036 ιπὸ
740 996 828 1036 τῶν
859 990 1132 1062 ὁμοφύλων,
1146 990 1206 1043 ὥς
1234 993 1390 1064 κοινὴν
1407 997 1516 1038 πᾶσι

135 1056 229 1124 1959
245 1049 421 1121 Ἕλλησι
442 1049 771 1118 παρεσχημένος
801 1046 1017 1100 εὐδοξίαν.
1079 1047 1134 1092 06
1164 1048 1253 1104 μήν
1279 1048 1307 1106 ἦ
1337 1049 1445 1106 τύχη
1467 1067 1516 1107 γε

136 1109 280 1150 εἰἀσεν
307 1107 377 1149 ἐπὶ
406 1106 548 1149 πολύν
563 1106 726 1175 χρόνον
745 1104 1049 1176 καυχήσασθαι
1068 1105 1146 1148 τὸν
1166 1105 1305 1160 ἄνδρα
1326 1110 1379 1164 τῇ
1402 1109 1517 1165 νίκῃ.

137 1163 162 1207 ὅ
191 1179 236 1207 τε
272 1179 359 1219 γαρ
397 1161 603 1218 βασιλεῦς
631 1161 978 1233 ἀλλοτριώτερον
1007 1160 1074 1204 αεὶ
1103 1162 1274 1231 διετέθη
1283 1165 1409 1235 πρὸς
1441 1166 1517 1209 αῦ-
1546 1164 1602 1209 45

136 1219 308 1271 τόν,οἴ
333 1234 379 1262 τε
410 1220 534 1288 φίλοι
562 1222 641 1261 τοῦ
665 1216 952 1272 Ἀλεξάνδρου
981 1219 1053 1262 καὶ
1074 1218 1232 1268 πάντες
1252 1220 1297 1262 οἱ
1316 1221 1415 1274 περὶ
1439 1221 1520 1277 τὴν

139 1274 287 1345 αὐλὴν
300 1274 569 1327 Μακεδόνες,
600 1279 878 1330 φθονοῦντες
909 1274 1050 1317 αὐτοῦ
1079 1278 1134 1332 τῇ
1161 1273 1313 1332 άρετῇ,
1342 1276 1520 1321 ἔπεισαν

137 1334 215 1389 μὲν
241 1331 321 1377 τὸν
349 1332 419 1375 ἐπὶ
447 1336 524 1389 τῆς
553 1332 780 1382 διακονίας
809 1331 1068 1387 τεταγμένον
1089 1332 1335 1401 ὑποβαλεῖν
1362 1332 1448 1378 ὑπὸ
1465 1334 1518 1380 vo*

136 1387 493 1443 προςκεφάλαιον
529 1393 722 1457 χρυσοῦν
758 1390 995 1445 ποτήριον,
1042 1388 1168 1432 αὐτοὶ
1207 1390 1253 1432 δὲ
1290 1406 1400 1434 κατα
1439 1392 1520 1435 τὸν

138 1446 234 1502 εξῆς
253 1445 390 1490 πότον
418 1444 800 1500 καταιτιασάμενοι
827 1446 997 1514 κλοπην
1016 1446 1089 1488 καὶ
1109 1445 1324 1517 ποτήριον
1340 1446 1516 1505 εῦρηκέ-
1544 1450 1601 1494 50

139 1520 215 1547 ναι
241 1502 620 1572 προςποιηθέντες,
652 1503 712 1553 εἰς
731 1501 939 1571 αἰσχύνην
962 1503 1032 1544 καὶ
1053 1501 1275 1554 ἀδοξίαν
1245 1521 1414 1560 ηγαγον
1439 1506 1520 1550 τόν

141 1558 409 1612 Διώξιππον.
467 1558 491 1602 ὁ
523 1559 569 1602 δὲ
597 1562 782 1613 θεωρῶν
802 1558 882 1615 τήν
902 1557 971 1602 ἐπ’
995 1557 1131 1602 αὐτὸν
1149 1561 1407 1633 συνδρομὴν
1429 1566 1520 1607 τῶν

140 1617 444 1667 Μακεδόνων,
473 1614 568 1658 τότε
597 1615 676 1670 μὲν
703 1615 856 1687 ἐξηλθε
858 1631 884 1658 ν
917 1616 965 1659 ἐκ
993 1619 1075 1658 τοῦ
1102 1614 1263 1669 πότου,
1305 1616 1404 1672 μετ’
1433 1617 1518 1662 ὀλί-

139 1689 222 1730 γον
251 1673 298 1717 δὲ
327 1671 395 1716 ἐπὶ
425 1671 505 1726 τὴν
524 1673 644 1715 ἰδίαν
664 1672 906 1716 κατάλυσιν
925 1670 1291 1741 παραγενόμενος,
1323 1674 1395 1717 καὶ
1412 1675 1518 1747 γρά-
1546 1679 1602 1722 55

95 1738 99 1746 ’
141 1737 227 1780 ψας
272 1728 385 1784 πρὸς
431 1727 510 1771 τὸν
546 1726 831 1799 Ἀλέξανδρον
867 1728 1101 1784 ἐπιστολήν
1138 1729 1236 1783 περὶ
1272 1746 1362 1773 των
1408 1730 1517 1775 καθ’

140 1785 283 1830 αὑτοῦ
311 1786 687 1842 μεμηχανημένων,
712 1784 890 1856 ταύτην
910 1786 988 1841 μὲν
1016 1785 1255 1828 ἐνετείλατο
1273 1792 1366 1838 τοῖς
1390 1789 1520 1841 ἰδίοις

141 1845 299 1887 δοῦναι
336 1845 398 1899 τῷ
435 1844 627 1895 βασιλεῖ,
668 1841 806 1886 αὑτὸν
842 1840 890 1886 6'
931 1843 977 1886 ἐκ
1014 1845 1096 1886 τοῦ
1136 1846 1212 1898 ζῆν
1250 1843 1519 1917 μετέστησεν,

140 1898 344 1953 ἀβούλως
388 1915 469 1968 μεν
515 1900 575 1950 εἰς
610 1897 692 1954 τήν
732 1900 1005 1955 μονομαχίαν
1050 1899 1348 1955 συγκαταβάς,
1404 1901 1521 1946 πολὺ

144 1955 185 2000 δ’
217 1954 544 2026 αφρονεστέραν
579 1955 658 2011 τὴν
696 1959 775 1999 τοῦ
811 1958 914 2012 βίου
948 1957 1260 2012 καταστροφὴν
1286 1959 1520 2028 ποιησάμε-
1549 1960 1604 2002 60

142 2029 235 2064 νος.
293 2011 363 2056 διὸ
399 2011 473 2055 καὶ
511 2012 666 2055 πολλοὶ
706 2016 796 2055 τῶν
833 2013 1236 2082 καταμεμφομένων
1274 2013 1413 2059 αὐτοῦ
1442 2017 1522 2073 τὴν

66 2083 134 2120 239
146 2068 305 2114 α’νοιοιν
355 2066 683 2124 ἐπιπλήττοντες
726 2069 896 2123 ἔφασαν
940 2070 1132 2140 χαλεπὸν
1174 2067 1285 2114 εἶναι
1331 2071 1521 2144 δύναμιν

144 2143 224 2183 μεν
263 2123 462 2196 σώματος
499 2125 608 2180 ἔχειν
649 2126 859 2196 μεγάλην,
910 2129 1024 2170 νοῦν
1065 2126 1112 2170 δὲ
1161 2127 1334 2181 μικρόν.
1402 2128 1427 2173 6
1476 2130 1523 2174 δὲ

145 2182 348 2255 βασιλεὺς
391 2181 623 2252 ἀναγνούς
679 2182 758 2239 τὴν
812 2182 1043 2239 ἐπιστολην
1088 2187 1301 2254 χαλεπῶς
1339 2183 1522 2243 ἤνεγκεν
1550 2193 1607 2237 65

146 2239 216 2283 έπὶ
254 2242 308 2309 τῇ
349 2237 538 2292 τάνδρὸς
577 2242 775 2310 τελευτῇ,
816 2240 890 2284 καὶ
929 2238 1139 2291 πολλάκις
1164 2239 1403 2314 ἐπεζήτησε
1434 2244 1526 2315 τήν

148 2294 308 2353 ἀρετήν
338 2293 504 2350 αὐτοῦ,
533 2295 607 2341 καὶ
635 2297 824 2352 παρόντι
851 2313 931 2355 μεν
962 2294 1017 2341 οὐ
1038 2297 1328 2355 χρησάμενος,
1359 2298 1528 2345 ἀπόντα

150 2488 209 2524 31.
256 2485 436 2547 ῦπὲσυρε]
469 2487 621 2533 ε’πέσυρε
641 2490 675 2535 Q
697 2490 780 2525 Bas.
963 2490 1021 2525 32.
1068 2487 1136 2537 τήν
1158 2491 1250 2538 γῆν]
1282 2491 1352 2537 γῆν
1375 2491 1437 2527 FL

244 2535 301 2570 33.
350 2534 653 2581 ἀνατεινάμενος]
681 2532 965 2580 οἷνατεινόμενος
987 2539 1069 2571 Bas.
1239 2538 1298 2573 34.
1337 2550 1364 2572 π
1366 2537 1443 2594 ρᾶς
1456 2537 1527 2581 FL,

153 2581 280 2616 caeteri
294 2579 370 2638 ,ἐπὶ
541 2582 776 2627 θεωμένους]
808 2583 1092 2628 θεωρουμένους
1114 2583 1144 2618 L
1312 2583 1371 2619 37.
1418 2581 1529 2628 οἰφεῖ-

153 2628 241 2683 ναι]
279 2623 432 2671 ἀφιέναι
456 2627 517 2662 FL
675 2629 732 2664 38.
778 2631 826 2673 τῇ
851 2630 1034 2664 om.13as.
1193 2629 1254 2665 41.
1301 2627 1526 2676 ὁμοφύλων]

155 2671 367 2717 ὁμοφώνων
396 2674 490 2716 FLQ
521 2674 603 2709 Bas.
793 2673 851 2709 45.
900 2673 956 2711 ἀεὶ
987 2687 1057 2712 οιιι.
1085 2675 1145 2711 FIa
1339 2676 1398 2711 49.
1441 2689 1529 2735 χρυ-

155 2722 248 2754 σοῦν
273 2719 452 2765 ποτήριον
474 2723 551 2763 post
557 2717 774 2777 ὑποβαλεῖν
795 2721 895 2778 ponit
916 2722 947 2755 F
1108 2721 1166 2758 56.
1202 2720 1285 2768 περὶ
1309 2722 1408 2767 των]
1424 2721 1528 2779 ὑπερ

153 2767 230 2801 τῶν
252 2766 281 2799 L
472 2764 567 2800 καθ’
592 2765 732 2813 αὐτοῦ]
756 2765 845 2804 κατ’
867 2766 988 2804 αὐτοῦ
1008 2767 1093 2803 Bas.
1286 2768 1345 2805 58.
1383 2766 1527 2814 αῦτὸν]

154 2811 286 2848 ἑαυτὸν
309 2812 354 2857 F,
380 2807 495 2847 αῦτόν
517 2812 599 2846 Bas.

245 2858 326 2894 239.
343 2838 415 2891 64.
461 2858 625 2902 χαλεπως
645 2859 878 2902 FL,caete1-i
900 2860 1063 2905 χαλεπαῖς
1084 2858 1153 2905 μὲν
1314 2857 1372 2895 65.
1405 2856 1531 2905 5225&-

154 2904 250 2949 τησε]
277 2901 325 2940 ἂν
349 2902 497 2953 ἐζήτησε
516 2904 548 2939 F

1194 2964 1252 3005 79
