1820 3249
495 142 748 184 L113.XV.
809 141 941 183 CAP.
972 145 1038 183 19.
1067 145 1136 183 20.
1419 141 1505 181 965

128 255 266 310 αὐτὴν
299 255 346 299 δὲ
374 254 750 323 συσκευαζομένην
777 251 854 304 τὰς
881 251 991 296 κατά
1018 250 1100 308 τήν
1132 249 1315 294 Ελλάδα
1344 249 1503 302 πόλεις,

127 312 177 363 ἃς
207 313 254 356 ἐν
280 316 373 362 ταῖς
399 317 570 362 κοιναῖς
599 309 844 379 συνθήκαις
874 308 1054 364 ὤμοσαν
1083 307 1288 378 τηρήσειν
1319 306 1501 350 αὐτονό-
1561 311 1586 351 5

125 385 246 424 μους.
307 368 331 411 6
363 368 406 412 6'
443 367 719 439 Ἀγησίλαος.
761 366 824 410 ὡν
864 366 994 422 φύσει
1035 363 1283 434 δραστικὸς,
1322 363 1502 418 φιλοπό-

124 430 273 481 λεμος
277 419 334 480 ἦν
361 426 434 470 καὶ
463 429 541 483 τῆς
569 430 657 469 τῶν
681 423 897 480 Ἑλλήνων
929 421 1156 479 δυνάμεως
1186 420 1413 476 ἀντείχετο.

227 524 323 571 Ἐπ’
357 526 566 600 ἀρχοντος
597 526 638 571 δ’
650 526 903 598 Ἀθήνησιν
926 524 1170 578 Εὐάνδρου
1196 523 1400 577 Ρωμαῖοι
1430 539 1500 566 κα-
1530 535 1585 573 20

119 583 327 640 τέστησαν
348 584 444 628 ἀντὶ
465 588 552 628 τῶν
572 582 751 627 ὑπάτων
782 581 1031 640 χιλιάρχους
1062 581 1118 633 ε’,ξ
1150 580 1343 624 Κόϊντον
1360 584 1497 622 Σουλ-
1531 595 1582 631 10

120 643 292 693 πίκιον,
343 641 484 685 Γάϊον
532 640 728 695 Φάβιον,
785 643 1046 694 Σερουίλιον
1084 636 1358 692 Κορνήλιον,
1401 635 1498 679 110'-

119 703 249 741 πλιον
265 697 492 767 Οὕγωνα,
533 698 699 749 Σέξτον
715 697 872 741 ’Ἀνιον
909 697 983 740 καὶ
1014 694 1153 738 Γάϊον
1183 693 1385 746 Μάρκον.
1429 693 1501 736 ἐπὶ

119 755 166 798 δε
194 753 364 799 τούτων
393 753 737 824 Λακεδαιμόνιοι
765 752 1056 809 κατελάβοντο
1087 751 1167 808 τὴν
1195 752 1420 803 Καδμείαν
1450 751 1498 792 ἐν

116 817 211 862 ταῖς
253 812 418 868 Θήβαις
456 810 528 856 διά
569 828 691 863 τινας
728 810 932 861 τοιαύτας
971 810 1121 860 αἰτίας.
1189 808 1377 862 ὁρῶντες
1417 806 1497 862 τήν

119 871 335 913 Βοιωτίαν
374 870 559 924 ἔχουσαν
592 868 762 912 πόλεων
798 884 841 911 τε
882 871 1053 937 πλῆθος
1093 865 1169 909 καὶ
1203 864 1307 916 τοὺς
1346 880 1496 907 κατοι-
1528 873 1580 913 15

115 929 305 977 κοῦντας
343 925 482 982 αὐτὴν
517 925 682 979 ἄνδρας
711 924 988 980 ὑπάρχοντας
1026 921 1207 980 ἀνδρείᾳ
1238 920 1496 976 διαφόρους,

118 982 180 1025 ε’τι
210 983 256 1026 δὲ
283 983 359 1034 τὰς
391 985 537 1051 Θήβας
565 982 747 1037 ἐχούσας
775 981 964 1025 παλαιὸν
995 979 1175 1036 ἀξίωμα,
1207 979 1280 1022 καὶ
1311 978 1360 1021 τὸ
1393 978 1495 1022 σύν-

118 1043 224 1083 ολον
267 1039 406 1093 ω’ςπερ
444 1038 686 1092 ἀκρόπολίν
723 1056 821 1082 τινα
858 1043 933 1094 τῆς
972 1038 1185 1086 Βοιωτίας
1228 1030 1389 1087 οὖσαν,
1430 1033 1497 1078 εύ-

101 1099 337 1152 ,λαβοῦντο
365 1096 529 1165 μήποτε
558 1099 718 1151 καιροῦ
748 1095 1084 1164 παραφανέντος
1111 1094 1275 1136 οἰκείου
1304 1096 1380 1148 τῆς
1403 1091 1497 1148 ήγε-

115 1155 271 1208 μονίας
300 1153 643 1210 ἀντιποιήσηται.
703 1153 854 1205 διόπερ
895 1157 987 1203 τοῖς
1023 1148 1232 1220 ἡγεμόσιν
1273 1167 1315 1193 οι
1345 1153 1494 1218 Σπαρ-
1525 1158 1579 1197 20

115 1214 257 1253 τιᾶται
286 1211 586 1265 παρήγγελλον
615 1211 662 1254 ἐν
692 1208 957 1280 ἀπορρήτοις
996 1207 1056 1251 ι”ν
1100 1206 1176 1251 ἐάν
1205 1222 1309 1250 ποτε
1338 1206 1495 1261 καιρόν

114 1264 305 1322 λάβωσι,
347 1268 678 1320 καταλάβωνται
706 1266 786 1323 τὴν
824 1267 1061 1321 Καδμείαν.
1119 1262 1324 1319 τοιαύτης
1355 1263 1400 1306 δὲ
1429 1280 1495 1318 γε-

114 1324 301 1395 νομένης
329 1327 645 1380 παραγγελίας,
682 1326 893 1379 Φοιβίδας
922 1322 945 1367 6
978 1320 1269 1377 Σπαρτιάτης,
1300 1319 1495 1392 τεταγμέ-

115 1396 195 1431 νος
224 1380 293 1424 ἐπί
321 1398 442 1432 τινος
474 1381 708 1436 ἡγεμονίας
745 1381 820 1425 καὶ
851 1380 1043 1436 δύναμιν
1061 1378 1200 1449 ἀγων
1234 1378 1303 1421 ἐπὶ
1339 1376 1548 1421 'ozam-0
1524 1382 1579 1423 5

116 1439 269 1488 θίους,
313 1437 570 1493 κατελάβετο
616 1438 697 1509 τήν
738 1440 974 1493 Καδμείαν.
1045 1434 1411 1505 ἀγανακτούντων
1451 1436 1496 1478 δὲ

116 1498 204 1536 τῶν
243 1497 447 1550 Θηβαίων
475 1495 548 1538 καὶ
576 1494 680 1563 μεθ’
713 1494 861 1538 ὅπλων
891 1491 1257 1547 συνδραμόντων,
1299 1491 1498 1543 συνάψας

115 1550 257 1605 μάχην
275 1551 435 1602 αὐτοῖς
463 1552 536 1595 καὶ
565 1550 767 1606 νικήσας,
797 1552 1077 1604 τριακοσίους
1107 1549 1186 1604 μὲν
1213 1547 1318 1598 τούς
1348 1549 1499 1604 ἐπιφα-

116 1607 350 1658 νεστάτους
388 1612 477 1650 τῶν
509 1611 713 1679 Θηβαίων
749 1608 1042 1663 ἐφυγάδευσε,
1083 1605 1188 1677 τούς
1229 1605 1274 1648 δὲ
1314 1605 1495 1656 λοιπους

116 1663 494 1733 καταπληξάμενος
530 1665 604 1708 καὶ
642 1665 851 1734 φρουράν
889 1663 1073 1718 ἰσχυράν
1119 1662 1493 1718 ἐγκαταστησάμε-
1525 1665 1578 1703 30

117 1737 216 1773 νος,
257 1720 326 1764 ἐπὶ
363 1719 439 1772 τάς
471 1722 584 1772 ἰδίας
611 1721 787 1776 πράξεις
816 1719 1169 1791 ἀπηλλάγη.οί
1209 1719 1255 1763 δὲ
1284 1722 1496 1762 Λακεδαι-

118 1776 265 1830 μόνιοι
302 1777 374 1822 δια
421 1777 502 1834 τήν
545 1780 704 1831 πρᾶξιν
743 1777 907 1833 ταύτην
947 1776 1207 1829 ἀδοξοῦντες
1248 1776 1368 1829 παρὰ
1406 1793 1497 1826 τοις

104 1834 306 1891 ’Έλλησι,
346 1833 424 1878 τὸν
453 1835 530 1891 μὲν
564 1837 778 1892 Φοιβίδαν
809 1835 1048 1891 εζημίωσαν
1087 1832 1300 1902 χρήμασι,
1335 1832 1421 1892 τήν
1451 1833 1496 1877 δὲ

119 1892 324 1947 φρουρὰν
363 1890 446 1935 οὐκ
488 1892 640 1961 ἐξῆγον
669 1893 716 1936 ἐκ
744 1909 832 1935 των
866 1895 1039 1963 Θηβῶν
1086 1892 1144 1934 οἱ
1181 1907 1260 1945 μεν
1299 1893 1379 1934 οὐν
1413 1895 1496 1946 Θη-

117 1951 237 2017 βαῖοι
264 1952 425 1992 τοῦτον
454 1947 531 1992 τὸν
560 1947 728 2004 τρόπον
766 1949 846 2005 τήν
886 1948 1157 2003 αὐτονομίαν
1197 1946 1496 2004 ἀποβαλόντες
1526 1945 1579 1985 35

115 2004 457 2075 ἠναγκάσθησαν
503 2004 776 2076 ὑποταγῆναι
822 2011 915 2057 τοῖς
960 2006 1341 2059 Λακεδαιμονίοις.
1408 2010 1498 2048 τῶν

114 2059 159 2105 δ’
199 2062 446 2105 Ὀλυνθίων
477 2061 861 2118 διαπολεμούντων
902 2062 1016 2115 πρὸς
1046 2061 1262 2132 Ἀμύνταν
1299 2061 1377 2105 τὸν
1408 2067 1498 2105 τῶν

114 2117 392 2162 Μακεδόνων
431 2120 631 2188 βασιλέα,
672 2120 1015 2172 Λακεδαιμόνιοι
1053 2119 1132 2163 τόν
1167 2118 1246 2172 μὲν
1282 2121 1497 2188 Φοιβίδαν

42 2203 46 2206 -
114 2173 359 2231 ἀπέστησαν
412 2180 488 2231 τῆς
537 2175 794 2247 ἡγεμονίας,
848 2175 1110 2230 Εὐδαμίδαν
1156 2175 1202 2218 δε
1241 2176 1319 2218 τὸν
1366 2175 1494 2219 ἀδελ-

113 2232 203 2288 φόν
249 2236 332 2277 τοῦ
378 2235 568 2292 Φοιβίδα
615 2233 881 2291 κατέστησαν
928 2232 1184 2291 στρατηγόν
1255 2232 1405 2284 δόντες
1449 2233 1491 2277 δ’
1523 2229 1577 2272 40

203 2436 260 2471 18.
295 2437 328 2471 4.
367 2433 411 2476 ἃς
442 2437 576 2471 addidit
608 2439 882 2473 Rhodomannus
1087 2435 1138 2483 μή
1169 2439 1496 2473 καταδουλοῦσθαι

113 2486 189 2525 post
211 2481 416 2526 συνθήκαις
439 2484 583 2518 delenda
606 2485 695 2518 vidit
714 2487 796 2519 VVsc
798 2486 963 2530 selingius
1143 2484 1178 2519 7.
1206 2483 1300 2518 6vvc'
1302 2487 1410 2529 μεως]
1436 2487 1493 2519 δυ

113 2531 281 2569 ναστείας
304 2529 466 2564 Reiskius
625 2531 658 2565 8.
681 2529 854 2575 Ἀθήνησι
880 2513 1129 2586 Μενάνδρου]
1155 2542 1275 2564 verum
1301 2543 1320 2563 ι
1321 2537 1352 2565 ει
1381 2530 1494 2575 Ἀθή-

112 2587 216 2618 νησιν
248 2572 447 2618 Εὐάνδρου
654 2579 708 2612 10.
738 2579 958 2622 Σερουίλιον
985 2575 1192 2621 Κορνήλιον
1218 2579 1332 2621 AFfz,
1365 2578 1493 2612 caeteri

115 2620 325 2664 Κορνήλιον
351 2623 586 2667 Σερουίλιονε
621 2635 711 2666 quae
738 2630 928 2668 sequnntur
957 2625 1097 2659 nomina
1129 2634 1197 2656 mn.
1223 2624 1253 2657 A
1438 2626 1491 2658 ll

114 2667 268 2712 Σέξτον]
293 2667 434 2712 σε’ξτιον
458 2670 508 2703 F:
531 2668 749 2704 scribebatur
774 2669 888 2712 Σέξσπ
892 2684 935 2706 ον
1043 2682 1151 2704 ανιον
1174 2670 1217 2712 F,
1245 2671 1372 2704 caeteri
1388 2668 1494 2705 '‘Ava-

112 2722 179 2749 νον
385 2715 442 2751 13
470 2714 629 2760 Θήβαις]
655 2715 801 2761 στήλαις
823 2718 886 2751 ΛΚ
1068 2716 1127 2750 2-5.
1151 2716 1392 2762 κατελάβετο]
1430 2730 1493 2752 κα-

112 2759 236 2806 τέλαβε
259 2761 559 2799 111--26,
584 2763 895 2808 συνδραμόντων]
932 2761 1200 2808 συμπαρόντων
1223 2764 1274 2798 ΙΚ
