1820 3249
338 148 446 190 1020
685 146 792 188 121ss
825 146 919 188 XV.
980 148 1112 189 GAP.
1144 152 1211 192 78.
1241 152 1305 192 79.
1351 158 1357 167 ¹

249 264 303 303 90
331 274 412 312 την
441 259 515 313 τῆς
535 256 752 313 θαλάττης
772 256 925 313 ἀρχήν
956 260 1028 302 καὶ
1052 258 1136 313 γοὲρ
1161 257 1423 316 Ἀθηναίους
1452 260 1498 304 ἐν
1517 263 1577 317 τῷ
1599 260 1710 315 πρὸς

331 314 498 370 Ξέρξην
526 315 698 370 πολέμῳ
738 316 962 365 διακοσίας
998 319 1109 366 ναῦς
1147 317 1235 372 ἰδίᾳ
1270 320 1547 372 πληροῦντας
1575 320 1709 359 Λακε-

331 372 574 425 δαιμονίοις
605 373 708 414 δέκα
737 375 846 421 ναῦς
866 372 1182 442 παρεχομένοις
1210 373 1516 427 ὑποτετάχθαι.
1571 372 1708 416 πολλοὶ

331 427 378 470 δὲ
406 428 478 470 καὶ
508 426 617 470 ἄλλα
644 426 756 481 πρὸς
793 428 958 483 ταύτην
995 428 1074 497 τήγ
1111 427 1327 473 ὑπόθεσιν
1366 432 1534 479 οἰκειως
1574 432 1710 473 διαλε-

328 484 464 553 χθεὶς,
476 483 614 527 ἔπεισε
641 500 746 533 τους
778 487 995 542 Θηβαίους
1031 484 1284 540 αντέχεσθαι
1313 490 1387 540 τῆς
1417 503 1526 529 κατα
1554 486 1713 529 θάλατ

330 557 410 583 ταν
441 538 585 610 ἀρχῆς.
640 538 776 590 εὐθὺς
810 543 892 584 οὐν
924 540 947 584 6
980 543 1114 596 δῆμος
1143 542 1385 596 ἐψηφίσατο
1415 543 1604 597 τριήρεις
1633 543 1711 613 μὲν

329 595 483 640 ἑκατὸν
521 601 859 651 ναυπηγεῖσθαι,
899 597 1059 649 νεώρια
1098 597 1143 640 δὲ
1179 598 1356 648 ταύταις
1393 600 1467 642 ίσα
1503 598 1581 641 τόν
1618 598 1711 652 οΞρι-

327 653 467 707 θμόν,
502 651 699 703 Ῥοδίους
729 653 774 696 δὲ
807 654 879 696 καὶ
911 656 1046 703 Χίους
1075 655 1147 697 καὶ
1175 657 1441 707 Βυζαντίους
1481 656 1712 708 προτρέπε-

218 718 298 757 100
329 716 435 753 σθαι
464 712 693 781 βοηθῆσαι
712 714 806 758 ταῖς
834 710 1065 764 ἐπιβολαῖς.
1115 709 1246 762 αὐτὸς
1276 712 1321 755 δὲ
1350 728 1453 765 μετα
1485 711 1712 781 δυνάμεως

320 767 590 838 ἐκπεμφθεὶς
628 766 698 809 ἐπὶ
743 766 819 815 τὰς
863 767 1088 821 εἰρημένας
1123 766 1266 819 πόλεις
1305 768 1481 837 Λάχητα
1515 769 1594 822 μὲν
1631 768 1711 811 τόν

320 821 570 891 Ἀθηναίων
600 821 860 877 στρατηγόν,
893 822 1044 891 ἔχοντα
1075 823 1230 866 στόλον
1261 823 1488 879 οἷξιόλογον
1517 825 1590 867 καὶ
1620 826 1709 869 δια-

325 878 513 924 κωλύειν
554 878 658 930 τούς
692 880 911 935 Θηβαίους
951 878 1291 935 ἀπεσταλμένον,
1332 880 1710 949 καταπληξαμενος

325 936 399 979 καὶ
437 933 708 978 αποπλεῦσαι
756 936 1115 1008 συναναγκάσας,
1155 938 1266 988 ἰδίας
1306 953 1383 988 τας
1425 936 1572 988 πόλεις
1619 943 1711 989 τοῖς

271 992 298 1033 5
332 994 537 1062 Θηβαίοις
578 993 794 1061 ἐποίησεν
858 993 894 1035 εἰ
931 1009 1009 1047 μεν
1061 999 1143 1036 οὐν
1188 991 1211 1037 6
1254 992 1366 1049 ἀνὴρ
1403 996 1534 1044 οὗτος
1577 996 1708 1064 πλείω

324 1048 490 1119 χρόνον
520 1049 731 1104 ἐπέζησεν,
759 1046 1104 1119 ωμολογημένως
1134 1048 1189 1092 ἂν
1215 1053 1258 1093 οι
1284 1054 1470 1120 Θηβαῖοι
1497 1050 1578 1106 τήν
1600 1067 1715 1094 κατα

322 1109 407 1162 γῆν
435 1104 672 1161 ἡγεμονίαν
701 1105 773 1149 καὶ
790 1122 892 1175 την
928 1111 1005 1161 τῆς
1040 1107 1257 1161 θαλαττης
1293 1105 1426 1162 αρχὴν
1465 1106 1707 1177 προςεκτή-

323 1174 479 1205 σαντο·
511 1163 603 1205 ἐπεὶ
633 1163 678 1205 δὲ
707 1159 799 1216 μετ’
834 1162 984 1217 ὀλίγον
1012 1165 1172 1233 χρόνον
1197 1165 1243 1206 έν
1271 1167 1324 1220 τῇ
1354 1164 1452 1218 περὶ
1481 1163 1558 1218 τὴν
1582 1168 1707 1206 Μαν-

323 1221 488 1262 τίνειαν
516 1235 631 1288 μαχη
673 1218 979 1289 λαμπροτάτην
1011 1219 1091 1276 τὴν
1127 1222 1255 1291 νίκην
1290 1224 1342 1276 τῆ
1380 1222 1554 1273 πατρίδι
1589 1236 1706 1274 περι-

242 1282 294 1321 1Ο
323 1274 508 1331 ποιήσας
544 1274 745 1344 ηρωικῶς
776 1274 1064 1344 ἐτελεύτησεν,
1102 1275 1266 1327 εὐθέως
1305 1294 1378 1319 και
1413 1294 1466 1319 τα
1505 1280 1593 1320 τῶν
1610 1281 1706 1348 Θη

320 1335 460 1389 βαίων
490 1331 722 1402 πράγματα
750 1349 801 1388 τη
831 1331 992 1376 τούτου
1020 1337 1193 1390 τελευτη
1224 1333 1541 1376 συναπέθανεν.
1595 1331 1706 1376 ἄλλα

319 1390 418 1443 περὶ
448 1405 526 1442 μεν
563 1388 736 1432 τούτων
765 1389 818 1431 τὰ
865 1405 974 1432 κατα
1012 1391 1142 1444 μέρος
1170 1406 1329 1445 μικρον
1365 1389 1549 1443 ὕστερον
1589 1388 1707 1443 ἀκρι-

322 1449 410 1502 βῶς
439 1447 636 1517 διέξιμεν.
695 1444 790 1488 τότε
829 1445 875 1488 δὲ
913 1451 1005 1496 τοῖς
1048 1450 1255 1501 Θηβαίοις
1296 1447 1412 1496 ἔδοξε
1455 1446 1705 1500 στρατεύειν

239 1505 290 1546 15
322 1503 392 1546 ἐπι
420 1503 499 1545 τόν
524 1500 800 1572 Ὀρχομενὸν
816 1502 889 1545 διὰ
916 1502 1121 1574 τοιαύτας
1149 1505 1269 1552 τινὰς
1300 1505 1449 1552 αἰτίας.
1506 1507 1594 1544 τῶν
1623 1520 1706 1560 φυ-

320 1559 470 1629 γαδων
514 1575 627 1608 τινες
665 1556 925 1615 βουλόμενοι
965 1576 1042 1614 την
1083 1560 1129 1602 ἐν
1176 1558 1340 1615 Θηβαις
1380 1561 1600 1602 πολιτείαν
1643 1561 1705 1610 εἰς

321 1614 683 1688 ἀριστοκρατικὴν
711 1616 973 1658 κατάστασιν
1004 1620 1264 1671 μεταστῆσαι
1304 1616 1562 1658 συνέπεισαν
1598 1616 1704 1667 τούς

318 1677 408 1716 τῶν
442 1671 733 1727 Ὀρχομενίων
762 1674 902 1722 ἱππεῖς
932 1672 1062 1723 ὄντας
1089 1674 1378 1746 τριακοσίους
1419 1674 1703 1742 συνεπιλαβέ-

321 1735 428 1773 σθαι
453 1734 528 1784 τῆς
561 1729 783 1799 ἐπιβολῆς.
836 1732 959 1772 οὑτοι
989 1730 1034 1773 δὲ
1064 1730 1264 1779 εἰωθότες
1299 1728 1347 1771 ἐκ
1380 1731 1538 1784 Θηβῶν
1568 1744 1701 1772 απαν-

234 1793 290 1831 20
319 1803 400 1829 ταν
433 1785 572 1843 ἡμέρα
608 1784 840 1856 τεταγμένη
880 1785 990 1853 πρὸς
1031 1785 1111 1840 τήν
1139 1786 1408 1838 ἐξοπλισίαν,
1450 1787 1510 1836 εἰς
1537 1785 1701 1856 ταύτην

319 1842 554 1886 συνέθεντο
588 1841 856 1898 ποιήσασθαι
885 1841 964 1897 τὴν
991 1841 1208 1886 ἐπίθεσιν·
1238 1845 1412 1885 πολλῶν
1441 1843 1487 1884 δὲ
1517 1842 1590 1884 καὶ
1624 1841 1701 1885 αλ-

316 1903 406 1942 λων
438 1899 773 1942 κοινωνούντων
779 1903 876 1966 τῆς
912 1899 1162 1953 προθέσεως
1190 1899 1264 1942 καὶ
1290 1897 1700 1968 προςορμησάντων,

317 1954 571 2025 απήντησαν
599 1955 711 2009 πρὸς
740 1954 818 1998 τόν
849 1954 1019 2007 καιρόν.
1079 1958 1121 1999 οἱ
1149 1972 1228 2010 μεν
1268 1957 1351 1998 οὐν
1383 1953 1700 2025 συστησαμενοι

316 2012 399 2068 τήν
438 2014 594 2066 πρᾶξιν
635 2011 971 2080 μετανοήσαντες
1011 2012 1232 2068 ἐδήλωσαν
1283 2016 1374 2061 τοῖς
1413 2010 1702 2067 βοιωταρχαις

319 2085 399 2137 την
438 2069 652 2121 ἐπίθεσιν.
697 2068 934 2123 προδόντες
979 2069 1084 2119 τοὺς
1123 2067 1473 2121 συνομόσαντας,
1518 2069 1591 2111 καὶ
1628 2069 1700 2112 δια

318 2131 394 2181 τῆς
434 2126 679 2180 εὐεργεσίας
704 2124 884 2195 ταύτης
922 2126 1093 2177 ἑαυτοῖς
1141 2125 1399 2178 ἐπορίσαντο
1438 2124 1517 2178 τὴν
1550 2135 1698 2196 σωτη-

317 2186 430 2237 ρίαν.
490 2187 579 2226 τῶν
608 2181 651 2225 δ’
690 2180 912 2237 αρχόντων
942 2181 1252 2252 συλλαβόντων
1285 2180 1391 2232 τούς
1429 2197 1520 2224 των
1550 2179 1698 2252 Ὀρχο-

316 2241 479 2296 μενίων
509 2242 650 2291 ιππεῐς
679 2255 751 2283 και
785 2238 1130 2297 παραγαγόντων
1167 2241 1226 2290 εἰς
1263 2254 1343 2294 την
1380 2236 1633 2294 ἐκκλησίαν,
1670 2237 1695 2282 6

244 520 299 562 95

243 579 349 618 ’ῒ9

235 2076 290 2118 5²1

316 2420 374 2455 90.
412 2421 606 2460 διακοσίας
639 2420 733 2459 ναῦς
767 2420 847 2455 ἰδία
880 2421 1114 2463 πληροῦντας
1144 2419 1327 2454 Reiskius:
1366 2418 1449 2453 libri
1488 2420 1694 2462 διακοσίαις

317 2468 426 2501 ναυσὶ
434 2467 749 2525 διαπληροῦντας
908 2467 967 2500 91.
995 2467 1082 2501 δέκα
1106 2467 1134 2500 L
1157 2468 1202 2500 ab
1226 2477 1331 2499 manu
1354 2466 1551 2508 recentiori,
1563 2468 1692 2501 caeteri

319 2512 360 2548 δὲ
383 2512 446 2551 mxl
627 2513 684 2547 93.
712 2512 875 2556 οἰκείως]
903 2513 1022 2548 οἰκεῖα
1045 2514 1074 2546 F
1233 2512 1290 2546 96.
1315 2509 1445 2546 ἑκατὸν
1469 2524 1538 2545 om.
1562 2515 1593 2546 A

317 2560 398 2594 100.
422 2557 482 2594 ἐπι
504 2559 757 2602 11(L,caeteri
779 2559 861 2600 περὶ
1054 2557 1088 2591 5.
1114 2555 1420 2601 ωμολογημένως]
1449 2554 1690 2602 ὁμολογούμε-

317 2618 384 2645 νος
405 2606 439 2639 Κ
619 2605 653 2640 9.
684 2606 731 2649 τῇ
757 2604 931 2646 πατρίδι]
964 2603 1002 2639 ἐν
1025 2606 1070 2647 τῇ
1101 2605 1252 2648 πατρίδι
1274 2603 1307 2637 Κ
1332 2607 1365 2636 et
1389 2603 1448 2648 qni
1472 2606 1587 2647 paullo
1612 2610 1694 2638 ante

317 2651 390 2696 μάχ
372 2664 437 2695 χην
460 2652 490 2684 1⁴
672 2650 729 2683 11.
753 2647 871 2695 ἄλλα]
906 2649 984 2694 ἅμα
1007 2650 1065 2683 ΑΙ4
1070 2650 1101 2682 ix
1307 2649 1362 2682 1¹)
1394 2651 1425 2684 Θ
1429 2651 1528 2694 ηβων
1552 2651 1691 2685 Wesse-

317 2699 464 2742 lingius:
489 2697 571 2731 libri
597 2696 773 2740 Θηβαίων
953 2696 1009 2730 20.
1035 2694 1262 2738 ἐξοπλισίαν]
1288 2693 1505 2737 ἐξιππασίαν
1529 2696 1598 2739 HQ
1648 2712 1651 2716 ·

363 2744 421 2780 23.
443 2744 514 2779 οὐν
536 2746 717 2777 servarunt
739 2742 797 2776 Fn
978 2741 1033 2775 26
1057 2741 1292 2784 ἐπορίσαντο]
1320 2741 1632 2797 προςεποιήσαντο
1660 2742 1689 2777 L

476 2789 534 2824 28.
556 2787 843 2833 παραγαγόντων
866 2789 1094 2823 Schaeferus:
1129 2789 1208 2822 libri
1232 2786 1472 2833 παραγόντων
