1820 3249
350 104 459 144 1430
762 99 794 138 L
807 99 821 138 l
834 99 877 138 B.
909 98 1014 139 XIX.
1070 98 1103 139 C
1113 100 1146 140 A
1159 98 1202 139 P.
1230 102 1298 141 90.

349 210 553 262 τευκότας
581 210 654 254 καὶ
684 208 741 251 δι’
774 208 932 264 ἀρετὴν
959 207 1038 253 ὑπ’
1064 209 1233 254 ἐκείνου
1261 210 1564 264 προηγμένους
1593 225 1719 265 προς-

350 266 444 323 ήκει
476 267 533 323 μὴ
569 265 741 320 πάντως
779 267 958 335 δυνάμει
994 266 1066 309 καὶ
1094 265 1280 322 χρήμασι
1309 265 1572 318 πεποιθότας
1602 267 1721 315 ἀντέ-

352 330 503 383 χεσθαι
532 327 620 366 τῶν
658 321 949 378 πραγμάτων,
979 321 1074 366 ἀλλ’
1106 324 1302 391 ἐμπειρίᾳ
1332 324 1405 366 καὶ
1435 324 1628 376 συνέσει,
1659 322 1718 368 δι’

272 380 325 422 55
356 383 418 424 ὠν
446 380 646 450 κακεῖνος
674 379 727 421 τὰ
756 379 917 435 μεγαλα
945 381 1017 423 καὶ
1045 379 1160 434 παρὰ
1188 385 1295 423 πᾶσι
1323 379 1634 435 θαυμαζόμενα
1652 398 1724 424 κα-

351 437 628 505 τειργάσατο·
664 437 881 491 πιστεύειν
911 436 957 481 δε
991 439 1081 480 δεῖν
1110 437 1181 479 καὶ
1211 441 1303 487 ταῖς
1332 441 1419 479 τῶν
1447 442 1565 481 θεῶν
1594 438 1724 497 προρ-

354 494 512 564 ῥήσεσι
532 493 580 536 τό
612 492 730 544 τέλος
761 487 933 537 ἔσεσθαι
961 497 1036 548 τῆς
1066 494 1287 563 στρατείας
1318 493 1438 545 ἄξιον
1467 498 1544 550 τῆς
1573 494 1724 550 ἐπιβο-

351 555 438 605 λης.
495 549 542 592 ἐν
581 549 682 606 μὲν
696 549 777 612 γὰρ
818 553 1081 619 Βραγχίδαις
1119 548 1258 593 αὐτου
1301 552 1725 622 χρηστηριαζομένου

352 608 429 650 τὸν
458 606 565 650 θεόν
593 612 941 661 προςαγορεῦσαι
961 605 1178 650 Σέλευκον
1208 607 1407 662 βασιλέα
1439 608 1516 650 τὸν
1545 607 1590 651 δὲ
1614 606 1722 652 ’Λλὲ-
1734 615 1801 649 388

272 667 326 706 60
357 665 558 718 ξανδρον
572 663 678 707 καθ’
707 663 851 707 ὕπιον
879 662 1111 706 ἐπιστάντα
1141 667 1341 717 φανερῶς
1371 666 1634 734 διασημῆναι
1656 681 1728 709 πε-

354 722 399 773 ρὶ
428 725 504 776 τῆς
533 720 738 776 ἐσομένης
766 719 1065 775 ἡγεμονίας,η
1039 720 1090 772 ἡς
1120 721 1185 762 δεῖ
1210 725 1354 788 τυχεῖν
1385 720 1520 765 αὐτόν
1549 721 1728 775 προῖόν-

352 794 427 827 τος
458 781 540 820 τοῦ
573 777 747 846 χρόνου.
785 776 894 828 πρὸς
920 776 965 819 δὲ
993 774 1164 826 τούτοις
1195 774 1454 828 ἀπεφαίνετο
1485 777 1595 821 διότι
1615 778 1728 821 πάν-

351 837 404 876 τα
443 835 608 888 γίνεται
645 849 698 875 τα
732 833 844 876 καλοὶ
886 833 960 876 καὶ
994 831 1101 886 παρ’
1135 830 1387 886 ανθρώποις
1415 834 1728 903 θαυμαζόμενα

354 890 427 933 διὰ
455 889 606 932 πόνων
635 890 708 933 καὶ
737 887 971 933 κινδύνων.
1010 889 1277 932 ἐπολιτεύετο
1309 889 1355 932 δὲ
1386 891 1459 933 καὶ
1487 890 1596 959 πρὸς
1625 891 1730 944 τούς

276 949 328 991 65
360 945 756 1017 συστρατεύοντας,
796 947 870 989 καὶ
899 945 1202 999 κατεσκεύαζεν
1239 946 1377 989 αὑτὸν
1416 948 1517 991 ἰσον
1553 946 1729 1001 ἅπασιν,

358 1000 470 1053 696²
503 1002 686 1046 ε’καστον
726 1003 944 1047 αἰδεῖσθαι
983 1003 1054 1046 καὶ
1091 1003 1139 1046 τὸ
1176 1003 1432 1072 παράβολον
1464 1008 1544 1072 τῆς
1570 1004 1730 1062 τόλμης

358 1058 567 1110 εκουσίως
606 1059 853 1116 ὑπομένειν.
912 1061 999 1104 ἐπεὶ
1039 1060 1084 1103 δε
1122 1058 1330 1115 προάγων
1366 1059 1630 1117 κατήντησεν
1670 1065 1730 1114 εἰς

357 1118 718 1185 ΝΙεσοποταμίαν,
744 1120 833 1159 τῶν
860 1117 915 1160 ἐν
933 1115 1133 1170 Κάρραις
1162 1118 1494 1176 κατῳκισμένων]
1521 1117 1732 1163 Μακεδό-

275 1181 329 1221 70
359 1189 450 1216 νων
479 1172 556 1223 οὓς
587 1190 678 1245 μεν,
707 1173 870 1217 επεισεν
899 1171 976 1223 οὓς
1015 1172 1053 1217 δ’
1087 1162 1288 1245 εβιάσατο
1320 1173 1627 1230 συστρατεύειν
1657 1174 1731 1219 αὖ-

357 1232 442 1284 τοῖ’
478 1246 537 1280 ως
567 1228 609 1272 6'
643 1246 703 1280 εις
723 1229 802 1285 τὴν
823 1231 1112 1301 Βαβυλωνίαν
1142 1230 1355 1289 ἐνέβαλεν,
1375 1232 1418 1273 οἷ
1445 1233 1622 1282 πλείους
1642 1237 1731 1276 τῶν

357 1285 576 1340 εγχωρίων
615 1285 840 1341 απηντωυ,
882 1287 955 1330 καὶ
995 1284 1325 1341 προςτιθέμενοι
1354 1303 1444 1330 παν
1484 1288 1654 1357 ἔφασαν
1683 1290 1731 1334 τὸ

358 1345 522 1385 δοκοῦν
561 1343 678 1399 αὐτῷ
717 1343 993 1412 συμπραξειν.
1060 1343 1258 1413 τετραέτη
1300 1360 1386 1399 γαρ
1426 1342 1587 1412 χρόνον
1616 1362 1736 1402 γεγο-

357 1399 445 1449 νώς
476 1411 696 1469 σατραπης
724 1404 799 1455 τῆς
827 1398 971 1469 χώρας
997 1399 1155 1455 ταύτης
1183 1405 1290 1443 πᾶσι
1322 1399 1632 1469 προςενήνεκτο
1663 1421 1736 1448 κα-

278 1461 331 1503 75
361 1459 470 1507 λως,
499 1455 817 1511 ἐκκαλούμενος
857 1458 935 1512 τὴν
964 1457 1144 1501 εὔνοιαν
1180 1461 1260 1500 τοῦ
1296 1455 1495 1526 πλήθους
1526 1459 1600 1502 καὶ
1627 1460 1735 1514 πόῤ-

362 1512 507 1566 ῥωθεν
543 1513 1067 1584 προπαρασκευαζόμενος
1103 1530 1208 1564 τους
1252 1512 1601 1569 συμπραξοντας,
1655 1534 1734 1560 εαν

363 1568 483 1626 αὐτῷ
495 1569 629 1638 δοθῆ
657 1569 807 1623 καιρὸς
826 1568 1122 1638 αμφιςβητεῖν
1149 1570 1394 1641 ἡγεμονίας.
1436 1571 1735 1644 προςεχιόρησε

364 1623 403 1668 δ’
447 1622 566 1683 αὐτῷ
607 1626 681 1670 καὶ
711 1626 992 1683 Πολύαρχος,
1030 1626 1287 1682 τεταγμένος
1317 1627 1387 1670 ἐπί
1417 1645 1536 1680 τινος
1577 1630 1737 1686 διοική-

282 1690 335 1732 80
365 1693 487 1733 σεως,
515 1699 620 1737 μετα
651 1689 928 1738 στρατιωτῶν
958 1684 1172 1728 πλειόνων
1211 1683 1238 1740 ἢ
1273 1686 1539 1740 χιλίων.οῖ
1570 1687 1615 1730 δε
1643 1689 1736 1730 δια-

315 1749 317 1752 ⁴
365 1738 660 1807 φυλάττοντες
694 1739 774 1797 τὴν
811 1741 919 1811 πρὸς
946 1739 1197 1796 Ἀντίγονον
1227 1743 1377 1810 φιλίαν
1406 1741 1593 1797 ὁρωντες
1623 1761 1737 1787 ακα-

361 1794 566 1851 τασχετον
590 1795 744 1867 ,οὖσαν
781 1797 861 1861 τὴν
897 1801 979 1841 τοῦ
1016 1797 1216 1867 πλήθους
1260 1796 1422 1854 ὁρμήν,
1462 1799 1737 1855 συνέφευγον

361 1854 422 1902 εἰς
458 1868 538 1909 την
584 1852 748 1909 ἄκραν,
788 1860 838 1909 ἡς
878 1853 1022 1911 φύλαξ
1067 1853 1341 1898 ἀπεδέδεικτο
1361 1856 1578 1927 Δίφιλος.
1637 1857 1661 1900 6
1691 1857 1738 1901 δὲ

362 1907 580 1960 Σέλευκος
623 1910 947 1982 συστησάμενος
984 1913 1266 1965 πολιορκίαν,
1303 1911 1375 1954 καὶ
1421 1929 1531 1955 κατα
1579 1912 1738 1984 κροὶτος

283 1964 337 2007 85
366 1964 476 2009 ελων
511 1981 591 2021 την
636 1966 799 2021 ἄκραν,
848 1967 1077 2024 εκομίσατο
1123 1968 1176 2012 τοὶ
1220 1967 1525 2025 φυλαττόμενα
1562 1971 1737 2028 σώματα

365 2142 424 2178 52.
447 2144 523 2180 τιὸν
552 2146 799 2191 πραγμάτων]
830 2158 1053 2192 πραγματων
1075 2148 1108 2182 Τ
1289 2147 1345 2185 55.
1373 2149 1450 2185 δεῖν
1472 2150 1575 2191 Bas„
1609 2153 1739 2188 caeteri

369 2192 430 2226 δεῖ
617 2192 674 2227 57.
707 2194 961 2239 Βραγχίδαις]
982 2195 1218 2239 Βραγχίδεσιν
1250 2194 1332 2231 Bas
1345 2221 1355 2240 ,
1391 2197 1586 2241 Βραχίδεσι
1609 2199 1639 2232 V

468 2236 526 2272 58.
561 2241 879 2285 προςαγορεῦσαι]
914 2243 1188 2287 προαγορεῦσαι
1211 2241 1242 2276 F

461 2316 657 2351 38861)
690 2319 915 2364 διασημῆναι
954 2321 1052 2362 xW,
1094 2321 1223 2355 caeteri
1258 2321 1485 2366 διασημᾶναι
1682 2325 1740 2360 64.

371 2357 413 2396 δε
433 2362 517 2407 καὶ]
549 2360 659 2398 δὲΨ
839 2366 896 2401 69.
922 2365 1090 2410 Κάῤῥαις
1114 2368 1194 2402 Wes
1197 2367 1381 2411 selingius:
1406 2368 1486 2401 libri
1514 2366 1658 2415 Κάραις

555 2410 833 2453 κατῳκισμένων
873 2425 942 2447 om.
980 2415 1063 2448 Bas.
1269 2414 1328 2448 70.
1371 2412 1413 2448 δ’
1448 2415 1477 2448 F
1683 2416 1742 2452 71.

376 2450 567 2509 ἐνέβαλεν]
609 2454 802 2501 ἐνέβαλλον
826 2458 869 2492 Τ
904 2460 988 2494 Bas.
1168 2459 1225 2496 72.
1262 2459 1305 2494 τὸ
1346 2461 1482 2496 δοκοῦν
1515 2459 1642 2510 αὐτῷ]
1673 2461 1743 2497 αὕ-

372 2499 424 2544 τῷ
447 2496 489 2534 vd
518 2502 655 2536 δοκουν
684 2505 760 2538 Bas.
942 2505 1000 2541 73.
1023 2504 1207 2551 τετραέτη]
1231 2509 1404 2563 τετραετῆ
1424 2507 1506 2541 libri
1683 2508 1740 2546 74.

379 2547 661 2593 προςενήνεκτο]
692 2549 1002 2606 προςανηνὲγκετο
1036 2552 1066 2584 F
1261 2554 1320 2587 75.
1355 2551 1575 2599 πόῤῥωθεν]
1611 2552 1757 2609 πόῤῥω

376 2591 456 2626 Bas
654 2595 711 2629 77.
745 2597 871 2644 δοθῇ]
909 2594 1003 2643 δόσῃ
1039 2597 1138 2640 FW,
1182 2598 1281 2645 δωσῃ
1310 2600 1339 2632 V
1508 2600 1580 2635 78·
1614 2598 1738 2636 Πολύ-

377 2639 510 2683 αρχος]
536 2640 743 2684 Πολίαρχος
767 2644 811 2676 W
993 2642 1050 2677 79
1084 2647 1313 2689 στρατιωτῶν
1336 2665 1382 2670 -
1404 2646 1554 2691 χιλίων]
1589 2648 1662 2681 τῶν
1685 2659 1738 2689 χι·-

377 2685 466 2720 λίων
489 2689 723 2729 στρατιωτων
746 2686 772 2733 η“
794 2689 855 2726 καὶ
877 2687 1054 2725 πλειόνων
1077 2690 1110 2732 Q
1245 2691 1302 2727 80.
1324 2693 1520 2739 πλειόνων]
1545 2693 1654 2730 πλέον
1676 2694 1707 2727 F

511 2730 568 2766 82.
592 2734 833 2781 συνέφευγον]
858 2736 1064 2782 συνέφυγον
1085 2736 1116 2770 F
