1820 3249
372 143 482 184 147⁰
748 136 862 178 1413.
888 133 979 176 XXa
1035 132 1266 178 cAP.17;'
1292 134 1359 195 18.

369 251 416 295 δε
446 251 518 295 διὰ
545 248 605 293 τὸ
622 247 733 312 πρὸς
761 248 1092 304 Καρχηδονίους
1130 252 1256 303 μῖσος
1289 246 1596 319 προςηγάγετο
1661 260 1738 290 πα-

370 307 598 375 ρεμβολὴν
631 306 697 349 δὲ
708 307 901 373 πλησίον
939 307 1020 347 τοῦ
1064 304 1259 376 Τύνητος
1300 304 1631 359 ὀχυρωσάμενος
1668 304 1743 346 καὶ.

315 367 340 407 5
368 366 446 420 την
477 363 635 419 ἱκανὴν
668 359 897 405 α’πολιπών
935 361 1164 417 φυλακήν,
1201 360 1390 414 ἀνέζευξε
1422 360 1531 416 πρός
1567 360 1644 410 τὰς
1672 361 1741 403 ἐπὶ

365 421 560 476 θαλάττῃ
599 418 795 488 κειμένας
832 417 990 469 πόλεις.
1031 420 1119 462 καὶ
1153 419 1336 487 πρώτην
1360 418 1438 473 μὲν
1478 416 1588 460 ἔλων
1616 416 1742 459 Νέαν

363 479 495 521 πόλιν
533 476 643 520 κατὰ
681 475 841 529 κράτος
877 475 1206 530 φιλανθρώπως
1235 474 1462 543 ἐχρήσατο
1478 479 1568 524 τοῖς
1595 489 1742 543 χειρω-

365 540 534 577 θεῖσιν·
574 538 665 576 είτα
699 534 933 588 παρελθών
972 531 1043 574 ἐπ’
1077 532 1343 603 Ἀδρύμητα,
1381 530 1491 586 πρὸς
1527 531 1606 586 μὲν
1639 529 1743 572 ταύ-

367 608 447 645 την
481 591 742 663 πολιορκίαν
785 587 1099 644 συνεστήσατο,
1135 587 1324 640 Έλύμαν
1362 589 1407 632 δὲ
1439 588 1529 631 τὸν
1565 587 1744 643 βασιλέα

292 657 338 695 10
367 652 456 691 τῶν
484 646 666 704 Λιβύων
703 647 763 696 εἰς
793 646 1037 700 συμμαχίαν
1060 644 1362 714 προςελάβετο.
1419 643 1447 688 ἆ
1477 643 1530 700 δὴ
1556 644 1747 698 πυθόμε-

367 721 440 747 νοι
489 706 533 748 οί
573 702 902 773 Καρχηδόνιοι,
930 704 1077 744 πᾶσαν
1094 717 1197 772 την
1242 701 1430 756 δύναμιν
1468 716 1746 757 προςηγαγον

367 761 436 804 ἐπὶ
474 761 555 804 τόν
598 763 793 815 Τύνητα,
834 758 908 801 καὶ
945 762 1022 812 τῆς
1060 758 1138 813 μὲν
1174 757 1483 813 Ἀγαθοκλέους
1511 770 1745 812 στρατοπε-

369 820 488 868 δείας
524 817 806 883 ἐκυρίευσαν,
841 819 894 870 τῇ
929 814 1068 857 πόλει
1080 815 1137 858 δὲ
1167 814 1361 886 μηχανὰς
1397 813 1745 883 προςαγαγόντες

286 878 338 920 15
369 888 558 943 συνεχεις
586 870 855 942 προςβολάς
864 873 1109 914 ἐποιοῦντο.
1171 870 1194 914 6
1224 869 1274 914 δ’
1294 870 1584 927 Ἀγαθοκλῆς,
1611 869 1745 925 ἀπαγ-

367 930 604 1000 γειλάντων
633 933 768 972 τινῶν
802 927 920 984 αὐτῷ
949 928 1002 970 τά
1030 928 1127 983 περὶ
1156 927 1261 979 τούς
1291 929 1430 979 ἰδίους
1457 927 1745 981 ἐλαττώματα,

366 986 416 1030 τὸ
456 986 535 1042 μὲν
572 986 685 1030 πολύ
724 989 799 1040 τῆς
840 973 1065 1041 δυνάμεως
1104 986 1329 1029 κατέλιπεν
1368 986 1437 1028 ἐπὶ
1466 988 1541 1039 τῆς
1567 989 1745 1037 πολιορ-

367 1045 488 1094 κίας,
527 1042 608 1099 τὴν
647 1044 692 1086 δὲ
722 1044 960 1096 θεραπείαν
999 1043 1084 1086 καὶ
1118 1046 1207 1085 τῶν
1247 1045 1524 1096 στρατιωτῶν
1568 1040 1745 1095 ὀλίγους

370 1100 604 1156 ἅναλαβων
645 1097 791 1155 λάθρα
828 1102 1076 1168 προςῆλθεν
1116 1099 1186 1142 ἐπί
1229 1115 1327 1141 τινα
1370 1098 1508 1141 τόπον
1558 1096 1744 1152 ὀρεινόν,

285 1164 341 1203 20
371 1157 477 1201 ὅθεν
495 1157 686 1211 ὁρᾶσθαι
707 1154 899 1200 δυνατὸν
917 1157 994 1223 ἡν
992 1155 1126 1198 αὐτὸν
1155 1153 1241 1198 ὑπό
1260 1171 1303 1199 τε
1320 1172 1408 1199 των
1422 1153 1747 1222 Ἀδρυμητινῶν

366 1215 440 1259 καὶ
469 1218 559 1256 τῶν
588 1214 904 1268 Καρχηδονίων
932 1229 1020 1255 των
1061 1212 1140 1255 τὸν
1174 1212 1350 1283 Τύνητα
1377 1209 1746 1280 πολιορκούντων

366 1270 525 1322 νυκτός
565 1271 611 1313 δὲ
642 1269 854 1320 συντάξας
895 1274 988 1319 τοῖς
1017 1267 1299 1338 στρατιώταις
1333 1268 1402 1312 ἐπὶ
1435 1266 1579 1310 πολύν
1609 1267 1748 1311 τόπον

365 1328 487 1398 πυρα
523 1326 663 1378 κάειν,
705 1325 839 1377 δόξαν
875 1325 1075 1396 ἐποίησε
1089 1330 1180 1375 τοῖς
1219 1326 1297 1380 μὲν
1326 1324 1650 1380 Καρχηδονίοις
1689 1321 1749 1373 ὥς

368 1385 474 1441 μετά
514 1382 700 1439 μεγάλης
741 1381 984 1451 δυνάμεως
1006 1379 1075 1424 επ’
1108 1380 1269 1433 αὐτοὺς
1298 1383 1624 1436 πορευόμενος,
1653 1385 1747 1431 τοῖς

280 1447 335 1489 25
367 1442 412 1485 δὲ
442 1439 837 1495 πολιορκουμένοις
869 1436 926 1490 ὡς
965 1436 1095 1494 άλλης
1125 1439 1351 1494 δυνάμεως
1381 1438 1519 1508 ἁδρᾶς
1545 1442 1638 1487 τοῖς
1667 1453 1746 1480 πο-

366 1501 532 1550 λεμίοις
570 1499 629 1548 εἰς
660 1497 907 1553 συμμαχίαν
944 1495 1387 1564 παραγεγενημένης.
1421 1493 1664 1550 ἀμφότεροι
1700 1493 1747 1537 δὲ

365 1559 428 1613 τῷ
456 1556 611 1607 ψευδεῖ
635 1558 718 1597 τοῦ
754 1551 1121 1625 στρατηγήματος
1136 1553 1528 1608 παραλογισθέντες
1555 1549 1747 1604 παραλό-

366 1629 454 1667 γως
491 1609 831 1668 ἠλαττώθησαν,
871 1612 916 1653 οἱ
952 1626 1059 1666 μεν
1077 1609 1156 1653 τὸν
1201 1609 1374 1665 Τύνητα
1409 1612 1748 1662 πολιορκοῦντες

282 1682 337 1722 30
367 1669 583 1741 φυγόντες
621 1670 680 1719 εἰς
713 1666 977 1723 Καρχηδόνα
1007 1668 1080 1709 καὶ
1116 1666 1194 1717 τάς
1224 1666 1425 1736 μηχανὰς
1446 1664 1746 1716 ἀπολιπόντες,

367 1728 410 1770 οί
440 1724 482 1769 δ’
508 1723 816 1797 Ἀδρυμητινοὶ
851 1724 921 1767 δια
962 1722 1041 1767 τὸν
1052 1722 1217 1794 φόβον
1251 1721 1523 1777 παραδόντες
1549 1721 1632 1776 τὴν
1659 1737 1744 1764 πα-

364 1784 502 1836 τρίδα.
559 1780 823 1850 Ἀγαθοκλης
852 1782 899 1824 δὲ
911 1780 1093 1849 ταύτην
1121 1778 1182 1823 δι’
1217 1778 1450 1850 ὁμολογίας
1479 1776 1747 1845 παραλαβών

369 1838 527 1906 Θάψον
564 1836 648 1882 εἷλε
688 1840 799 1882 κατὰ
837 1836 1021 1891 κράτος,
1060 1838 1133 1880 καὶ
1167 1842 1260 1881 ’τῶν
1299 1835 1444 1881 άλλων
1481 1851 1571 1879 των
1608 1833 1745 1890 ταύτῃ

367 1895 537 1939 πόλεων
566 1895 618 1945 ἃς
646 1896 725 1950 μὲν
754 1894 1108 1951 εξεπολιόρκησεν
1145 1892 1197 1945 ἃς
1226 1893 1272 1937 δὲ
1299 1892 1620 1950 προς-ηγάγετο·
1669 1891 1745 1941 τὰς

283 1961 338 2003 35
369 1952 538 2003 ἁπάσας
576 1952 622 1995 δὲ
651 1951 798 2019 πόλεις
832 1954 1012 2002 πλείους
1048 1955 1135 1997 τῶν
1163 1953 1401 1995 διακοσίων
1439 1947 1745 2016 κεχειρωμένος

370 2011 430 2060 εἰς
468 2008 572 2058 τούς
609 2008 702 2051 ἅνω
743 2007 906 2058 τόπους
942 2012 1017 2065 τῆς
1045 2008 1213 2064 Λιβύης
1241 2010 1448 2051 διενοεῖτο
1481 2004 1742 2060 στρατεύειν.

285 2076 341 2116 18
371 2064 685 2118 άναζεύξαντος
714 2067 797 2109 οὐν
828 2063 965 2108 αὐτοῦ
984 2065 1056 2107 καὶ
1078 2067 1251 2115 πλείους
1268 2063 1432 2120 ἡμέρας
1451 2061 1744 2116 ὁδοιποροῦν-

368 2138 465 2173 τος,
494 2121 792 2193 Καρχηδόνιοι
828 2138 909 2178 την
950 2121 997 2164 ἐκ
1027 2122 1229 2171 Σικελίας
1269 2123 1629 2189 διακομισθεῖσαν
1667 2117 1744 2160 δύ-

284 2187 339 2234 40
368 2195 501 2236 ναμιν
528 2179 603 2224 καὶ
629 2178 710 2236 τὴν
739 2179 874 2236 ἄλλην
908 2177 1121 2256 στρατιάν
1147 2177 1471 2235 προαγαγόντες
1488 2174 1638 2219 πάλιν
1664 2172 1745 2217 τὸν

363 2374 399 2408 5.
434 2371 518 2429 ἐπὶ]
556 2368 618 2404 ἐπὶ
648 2369 694 2415 τῇ
723 2366 800 2402 Fw
1001 2361 1034 2395 9.
1067 2358 1250 2404 Ἐλύμαν]
1284 2357 1448 2402 Αἰλύμαν
1481 2358 1533 2401 Q,
1575 2355 1742 2400 Λιλύμαν

363 2421 468 2462 Bas..
489 2416 643 2461 Ἀλύμαν
667 2406 701 2450 T
841 2410 897 2446 11.
923 2407 959 2443 oz
982 2420 1052 2442 om.
1078 2409 1108 2442 Ε
1129 2408 1210 2441 Bas
1345 2403 1601 2461 προςῆναγον]
1625 2402 1743 2447 προή

365 2477 481 2520 yayov
524 2463 554 2496 F
776 2458 834 2493 13.
874 2452 1162 2501 προςαγαγόντες
1206 2451 1382 2507 μηχανάς
1423 2455 1502 2494 post
1544 2448 1741 2484 ἐποιοῦντο

366 2512 463 2558 ponit
485 2509 515 2544 F
697 2507 755 2541 14.
781 2502 825 2540 6’
849 2504 931 2538 Bas.
1114 2499 1170 2534 15.
1196 2512 1308 2533 τινων
1333 2495 1458 2542 αὐτῷ]
1479 2496 1621 2530 invertit
1643 2497 1707 2530 F

437 2557 496 2592 2⁰.
530 2550 606 2590 υπό
638 2555 699 2598 τε]
735 2551 818 2586 libri
841 2547 915 2584 ύπὸ
945 2549 1012 2592 τῆς
1166 2543 1448 2598 Ἀδρυμητινῶν
1457 2541 1520 2578 καὶ
1543 2543 1616 2577 τῶν
1642 2544 1742 2584 Καρ·

370 2603 555 2663 χηδονίων
578 2597 644 2636 τὸν
673 2602 713 2635 Τ.
738 2594 1039 2653 πολιορκούντων
1055 2592 1159 2637 QTY
1185 2592 1288 2633 Bas„
1322 2590 1451 2624 caeteri
1472 2587 1742 2632 Ἀδρυμητινῶν

369 2646 609 2695 (οἷδραμντήι
613 2659 663 2680 ων
685 2658 760 2681 των
781 2645 829 2687 F)
851 2640 918 2678 τόν
945 2643 985 2675 Τ.
1009 2639 1308 2682 πολιορκούντων
1328 2637 1470 2682 χώραςε
1492 2647 1568 2670 των
1590 2636 1741 2692 alterurp

373 2699 416 2732 de
439 2705 517 2730 meo
541 2693 658 2727 addidi
804 2689 862 2724 22.
895 2685 1021 2730 κάειν]
1054 2687 1166 2721 scribe
1195 2686 1315 2719 καίειν
1496 2678 1740 2716 2-1.ἐπάυ-

373 2732 1066 2832 Ξῧῗςέδζῖἕιξέῖῖῗῗ]ἐέἐρὲἷῑῖῗὲοῗὲ
1187 2733 1266 2814 3ΞΪ
1272 2725 1601 2822 &ziz’ffssfflffiz
1622 2738 1740 2806 {PM
