1820 3249
331 169 444 214 1154
689 152 1253 208 L13.xv11.cA'P.2o
1281 166 1352 208 21.

335 280 534 351 σφοδρᾶς
562 277 770 346 εἷςπεσων
800 277 955 349 ρύμης,
984 278 1060 323 καὶ
1092 278 1247 347 βιαίως
1274 278 1324 322 τὸ
1356 275 1466 350 δόρυ
1491 272 1714 343 ωσάμενος

336 335 573 392 διαῤῥήξας
602 352 645 379 τε
676 352 756 391 την
784 351 828 378 τε
860 334 1022 379 άσπίδα
1049 334 1336 406 Ἀλεξάνδρου
1366 335 1438 378 καὶ
1466 331 1546 388 τὴν
1565 329 1711 383 δεξιάν

335 393 550 448 ἐπωμίδα,
591 392 764 448 διήλασε
804 391 876 435 δια
915 396 996 435 τοῦ
1028 392 1244 446 θώρακος.
1303 390 1328 436 6
1358 392 1403 435 δὲ
1433 387 1639 456 βασιλευς
1663 386 1713 430 τὸ

284 451 415 507 5μὲν
450 450 576 507 βέλος
614 453 675 505 τῷ
712 451 910 504 βραχίονι
938 448 1275 517 περιελκόμενον
1301 447 1538 503 άπέῤῥιψε,
1578 447 1639 500 τῷ
1667 442 1712 487 δ’

339 509 456 566 ι’ππῳ
485 506 744 562 προςβαλών
772 506 824 549 τὰ
853 505 1010 558 κέντρα
1039 507 1109 549 καὶ
1142 510 1195 563 τῇ
1219 504 1337 575 ῥύμη
1356 509 1431 562 τῆς
1451 505 1594 574 φορᾶς
1611 512 1716 544 συν-

339 567 453 636 εργῷ
491 563 759 633 χρησάμενος
800 564 859 613 εἰς
896 562 1028 622 μέσον
1073 566 1155 605 τοῦ
1199 562 1428 616 σατράπου
1465 559 1514 604 τὸ
1554 561 1717 614 στῆθος

337 619 529 677 ἐνήρεισε
566 619 615 664 τό
647 619 818 672 ξυστόν.
875 623 929 661 οὑ
960 619 1317 671 συντελεσθέντος
1347 620 1394 663 αἱ
1421 635 1500 676 μεν
1528 616 1717 671 πλησίον

254 690 309 731 60
337 678 476 730 τάξεις
506 676 614 732 παρ’
646 676 910 746 ἀμφοτέροις
940 675 1013 718 δια
1041 676 1120 732 τὴν
1150 675 1401 748 υπερβολὴν
1416 679 1491 731 τῆς
1512 672 1717 727 ἀνδρείας

338 733 607 791 ἀνεβόησαν,
652 737 728 789 τῆς
758 730 799 776 δ’
833 732 1135 785 έπιδορατίδος
1167 733 1265 787 περὶ
1293 733 1369 777 τὸν
1396 733 1606 800 θώρακα
1615 740 1719 772 συν-

335 793 576 862 τριβείσης,
621 790 696 833 καὶ
724 792 803 832 τοῦ
831 788 1116 843 θραύσματος
1153 787 1537 860 άποπηδήσαντος,
1584 784 1608 830 6
1639 784 1720 841 μὲν

337 849 508 904 Πέρσης
543 845 819 901 σπασάμενος
859 844 907 888 τὸ
950 847 1075 901 ξίφος
1109 845 1178 889 ἐπὶ
1217 845 1295 889 τὸν
1320 844 1600 898 Ἀλέξανδρον
1628 842 1719 886 έπε-

337 906 518 961 φέρετο·
549 902 573 947 6
605 903 651 946 δὲ
680 900 883 958 βασιλεύς
910 901 1131 957 διαλαβών
1160 903 1209 946 τὸ
1239 903 1398 956 ξυστόν
1414 902 1636 971 ε’φθασεν
1632 899 1719 943 ένε-

254 968 309 1011 65
341 967 481 1015 ρεῖσαι
509 963 570 1016 τῷ
600 959 840 1029 προςώπῳ,
869 960 943 1002 καὶ
973 959 1150 1029 διήλασε
1178 959 1258 1016 τὴν
1281 957 1468 1031 πληγήν.
1527 955 1636 1002 καθ’
1667 954 1720 999 ὂν

341 1017 399 1074 δη
435 1017 597 1072 χρόνον
639 1014 662 1060 6
705 1014 896 1072 ἀδελφὸς
929 1021 1009 1060 τοῦ
1044 1014 1257 1069 πεσόντος
1281 1015 1506 1072 Ῥωσάκης
1542 1027 1721 1068 προςιπ-

339 1073 504 1126 πεύσας
542 1073 777 1129 κατήνεγκε
815 1077 875 1130 τῷ
907 1074 1019 1129 ξίφει
1057 1073 1168 1118 κατὰ
1205 1078 1280 1130 τῆς
1316 1075 1508 1129 κεφαλῆς
1532 1069 1722 1123 Ἀλεξάν-

341 1134 453 1186 δρου
501 1131 642 1181 οὕτως
685 1118 967 1174 ἐπικίνδυνον
1002 1129 1181 1187 πληγήν
1211 1131 1314 1182 ὥςτε
1350 1130 1398 1174 τὸ
1439 1146 1517 1185 μεν
1556 1127 1721 1197 κράνος

257 1203 312 1243 70
342 1186 590 1240 διαπτύξαι,
630 1191 707 1231 τοῦ
739 1187 784 1230 δὲ
813 1186 982 1257 χρωτὸς
1006 1189 1200 1257 βραχέως
1228 1187 1477 1240 ἐπιψαῦσαι
1535 1184 1645 1230 κατά
1675 1183 1723 1227 δὲ

339 1245 420 1315 τὴν
449 1243 586 1300 αὐτὴν
617 1245 828 1298 διαίρεσιν
858 1243 1141 1299 ἐπιφέροντος
1170 1244 1305 1301 ἄλλην
1325 1243 1494 1312 πληγὴν
1513 1247 1594 1286 τοῦ
1620 1241 1725 1284 Ρω-

343 1301 496 1353 σάκον,
528 1304 707 1352 Κλεῖτος
725 1300 748 1344 ὁ
768 1302 896 1358 μέλας
915 1300 1256 1370 ἐπικαλούμενος
1276 1300 1544 1356 προςελάσας
1562 1299 1638 1358 τὸν
1657 1299 1724 1341 ἴ-π

258 1372 311 1412 21
344 1375 432 1403 πον
468 1357 660 1410 οἷπέκοψε
697 1359 776 1413 τὴν
811 1363 933 1413 χεῖρα
962 1362 1041 1401 τοῦ
1073 1357 1314 1430 βαρβάρου.
1371 1358 1469 1412 περὶ
1500 1357 1540 1400 δ’
1574 1355 1727 1424 ἀμφο-

260 1430 314 1471 75
344 1416 483 1470 τέρων
520 1432 608 1458 των
637 1415 861 1458 πεσόντων
892 1417 935 1457 οἱ
963 1420 1183 1486 συγγενεῖς
1213 1413 1374 1468 ἀθρόοι
1404 1412 1729 1486 συστραφέντες

343 1473 393 1518 τὸ
423 1473 503 1529 μὲν
526 1476 704 1524 πρῶτον
732 1470 960 1528 ἠκόντιζον
988 1471 1058 1515 ἐπὶ
1087 1472 1164 1515 τὸν
1185 1469 1484 1542 Ἀλέξανδρον,
1511 1470 1656 1514 ἔπειτα
1678 1468 1727 1512 δὲ

342 1530 415 1576 καὶ
446 1528 666 1586 συστάδην
695 1529 935 1584 μαχόμενοι
964 1528 1107 1572 πάντα
1137 1530 1349 1572 κίνδυνον
1376 1527 1596 1584 ὑπέμενον
1611 1525 1726 1579 ὑπὲρ

343 1589 426 1632 τοῦ
464 1589 682 1641 φονεῦσαι
720 1585 800 1629 τὸν
841 1586 1032 1656 βασιλέα.
1092 1585 1115 1630 6
1157 1586 1203 1629 δὲ
1240 1588 1394 1641 καίπερ
1432 1588 1612 1635 πολλοῖς
1650 1583 1724 1626 καὶ

345 1641 548 1713 μεγάλοις
575 1641 801 1694 κινδύνοις
831 1641 1136 1713 συνεχόμενος,
1163 1641 1280 1698 ὅμως
1311 1642 1397 1715 ,οὐκ
1428 1642 1600 1686 ἐνικᾶτο
1633 1643 1726 1690 τοῖς

262 1709 316 1749 80
345 1700 532 1757 πλήθεσι
560 1704 650 1743 τῶν
678 1701 911 1755 πολεμίων,
942 1699 1050 1744 άλλά
1078 1699 1161 1743 δύο
1191 1717 1271 1755 μεν
1307 1700 1416 1755 ἔχων
1445 1700 1506 1750 εἷς
1521 1697 1602 1742 τόν
1635 1695 1728 1740 θω-

347 1775 460 1814 ρακα
489 1755 665 1827 πληγάς,
696 1759 801 1813 μίαν
832 1756 878 1800 δὲ
908 1758 968 1807 εἷς
996 1755 1044 1800 τὸ
1075 1755 1254 1811 κράνος,
1284 1762 1400 1811 τρεῖς
1429 1753 1472 1799 δ’
1495 1757 1554 1806 εἰς
1574 1754 1623 1798 τὸ
1653 1769 1728 1797 κα

346 1815 574 1884 θαιρεθὲν,
588 1813 723 1858 ὅπλον
752 1814 799 1858 έκ
828 1817 909 1856 τοῦ
936 1812 1021 1856 νεώ
1052 1817 1126 1868 τῆς
1149 1812 1350 1870 Ἀθηνᾶς,
1379 1814 1496 1870 ὅμως
1527 1810 1610 1856 οὐκ
1639 1810 1729 1854 ένε-

350 1873 503 1923 δίδου,
548 1868 657 1913 άλλὰ
698 1875 760 1928 τῷ
802 1869 1105 1925 παραστήματι
1142 1874 1237 1941 τῆς
1261 1874 1400 1926 ψυχῆς
1439 1868 1728 1923 ἐπαιρόμενος

265 1932 319 1975 85
348 1926 512 1979 παντὸς
546 1929 695 1971 δεινοῦ
730 1915 1074 1979 κατεξανίστατο.
1132 1943 1239 1999 μετα
1279 1928 1325 1971 δὲ
1360 1930 1499 1970 ταῦτα
1528 1926 1600 1969 καὶ
1635 1940 1726 1967 των

350 1984 494 2028 ἄλλων
531 1984 758 2039 ἐπιφανῶν
785 1983 1011 2048 ἡγεμόνων
1038 1983 1144 2039 παρ’
1176 1983 1312 2028 αὐτὸν
1341 1984 1388 2027 έν
1416 1988 1508 2034 τοῖς
1538 1982 1730 2053 Πέρσαις

351 2042 508 2085 επεσον
547 2043 744 2093 πλείους,
798 2047 860 2084 ὠν
903 2042 1018 2096 ησαν
1057 2041 1394 2096 ἐπιφανέστατοι
1429 2037 1618 2112 Ἀτιζύης
1653 2037 1729 2082 καὶ

353 2096 587 2152 Φαρνάκης
618 2098 641 2141 6
668 2115 743 2153 της
771 2099 966 2152 Δαρείου
994 2098 1204 2167 γυναικὸς
1233 2097 1443 2154 ἀδελφὸς,
1475 2096 1536 2140 ε’τι
1566 2095 1612 2139 δὲ
1642 2098 1729 2138 Μι-

349 2154 658 2224 θροβουζάνης
696 2154 719 2198 ὁ
753 2156 1065 2198 Καππαδοκων
1102 2153 1356 2210 ἡγούμενος
1418 2152 1487 2197 διὸ
1517 2152 1590 2195 καὶ
1619 2155 1807 2196 πολ-176

267 2219 321 2259 90
350 2215 441 2256 λῶν
468 2210 697 2270 ἡγεμόνων
723 2209 1060 2266 ἀναιρεθέντων,
1088 2212 1164 2256 καὶ
1192 2215 1279 2256 τῶν
1303 2212 1535 2268 Περσικῶν
1564 2207 1730 2262 τάξεων

348 2359 405 2397 51.
453 2358 573 2405 ῥύμης
597 2361 641 2402 L,
662 2360 790 2395 caeteri
812 2358 939 2421 ῥώμης
1123 2334 1181 2396 54.
1219 2357 1286 2404 μὲν
1309 2371 1378 2393 om.
1403 2360 1486 2394 Bas.
1674 2357 1734 2393 56.

349 2405 450 2463 ῥύμῃ
476 2407 652 2441 Reiskius:
692 2407 774 2441 libri
806 2407 935 2462 ῥώμῃ
1106 2406 1164 2441 57.
1211 2406 1254 2442 τό
1289 2417 1357 2440 om.
1393 2407 1476 2439 Bag.
1675 2403 1732 2438 58.

348 2452 391 2487 τὸ
418 2452 549 2496 ξυστὸν
574 2454 602 2486 Y
628 2455 721 2491 Bas..
746 2455 874 2488 (aeteri
896 2450 960 2489 τὸν
984 2450 1116 2496 ξυστόν
1298 2453 1356 2488 60.
1404 2449 1441 2487 δ’
1466 2453 1546 2486 Bas.

349 2499 408 2533 64.
455 2499 496 2533 τὸ
523 2499 656 2541 ξυστόν
680 2502 763 2533 Bas.
756 2526 785 2542 .‚
809 2500 935 2534 caeteri
961 2499 1024 2534 t6v
1049 2497 1182 2542 ξυστὸν
1264 2535 1268 2536 ⁷
1356 2498 1413 2532 66.
1463 2494 1659 2542 ῥωσάκκης
1682 2496 1731 2529 F:

352 2545 402 2579 sic
426 2549 460 2578 et
480 2546 538 2578 71.
723 2546 780 2581 67.
823 2543 1059 2590 Ἀλεξάνδρου
1083 2548 1265 2579 servarunt
1286 2545 1347 2578 FL
1373 2545 1438 2578 Cos
1425 2556 1505 2588 pus
1673 2542 1730 2576 77.

353 2590 497 2646 πάντα]
524 2590 623 2634 παροὶ
648 2588 711 2627 τὸν
735 2593 763 2626 L
787 2596 820 2626 et
843 2593 901 2636 qui
924 2593 959 2626 in
981 2603 1174 2636 marg-119.
1198 2590 1319 2625 πάντα
1343 2592 1436 2625 κινδ.
1463 2592 1492 2624 F
1673 2587 1732 2625 83.

354 2635 446 2673 azzo}
471 2637 539 2683 τιὸ]
566 2639 617 2684 τῷ
642 2637 680 2672 δὲ
705 2639 762 2672 Fh
930 2637 986 2672 85.
1033 2637 1149 2672 ταῦτα
1172 2638 1255 2681 καὶ]
1283 2638 1401 2673 ταῦτα
1425 2637 1457 2670 Τ
1477 2632 1562 2670 Bas.

353 2672 550 2740 ἑπιφανων
573 2685 798 2739 0111.Cospus
979 2683 1037 2717 86.
1085 2681 1123 2718 ἐν
1146 2684 1251 2728 τοῖς]
1283 2682 1323 2718 έν
1347 2687 1427 2723 τοῖς
1451 2681 1490 2717 ἐν
1513 2683 1547 2716 F

353 2730 409 2764 87.
459 2727 642 2774 Ἀτιζύης]
673 2726 838 2775 Ἀτυζύης
861 2731 941 2772 FL,
980 2727 1140 2774 Ἀτιξύης
1163 2730 1196 2763 Τ
1221 2731 1370 2773 Cospus,
1411 2733 1511 2763 caete
1514 2729 1544 2762 ri
1565 2723 1735 2769 Ἀτυξύης

534 2777 591 2810 88.
641 2755 964 2831 Μιθροβουζάνής
993 2777 1021 2811 Υ
1049 2777 1201 2821 Cospus,
1235 2773 1554 2822 μιθρωβαρζάινης
1576 2775 1628 2818 F,
1653 2783 1734 2810 cae-

350 2822 416 2857 teri
442 2820 764 2869 ΖΠιθροβαρζάνης
