1820 3249
483 194 737 235 LIB.XV1.
768 195 893 237 CAP.
925 197 1078 238 21.2‘'.
1353 203 1459 243 1061

101 305 338 377 εὐεργέτην,
372 306 432 358 ὥς
458 305 597 376 μόνον
625 309 796 376 σωτῆρα
813 304 1021 361 γεγονότα
1041 310 1115 377 Ιτῆς
1131 311 1348 364 πατρίδος
1387 313 1459 356 καὶ

100 363 154 407 τοὶ
182 364 262 418 μὲν
288 378 396 406 κατα
423 362 503 432 τὴν
532 364 738 406 Σικελίαν
766 362 813 405 ἐν
838 362 1012 413 τούτοις
1039 366 1106 417 ἠν.
1489 373 1543 413 20

213 418 335 462 Κατά
371 418 418 462 δὲ
447 435 498 474 τη
501 435 528 462 ν
550 417 735 461 Ἐλλάδα
763 420 882 461 Χίων
910 419 984 462 καὶ
1007 417 1187 463 Ῥοδίων
1214 422 1288 464 καὶ
1317 422 1457 465 Κώων
1487 429 1540 468 21

100 476 162 519 ἔτι
190 475 237 518 δὲ
266 475 514 527 Βυζαντίων
553 474 932 545 διαπολεμούντων
958 475 1068 528 πρὸς
1090 473 1353 532 Ἀθηναίους
1379 479 1456 521 τὸν

103 530 374 587 συμμαχικὸν
415 531 629 599 πόλεμον,
677 530 914 586 ἀμφότεροι
958 531 1142 587 μεγάλας
1181 535 1457 586 παρασκευας

99 588 355 640 ἐποιοῦντο,
406 587 667 656 βουλόμενοι
687 589 924 657 ναυμαχίᾳ
959 593 1105 641 κρῖναι
1141 588 1220 631 τόν
1255 587 1457 644 πόλεμον.
1488 598 1541 638 23

97 641 320 698 Ἀθηναῖοι
358 643 404 686 δὲ
445 642 625 714 Χάρητα
652 644 731 699 μὲν
757 643 862 700 μετὰ
891 647 1004 687 νεῶν
1032 643 1240 714 ἑξήκοντα
1266 661 1460 715 προαπε-

99 699 328 750 σταλκότες
354 693 467 754 ἦσαν
495 700 542 743 έν
569 705 662 752 τοῖς
686 700 777 743 ἅνω
806 704 991 754 καιροῖς,
1019 699 1116 743 τότε
1141 701 1186 744 δὲ
1211 699 1344 754 ἄλλας
1363 701 1459 758 ἑξή-

98 771 232 799 κοντα
265 755 569 812 πληρώσαντες
603 757 676 800 καὶ
715 756 983 828 στρατηγους
1020 755 1320 812 ἐπιστήσαντες
1353 774 1460 809 τους

98 812 464 867 ἐπιφανεστάτους
490 829 580 856 των
607 817 814 867 πολιτῶν,
844 811 1096 869 Ἰφικράτην
1123 815 1196 857 καὶ
1228 813 1459 884 Τιμόθεον,

97 868 395 921 ἐξαπέστειλαν
421 873 570 939 κοινῇ
579 870 682 925 μετὰ
709 869 907 924 Χάρητος
937 871 1215 924 διαπολεμεῖν
1242 875 1332 921 τοῖς
1355 869 1460 925 οἶφε·
1489 876 1543 916 3Ο

100 923 280 994 στηκόσι
305 928 396 968 τῶν
423 925 770 982 συμμάχων.οῖ
792 926 838 970 δὲ
869 930 970 969 Χιοι
998 927 1072 969 καὶ
1095 925 1256 970 Ρόδιοι
1283 927 1356 970 καὶ
1378 931 1462 970 Βυ-

100 981 263 1034 ζάντιοι
302 981 406 1051 μετὰ
443 987 531 1025 τῶν
567 981 802 1040 συμμάχων
842 982 996 1026 ἑκατὸν
1023 986 1132 1033 ναῦς
1159 982 1462 1038 πληρώσαντες

88 1036 269 1093 Ἴμβρον
308 1053 387 1092 μεν
422 1038 494 1082 καὶ
532 1042 724 1107 Λῆμνον
747 1040 883 1082 οὐσαν
918 1037 1158 1094 Ἀθηναίων
1193 1039 1462 1109 ἐπόρθησαν,

34 1099 80 1134 98
100 1094 170 1138 ἐπὶ
197 1095 244 1137 δε
264 1093 419 1163 Σάμον
444 1098 584 1164 πολλῆ
613 1093 794 1149 δυνάιιει
823 1095 1158 1148 στρατεύσαντες
1185 1111 1263 1151 την
1286 1097 1364 1151 μὲν
1381 1095 1461 1167 χώ-

99 1166 185 1204 ραν
213 1148 432 1218 ἐδῄωσαν,
479 1150 559 1206 τὴν
595 1152 640 1194 δὲ
672 1135 800 1194 πάλιν
829 1150 1114 1204 ἐπολιόρκουν
1142 1152 1251 1195 κατὰ
1255 1156 1359 1222 γῆν
1387 1152 1462 1195 καὶ
1491 1157 1544 1199 35

97 1205 208 1250 κατὰ
235 1204 479 1250 θάλατταν·
513 1207 675 1258 πολλὰς
703 1207 750 1250 δὲ
778 1208 850 1251 καὶ
879 1206 1012 1259 ἄλλας
1039 1207 1201 1277 νήσους
1223 1207 1356 1260 οὔσας
1376 1207 1459 1251 ὑπ’

93 1262 357 1333 Ἀθηναίους
390 1262 759 1337 κακοπμιησαντες
798 1264 995 1336 χρήματα
1030 1263 1251 1320 ἥθροισαν
1288 1265 1348 1316 εἰς
1383 1264 1462 1315 τὰς

97 1323 179 1362 τοῦ
221 1318 413 1389 πολέμου
450 1321 604 1375 χρείας.
669 1322 712 1364 οἱ
750 1320 795 1363 ὁε
833 1336 922 1363 των
956 1319 1197 1391 Ἀθηναίων
1232 1321 1463 1376 στρατηγοὶ

98 1375 254 1426 πάντες
282 1373 593 1430 ἀθροισθέντες
619 1375 669 1419 τὸ
700 1393 779 1430 μεν
807 1379 982 1431 πρῶτον
1011 1375 1273 1432 ἐπεβάλοντο
1291 1382 1463 1431 πολιορ-
1492 1380 1545 1423 40

98 1435 228 1487 κῆσαι
265 1431 345 1486 τὴν
383 1435 470 1475 τῶν
509 1434 760 1486 Βυζαντίων
797 1432 946 1486 πόλιν,
993 1433 1099 1488 μετὰ
1134 1433 1181 1476 δε
1208 1437 1346 1477 ταῦτα
1376 1450 1464 1477 των

100 1490 222 1531 Χίων
249 1488 324 1531 καὶ
351 1491 440 1531 τών
469 1488 705 1558 συμμάχων
733 1488 812 1542 τήν
839 1505 917 1544 μεν
944 1490 1204 1544 πολιορκίαν
1220 1493 1296 1546 τῆς
1311 1489 1468 1546 Σάμου

100 1542 347 1595 λυσάντων,
386 1543 454 1587 ἐπὶ
484 1544 530 1587 δε
559 1561 640 1600 την
672 1546 883 1611 βοήθειαν
911 1550 1002 1596 τοῖς
1032 1547 1290 1597 Βυζαντίοις
1309 1561 1467 1616 τρεπο-

101 1600 265 1669 μένων,
297 1603 685 1669 συνηθροίσθησαν
714 1600 871 1651 πάντες
900 1603 944 1644 οἱ
973 1600 1122 1644 στόλοι
1149 1602 1246 1654 περὶ
1274 1601 1352 1644 τὸν
1375 1601 1466 1645 Ἑλ-

97 1655 350 1727 λήςποντον.
395 1655 642 1726 μελλούσης
663 1657 707 1700 δὲ
739 1659 937 1727 γίνεσθαι
965 1661 1042 1725 τῆς
1070 1659 1310 1712 ναυμαχίας
1335 1658 1466 1714 μέγας
1494 1661 1548 1705 45

99 1712 259 1781 α’νεμος
286 1711 498 1755 ἐπιπεσών
518 1713 779 1757 διεκώλυσεν
799 1711 947 1756 αὐτῶν
974 1712 1054 1769 τὴν
1077 1715 1346 1767 προαίρεσιν.
1384 1718 1466 1757 τοῦ

100 1769 147 1813 δὲ
177 1768 374 1840 Χάρητος
405 1769 523 1822 παρὰ
553 1768 688 1825 φύσιν
716 1768 989 1839 βουλομένου
1005 1774 1255 1838 ναυμαχεῖν,
1286 1770 1359 1813 καὶ
1377 1774 1467 1813 τῶν

99 1825 198 1879 περὶ
227 1824 305 1868 τόν
328 1823 578 1895 Ἰφικράτην
605 1826 678 1870 καὶ
713 1825 929 1895 Τιμόθεον
958 1824 1306 1880 ἐναντιουμένων
1325 1826 1397 1870 διὰ
1416 1825 1469 1869 τὸ

100 1882 283 1938 μέγεθος
313 1884 393 1924 τοῦ
429 1880 679 1933 κλύδωνος,
727 1880 750 1926 ὁ
781 1898 859 1951 μεν
890 1881 1038 1951 Χάρης
1068 1881 1467 1951 ἐπιμαρτυρόμενος

99 1943 192 1989 τοῖς
225 1937 503 1992 στρατιώταις
539 1939 709 1994 διέβαλε
745 1938 849 1989 τούς
885 1937 1187 2009 συνάρχοντας
1221 1936 1280 1989 ὥς
1307 1937 1466 1992 προδό-
1496 1948 1550 1989 50

99 2010 189 2045 τας,
217 1994 291 2037 καὶ
319 1994 428 2065 πρὸς
454 1995 534 2038 τόν
563 1998 702 2063 δῆμον
731 1995 890 2050 ε’γραψε
919 1994 1018 2048 περὶ
1046 1993 1194 2037 αὐτῶν
1216 1993 1274 2045 ώς
1292 1993 1466 2050 ἔγκατα·

100 2049 364 2095 λελοιπότων
400 2049 606 2102 ἑκουσίως
642 2067 723 2106 την
761 2052 1027 2122 ναυμαχίαν·
1082 2067 1126 2094 οι
1162 2048 1205 2093 δ’
1240 2050 1468 2121 Ἀθηναῖοι

99 2107 465 2162 παροξυνθέντες,
509 2108 585 2151 καὶ
623 2109 769 2161 κρίσιν
806 2111 867 2164 τῷ
892 2105 1124 2161 Ἰφικράτει
1159 2106 1234 2150 καὶ
1267 2107 1466 2179 Τιμοθέῳ

100 2163 353 2218 προθέντες,
381 2162 619 2218 ἐζημίωσαν
643 2162 804 2213 αὐτοὺς
831 2167 1010 2214 πολλοις
1038 2161 1264 2213 ταλάντοις
1291 2163 1364 2207 καὶ
1391 2168 1467 2219 τῆς
1495 2172 1551 2213 55

103 2220 359 2289 στρατηγίας
404 2219 657 2289 ἀπέστησαν
726 2218 874 2274 Χάρης
914 2219 960 2262 δὲ
996 2217 1264 2287 παραλαβών
1304 2221 1466 2271 παντὸς
1494 2229 1550 2269 22

101 2280 182 2319 τοῦ
212 2274 370 2318 στόλου
394 2277 474 2345 τήν
497 2274 765 2347 ἡγεμονίαν,
816 2275 890 2318 καὶ
928 2274 1128 2318 σπεύδων
1165 2278 1240 2330 τῆς
1269 2275 1467 2330 δαπάνης

101 2330 343 2383 ἀπαλλάξαι
370 2331 475 2383 τούς
497 2331 779 2401 Ἀθηναίους,
820 2331 1060 2400 ἐπεχείρησε
1088 2332 1240 2385 πράξει
1268 2332 1464 2400 παραβό-

103 2392 178 2446 λῳ.
229 2385 493 2445 Ἀρταβάζου
521 2405 606 2445 γαρ
637 2386 904 2439 ἀποστάντος
931 2386 1015 2431 άπὸ
1042 2391 1122 2433 τοῦ
1140 2386 1362 2444 βασιλέως,
1390 2389 1465 2433 καὶ

104 2568 163 2604 19.
206 2566 272 2612 τήν
298 2567 492 2626 Σικελίαν]
534 2569 708 2604 Σικελίαν
733 2568 762 2601 F
785 2569 865 2603 Bas.
1048 2567 1106 2602 25.
1154 2579 1221 2610 μεν
1252 2579 1320 2602 om
1345 2568 1376 2602 F

195 2614 251 2649 27.
296 2613 355 2648 καὶ
392 2614 763 2650 om.1=*.33
813 2610 951 2658 ουσαν]
985 2614 1092 2648 immo
1117 2611 1249 2655 οὔσαςι
1285 2614 1466 2649 Athenien-

105 2660 193 2695 sium
217 2659 344 2693 insulas
367 2660 495 2703 Coepus

196 2726 252 2760 98.
283 2725 339 2760 39.
386 2724 626 2786 ἐπεβάλοντο]
653 2726 854 2774 εμβάλοντο
879 2724 1178 2781 1.,ὐπεβάιοντο
1203 2727 1286 2761 Bas.

106 2773 164 2807 50.
211 2771 374 2815 διέβαλε]
399 2773 558 2818 διέβαλλε
582 2774 646 2808 1·'r
671 2776 751 2808 Bas.
915 2754 991 2806 58.
1015 2773 1071 2806 (Η.
1117 2768 1384 2821 Ἀρταβάζου-
1398 2769 1468 2816 Ἀρ-

107 2817 264 2863 τάβαζος
286 2819 373 2862 θυεμ
367 2830 434 2860 us,
457 2819 581 2854 caeteri
609 2818 850 2866 Φαρναβάζου
869 2839 906 2845 -
925 2815 1163 2864 Φαρνάβαζος
