1820 3249
0 715 3 775 ζ
33 730 96 764 160

237 722 614 764 ΔΙΟΔΩΡΟΤ
689 721 826 762 ΤΟΓ
896 720 1360 762 ΣΙΚΕΛΙΩΤΟΤ

105 827 839 876 ΒΙΒΛΙΟΘῙΙΚΙῘΣ
910 828 1490 874 ΙΣΤΟΡΙΚΙῙΣ

369 939 607 974 ΒΙΒΛΟΣ
651 938 1111 973 ΕΠΤΛΚΑΙΔΕΚΑ
1127 939 1226 972 ΤΗ.

114 1130 267 1202 Η“
222 1165 300 1221 μὲν
330 1165 417 1220 πρὸ
446 1164 604 1237 ταύτης
638 1167 812 1222 βίβλος,
861 1160 974 1210 οὖσα
982 1140 1077 1235 τῆς
1110 1162 1212 1220 ὅλης
1242 1163 1483 1216 συντάξεως
1513 1165 1538 1203 l

100 1221 407 1293 ἑκκαιδεκάτῃ,
452 1222 534 1279 τήν
574 1222 712 1279 ἀρχὴν
749 1224 869 1279 ἔσχεν
909 1222 996 1266 ἀπὸ
1034 1225 1110 1296 τῆς
1142 1223 1362 1264 Φιλίππου
1404 1225 1484 1264 τοῦ

100 1277 313 1335 Ἀμύντου
343 1282 587 1334 βασιλείας’
618 1280 979 1351 περιεληφθησαν
1014 1279 1058 1323 6’
1091 1279 1138 1322 ἐν
1168 1277 1282 1334 αὕτη
1311 1275 1541 1332 πράξειςὸ

104 1338 150 1379 αἱ
178 1352 257 1405 μεγ
285 1340 366 1379 τοῦ
399 1338 620 1380 Φιλίππου
650 1343 787 1381 πᾶσαι
816 1337 940 1393 μέχρι
969 1340 1064 1408 τῆς
1080 1339 1317 1406 τελευτῆς,
1354 1337 1401 1378 αἱ
1439 1337 1486 1379 δὲ

101 1395 190 1435 τῶν
219 1391 364 1436 ἄλλων
381 1394 609 1463 βασιλέων
637 1411 681 1437 τε
717 1395 791 1436 καὶ
820 1394 966 1437 ἐθνῶν
996 1393 1070 1437 καὶ
1098 1392 1268 1436 πόλεων
1290 1391 1392 1436 ὅσαι
1417 1408 1486 1448 γε-

101 1449 258 1505 γόνασι
285 1449 396 1492 κατὰ
429 1449 532 1501 τούς
561 1453 635 1505 τῆς
646 1453 883 1519 βασιλείας
912 1450 1074 1506 ταύτης
1102 1449 1310 1519 χρόνους,
1353 1449 1486 1500 ὄντας
1518 1451 1570 1489 10

101 1507 211 1549 ἐτῶν
250 1507 386 1575 εἴκοσι
424 1507 498 1550 καὶ
533 1505 760 1562 τεττάρων.
825 1507 875 1550 έν
913 1508 1051 1577 ταύτῃ
1095 1507 1142 1550 δὲ
1178 1506 1255 1557 τὰς
1294 1511 1488 1577 συνεχεῖς

101 1562 278 1618 πράξεις
317 1561 648 1619 ἀναγράφοντες
687 1561 911 1619 ἀρξόμεθα
953 1564 1032 1620 μὲν
1077 1561 1162 1607 duc>
1192 1567 1268 1619 τῆς
1297 1561 1486 1615 Ἀλεξάν-

102 1623 213 1675 δρου
248 1622 489 1690 βασιλείας,
538 1620 850 1675 περιλαβόντες
888 1621 935 1664 δὲ
975 1621 1027 1664 τὰ
1056 1619 1198 1678 τούτῳ
1225 1623 1288 1676 τῷ
1318 1623 1491 1690 βασιλεῖ

101 1677 352 1747 πραχθέντα
389 1676 515 1732 μέχρι
552 1681 629 1732 τῆς
663 1681 861 1748 τελευτῆς
900 1665 1300 1734 συναναγράψομεν
1328 1677 1404 1721 καὶ
1434 1676 1488 1720 τὰ

101 1733 189 1788 ἅμα
217 1733 392 1784 τούτοις
422 1733 760 1777 συντελεσθέντα
789 1734 837 1778 έν
865 1740 957 1786 τοῖς
974 1735 1312 1805 γνωριζομένοις
1336 1735 1487 1789 μέρεσι
1518 1730 1571 1773 15

99 1795 174 1848 τῆς
205 1790 477 1846 οἰκουμένης.
538 1790 653 1834 οὕτω
680 1790 764 1847 γάρ
796 1789 980 1846 μάλιστα
1008 1790 1383 1847 ὑπολαμβάνομεν
1408 1808 1486 1842 τας

99 1849 273 1902 πράξεις
301 1847 682 1903 εὐμνημονεύτους
711 1848 909 1901 ε’σεσθαι,
945 1851 1259 1904 κεφαλαιωδῶς
1287 1849 1487 1899 τεθείσας

99 1905 173 1949 καὶ
201 1905 383 1972 συνεχὲς
411 1904 594 1975 ἐχούσας
621 1910 716 1956 ταῖς
744 1904 898 1964 άρχαῖς
925 1907 974 1949 τὸ
1007 1905 1141 1957 τέλος.
1199 1905 1247 1948 έν
1276 1903 1408 1974 ὀλίγῳ
1439 1905 1485 1948 δὲ

99 1960 244 2034 χρόνῳ
274 1960 462 2032 μεγάλας
497 1961 670 2016 πράξεις
709 1964 836 2013 οὗτος
864 1961 888 2006 6
908 1961 1122 2034 βασιλεὺς
1151 1962 1482 2031 κατειργάσατο,
1513 1963 1570 2003 20

98 2019 174 2062 καὶ
199 2017 273 2063 δια
301 2018 382 2076 τὴν
412 2020 530 2064 ἰδίαν
560 2018 740 2062 σύνεσίν
774 2035 820 2062 τε
848 2019 923 2063 καὶ
935 2018 1162 2089 ἀνδρείαν
1190 2017 1484 2089 υπερεβάλετο

99 2079 160 2133 τῷ
189 2076 361 2131 μεγέθει
390 2079 478 2119 τῶν
507 2075 647 2131 ε’ργων
676 2073 842 2127 πάντας
870 2093 976 2128 τους
1005 2077 1048 2128 ἐξ
1081 2078 1241 2127 αἰωνος
1260 2079 1314 2134 τῇ
1336 2074 1484 2133 μνήμῃ

98 2121 480 2203 παραδεδομένους
518 2137 721 2204 βασιλεῖς.
782 2133 830 2176 ἐν
865 2133 976 2177 ε’τεσι
1013 2135 1097 2206 γὰρ
1137 2133 1308 2177 δωδεκα
1346 2149 1486 2176 κατα-

101 2188 397 2258 στρεψοὲμενος
424 2194 503 2247 τῆς
531 2191 610 2260 μὲν
639 2189 876 2261 Εὐρωπης
893 2189 978 2235 οὐκ
1003 2190 1140 2246 ὀλίγα,
1170 2207 1222 2260 τη
1225 2206 1252 2233 ν
1273 2189 1319 2234 δὲ
1338 2187 1484 2233 Ἀσίαν

101 2246 255 2302 σχεδὸν
285 2248 481 2297 ἅπασαν,
519 2246 694 2298 εἰκότως
721 2246 985 2318 περιβόητον
1013 2247 1105 2318 εσχε
1133 2247 1214 2303 τὴν
1245 2245 1380 2298 δόξαν
1408 2246 1484 2314 καὶ
1513 2245 1567 2289 25

100 2309 192 2354 τοῖς
220 2309 425 2355 παλαιοῖς
452 2303 608 2376 ἥρωσι
621 2305 695 2349 καὶ
727 2301 927 2361 ἡμιθέοις
957 2304 1207 2357 ἰσάζουσαν.
1265 2302 1374 2347 άλλοὶ
1396 2303 1483 2359 γάρ

101 2359 186 2403 οὐκ
207 2359 448 2432 ἀναγκαῖον
468 2360 578 2430 ἡμῖν
591 2378 638 2405 εν
656 2364 716 2417 τῷ
735 2364 954 2417 προοιμίῳ
973 2359 1302 2432 προλαμβάνειν
1330 2378 1372 2404 τι
1396 2364 1485 2404 τῶν

98 2417 462 2474 κατωρθωμένων
491 2415 642 2477 τούτῳ
681 2422 742 2476 τῷ
779 2422 970 2475 βασιλεῖ·
1016 2418 1146 2463 αὐταὶ
1180 2417 1263 2476 γὰρ
1299 2419 1346 2462 αἱ
1373 2417 1482 2462 κατά

188 2587 268 2623 16⁰.
317 2587 417 2624 inser.
436 2592 505 2626 nm.
524 2590 565 2632 L,
592 2594 637 2626 A.
661 2591 750 2634 (του
766 2589 990 2626 Hammon
1008 2590 1106 2625 addit
1117 2591 1201 2625 Bas.
1206 2591 1226 2636 )
1243 2589 1418 2633 ἱστοριῶν
1438 2589 1481 2631 ιζ’

98 2633 128 2666 Y
152 2633 234 2669 Bas.
418 2634 476 2669 10
522 2636 729 2680 τεττάρων]
765 2637 952 2683 τεσσάρων
985 2649 1102 2671 omnes
1295 2638 1349 2671 14.
1398 2647 1483 2670 συν-

96 2678 389 2726 αναγροὶψομεν]
425 2679 691 2728 ἀναγράψομεν
715 2684 745 2717 F
933 2682 987 2718 15.
1036 2685 1101 2728 τῆς
1127 2680 1366 2726 οἰκουμένης]
1404 2686 1482 2721 τοῖς

95 2726 341 2795 οἰκουμέναις
360 2729 391 2762 L
574 2732 630 2763 16.
677 2727 765 2774 τοὶς]
790 2729 872 2763 libri
895 2728 961 2769 τάς
985 2742 1023 2764 τε
1205 2730 1261 2764 19,
1314 2727 1377 2772 δὲ]
1409 2725 1479 2773 γάρ

94 2771 125 2805 F
319 2775 377 2809 22
427 2774 475 2819 τῇ
497 2775 623 2821 μνήμῃ
647 2776 725 2814 FL,
759 2776 887 2812 caetea-i
910 2777 1043 2812 addunt
1066 2788 1141 2811 των
1165 2773 1279 2820 ε’ργων

93 2815 150 2853 28.
199 2817 319 2868 τούτῳ
344 2832 417 2858 om
443 2820 524 2856 Bas.
549 2827 584 2857 et
606 2833 687 2856 mox
711 2821 750 2858 αἱ
