1820 3249
442 145 557 191 L1,.B
588 145 694 188 XVI.
724 143 857 185 cAP.
879 147 949 186 62.
971 147 1037 186 63.
1316 146 1426 186 1099

59 272 141 305 σαν
175 261 235 313 εἷς
270 258 460 305 τούπίσω
498 257 630 302 πάλιν
667 255 890 300 ἀποπλεῖν.
949 256 998 299 τὸ
1029 253 1068 298 6
1103 254 1208 298 αὐτὸ
1238 272 1310 298 και
1339 259 1427 300 τῶν

56 319 106 361 ἐν
139 323 230 369 τοῖς
271 316 421 368 ἄλλοις
456 317 626 366 ’πλοίοις
663 312 960 382 κομιζομένων
994 311 1272 381 ποιησάντων
1310 314 1427 355 κατέ-

56 379 246 419 πλευσαν
290 375 350 424 εἰς
393 370 474 429 τὴν
512 370 874 439 Πελοπόννησον.
933 368 1246 423 ἁθροισθέντες
1283 367 1327 411 δ’
1368 371 1428 419 εἰς
1460 370 1510 408 10

58 432 242 475 Μαλέαν
279 427 421 484 ἄκραν
456 432 532 482 τῆς
561 431 815 497 Λακωνικῆς
858 426 944 470 ἐκεῖ
969 427 1209 480 κατέλαβον
1237 424 1284 468 ἐκ
1313 425 1431 481 Κρή-

57 505 133 543 της
160 484 559 537 καταπεπλευκότας
586 483 690 542 τούς
715 485 947 533 Κνωσίους
975 484 1175 538 πρέσβεις
1203 481 1273 524 ἐπὶ
1303 493 1432 524 συνα-

57 547 179 600 γωγῇ
219 540 526 613 μισθοφόρων.
592 543 653 585 ὡν
691 541 1003 595 διαλεχθέντων
1040 544 1100 582 τῶ
1141 555 1186 582 τε
1226 540 1432 594 Φαλαίκῳ

57 601 131 645 καὶ
158 603 250 651 τοῖς
259 598 482 670 ἡγεμόσι,
500 598 574 642 καὶ
602 597 771 642 δόντων
801 596 1052 652 ἀξιολόγους
1073 585 1296 652 μισθούς,
1327 595 1432 664 μετὰ

55 656 226 701 τούτων
254 655 437 726 ἅπαντες
465 654 733 708 ἐξέπλευσαν.
791 653 1056 722 κατάραντες
1087 653 1132 696 65
1153 655 1229 707 τῆς
1256 650 1434 721 Κρήτης
1465 648 1518 689 15

37 716 117 771 ιεἰς
137 712 323 757 Κνωσόν
352 710 488 763 εὐθύς
516 712 558 763 ἐξ
587 711 753 780 ἐφόδου
783 709 913 755 πόλιν
945 709 1241 765 κατελάβοντο
1258 707 1336 764 τὴν
1362 725 1437 752 κα-

57 769 276 826 λουμένην
313 768 502 813 Λύκτον.
559 773 650 820 τοῖς
690 769 736 812 δὲ
774 769 982 818 Λυκτίοις
1018 775 1067 810 εκ
1103 769 1181 836 τῆς
1224 766 1437 818 πατρίδος

47 824 352 871 ’ἐκπεπτωκόσι
392 823 643 897 παράδοξος
684 825 759 868 καὶ
800 824 1015 879 σύντομος
1053 822 1196 879 ἐφάνη
1234 821 1435 891 βοηθεια.

55 883 156 938 περὶ
182 882 269 952 γὰρ
296 881 402 934 τούς
425 881 586 933 αὐτούς
607 881 793 939 ’χρόνους
819 883 1096 935 Ταραντίνων
1120 877 1436 934 διαπολεμούν-
1464 878 1519 918 20

57 956 146 983 των
173 938 285 995 πρὸς
312 937 590 990 Λευκανούς,
632 940 705 983 καὶ
732 938 841 992 πρὸς
869 938 1268 1006 Λακεδαιμονίους,
1306 935 1439 987 ὄντας

56 997 308 1052 προγόνους
336 995 529 1048 ἑαυτῶν,
559 993 825 1064 πεμψάντων
855 995 1056 1050 πρέσβεις
1083 993 1183 1044 περὶ
1212 993 1437 1063 βοηθείας,

61 1054 106 1097 οἱ
131 1053 211 1108 μὲν
229 1055 503 1123 Σπαρτιᾶται
525 1051 598 1096 διὰ
625 1051 703 1107 τὴν
732 1052 987 1122 συγγένειαν
1009 1050 1290 1105 προθύμως’
1273 1049 1440 1105 ἔχοντες

60 1113 336 1180 συμμαχῆσαι
382 1108 541 1179 ταχέως
589 1109 779 1164 δύναμιν
817 1107 1030 1177 ἤθροιζον
1068 1107 1243 1178 πεζικην
1279 1123 1324 1150 τε
1364 1107 1439 1150 καὶ

58 1166 290 1235 ναυτικήν,
327 1166 401 1209 καὶ
437 1165 596 1220 ταύτης
633 1166 878 1236 στρατηγόν
917 1164 1144 1216 ἀπέδειξαν
1176 1161 1438 1218 ’Λρχίδαμον
1467 1158 1522 1202 25

59 1222 138 1267 τὸν
175 1221 380 1282 βασιλέα·
424 1221 673 1277 μελλόντων
714 1219 760 1265 6’
801 1220 1004 1273 ἀπαίρειν
1042 1223 1100 1272 εἰς
1131 1221 1211 1275 τὴν
1244 1222 1441 1272 Ἰταλίαν,

59 1278 250 1336 ἠξίωσαν
299 1280 343 1323 οἱ
377 1278 561 1322 Λύκτιοι
599 1282 777 1334 πρῶτον
817 1276 964 1329 αὐτοῖς
1004 1279 1355 1334 βοηθῆσαι·οῖ
1394 1277 1442 1321 65

60 1334 400 1407 Λακεδαιμόνιοι
438 1335 685 1386 πεισθέντες
720 1335 796 1379 καὶ
831 1334 1090 1385 πλεύσαντες
1126 1336 1186 1385 εἰς
1213 1350 1293 1392 την
1322 1332 1441 1388 Κρή-

61 1408 141 1450 την
160 1392 272 1444 τοὺς
299 1391 608 1448 μισθοφόρους
643 1392 874 1462 ἐνίκησαν,
912 1397 1005 1442 τοῖς
1035 1392 1082 1435 65
1110 1394 1320 1443 Λυκτίοις
1349 1390 1443 1434 άνέ-
1472 1392 1526 1430 30

62 1460 210 1494 σωσαν
254 1449 334 1520 τὴν
373 1451 575 1504 πατρίδα.
643 1449 749 1505 μετὰ
790 1449 836 1493 65
874 1453 1012 1493 ταῦτα
1052 1447 1076 1492 6
1116 1449 1195 1503 μὲν
1242 1447 1444 1504 Ἀρχίδα-
1464 1447 1529 1486 63

62 1523 143 1562 μος
170 1505 360 1556 πλεύσας
389 1507 448 1556 εἰς
474 1505 574 1574 τὴν
580 1504 788 1557 Ἰταλίαν,
817 1506 892 1549 καὶ
922 1505 1202 1561 συμμαχήσας
1230 1511 1320 1556 τοῖς
1355 1509 1445 1548 Τα-

61 1564 296 1617 ραντίνοις,
326 1562 374 1606 ἓν
401 1578 488 1605 τινι
515 1560 630 1632 μάχῃ
660 1561 1029 1618 διαγωνισάμενος
1054 1566 1264 1631 λαμπρως
1287 1562 1448 1605 ἐτελεύ-

61 1630 202 1675 τησεν,
233 1619 344 1689 ἀνὴρ
373 1619 482 1663 κατὰ
510 1618 589 1688 μὲν
617 1619 697 1675 τὴν
718 1621 978 1676 στρατηγίαν
994 1619 1068 1662 καὶ
1086 1619 1165 1662 τὸν
1190 1617 1322 1662 άλλον
1348 1620 1447 1687 βίον

64 1674 403 1734 ἐπαινούμενος,
432 1675 541 1720 κατα
573 1675 619 1719 δὲ
636 1677 726 1745 τὴν
750 1677 867 1745 πρὸς
898 1680 1065 1749 Φωκεῖς
1094 1677 1344 1745 συμμαχίαν
1372 1673 1447 1731 μό-
1477 1672 1530 1714 35

63 1750 147 1789 νην
175 1731 583 1802 βλασφημούμενος,
614 1749 674 1783 ως
702 1730 873 1788 μάλιστ’
895 1735 1032 1784 αἴτιος
1045 1731 1237 1803 γεγονώς
1258 1737 1334 1788 τῆς
1358 1748 1448 1775 των

65 1793 256 1846 Δελφῶν
293 1788 595 1860 καταλήψεως
653 1787 908 1844 Ἀρχίδαμος
949 1789 1030 1845 μὲν
1071 1793 1154 1832 οὐν
1193 1789 1446 1859 ἐβασίλευσε

13 1847 16 1851 ’
66 1851 155 1892 τῶν
161 1848 542 1917 Λακεδαιμονίων
561 1845 645 1906 ἔτη
673 1848 772 1900 τρία
801 1845 911 1901 πρὸς
938 1851 1032 1897 τοῖς
1071 1847 1231 1919 εἴκοσι,
1287 1846 1367 1902 τὴν
1403 1843 1446 1889 6'

67 1901 205 1960 αρχὴν
234 1901 540 1959 διαδεξάμενος
564 1907 677 1974 Λγις
704 1901 728 1946 6
757 1903 854 1955 υἱὸς
894 1904 1173 1972 ἐβασίλευσεν
1203 1903 1275 1960 ἔτη
1305 1919 1449 1947 πεντε-
1478 1898 1533 1943 40

67 1963 259 2005 καίδεκα.
303 1960 449 2005 ἔπειτα
479 1962 523 2004 οἱ
552 1959 630 2016 μὲν
655 1958 916 2031 Ἀρχιδάμου
945 1960 1223 2031 μισθοφόροι
1254 1972 1452 2015 μετεσχη-

65 2016 189 2068 κότες
224 2020 300 2074 τῆς
335 2021 418 2061 τοῦ
455 2018 664 2087 μαντείου
701 2005 919 2072 συλήσεως
955 2017 1044 2061 ὑπὸ
1081 2020 1172 2060 τῶν
1204 2009 1451 2062 Λευκανῶν

66 2076 491 2130 κατηκοντίσθησαν·
522 2072 547 2117 6
579 2075 626 2118 65
644 2073 864 2126 Φάλαικος
892 2073 1087 2119 ἐκπεσων
1106 2075 1153 2118 ἐκ
1167 2078 1242 2129 τῆς
1269 2073 1451 2118 Λύκτου

67 2133 306 2175 Κυδωνίαν
345 2135 598 2185 πολιορκεῖν
638 2130 894 2204 ἐπεχείρησε.
950 2131 1356 2182 κατασκευάσαντος
1403 2131 1452 2175 65

70 2185 219 2233 αὐτοῦ
230 2205 426 2259 μηχανας
443 2188 780 2248 πολιορκητικας
807 2189 882 2232 καὶ
907 2188 1207 2259 προςάγοντος
1235 2192 1289 2246 τῇ
1311 2187 1449 2240 πόλει,
1480 2185 1534 2228 45

70 2260 295 2298 κεραυνων
323 2244 570 2297 πεσόντων,
611 2250 740 2290 αὑται
773 2247 851 2301 μὲν
891 2244 978 2289 υπὸ
1016 2249 1098 2289 τοῦ
1140 2247 1267 2289 θείου
1307 2245 1451 2300 πυρός

71 2304 447 2358 κατεφλέχθησαν,
494 2306 583 2346 τῶν
623 2302 671 2346 δὲ
709 2301 1001 2359 μισθοφόρων
1038 2303 1194 2346 πολλοὶ
1230 2305 1452 2358 παραβοη-

72 2363 256 2417 θοῦντες
283 2364 378 2410 ταῖς
398 2363 630 2428 μηχαναῖς
642 2359 730 2403 υπὸ
761 2365 838 2404 τοῦ
869 2360 1010 2415 πυρὸς
1044 2360 1374 2429 διεφθάρησαν
1404 2359 1454 2402 έν

0 2424 37 2459 15-
32 2411 138 2463 λοῖς
173 2432 230 2470 ην
266 2416 338 2459 καὶ
367 2412 391 2459 ὁ
424 2414 659 2472 στρατηγὸς
694 2416 929 2468 Φάλαικος.
991 2417 1100 2459 ἔνιοι
1129 2415 1175 2459 δέ
1177 2427 1345 2485 φασιν
1375 2415 1451 2459 αὖ·
1483 2415 1536 2457 50

78 2473 150 2513 τόν
195 2471 503 2525 προςκόψαντά
552 2489 637 2516 τινι
685 2478 774 2517 τῶν
822 2473 1118 2529 μισθοφόρων
1161 2470 1250 2517 ὑπὸ
1289 2472 1454 2518 τούτου

76 2531 307 2584 σφαγῆναι.
367 2530 411 2573 οἱ
439 2530 485 2574 65
516 2532 865 2588 περιλειφθέντες
894 2534 982 2574 τῶν
1014 2530 1311 2587 μισθοφόρων
1350 2528 1454 2574 ἀνα-

75 2698 131 2731 10.
169 2699 348 2743 Μαλέαν]
388 2700 567 2736 Μαλαίαν
591 2701 624 2735 Τ
649 2703 730 2739 Bas.
896 2703 952 2737 ll.
991 2701 1212 2746 Κνωσίους]
1247 2700 1459 2739 Κνωσσίους

74 2744 136 2777 Fi,
161 2745 247 2800 cosp
254 2757 291 2778 κει
314 2746 373 2780 hic
396 2752 430 2780 et
451 2747 531 2781 15.=
565 2748 728 2785 delendus
749 2751 868 2784 autem
892 2749 1028 2782 videtur
1051 2748 1219 2782 articulus
1400 2746 1458 2780 36.

74 2788 221 2833 μάλιστ’
246 2791 323 2833 ΕΊ,
348 2793 476 2827 caeteri
499 2791 654 2838 μάλιστα
808 2795 866 2830 40.
889 2796 1174 2839 πεντεκαίδεκα]
1204 2794 1283 2828 vide
1305 2797 1457 2828 annotat.
