1820 3249
315 145 427 187 1462
709 138 822 178 Lm.
853 137 942 178 XX.
999 137 1129 179 CAP.
1158 142 1198 181 9.
1229 141 1296 181 10

235 259 290 303 95
320 253 404 309 ραν
444 253 560 297 ἰδίαν
595 249 786 321 ἡγοῦντο
823 247 903 304 τὴν
938 251 1026 292 τῶν
1066 253 1181 293 νεῶν
1215 247 1446 294 ἀπώλειαν.
1513 246 1582 291 διὸ
1618 249 1693 292 καὶ

316 316 414 362 ταῖς
449 309 645 378 πρῴραις
680 305 862 376 δέρρεις-
885 304 1199 358 κατεπέτασαν,
1228 306 1334 360 ὅπερ
1366 304 1431 349 οἷεὶ
1459 310 1614 349 ποιεῖν
1629 308 1691 348 εἰ-

320 368 512 419 ώθασιν,
555 365 663 408 ὅταν
700 377 754 406 τι
775 361 912 406 κακὸν
942 365 1128 433 δημοσίᾳ
1158 364 1475 434 συμβεβηκέναι
1503 363 1607 419 δόξῃ
1636 365 1691 420 τῇ

317 423 637 496 Καρχηδονίων
658 419 801 468 πόλει
861 419 1017 488 ε’λαβον
1055 420 1102 463 δὲ
1131 421 1205 463 καὶ
1234 420 1285 463 τοὶ
1315 420 1575 475 χαλκώματα
1603 423 1694 462 τῶν

317 478 642 551 Ἀγαθοκλέους
674 481 808 528 νεῶν
826 477 886 527 εἰς
931 475 1010 527 τοὶς
1056 477 1168 527 ἰδίας
1217 476 1430 548 τριήρεις,
1470 477 1543 520 καὶ
1590 475 1696 527 τούς

213 545 292 583 100
322 536 686 604 ἀπαγγελοῦντας
701 533 813 589 νπὲρ
844 549 933 576 των
962 531 1295 605 συμβεβηκότων
1323 532 1521 590 τοὲκριβὲς
1550 533 1695 584 ἐξαπέ-

324 599 495 645 στειλαν
533 594 594 650 εἰς
630 607 710 662 την
724 589 1014 662 Καρχηδόνα
1075 591 1180 643 πρὶν
1216 590 1261 634 δὲ
1289 591 1474 642 τούτους
1505 593 1695 659 δηλῶσαι

324 650 373 694 τὸ
405 651 609 721 γεγονὼς
646 647 755 695 α’πὸ,
750 652 839 718 τῆς
867 646 1009 716 χώρας
1038 663 1148 697 τινες
1179 646 1433 702 αἰσθόμενοι
1462 647 1542 691 τόν
1569 645 1697 691 κατά-

323 711 464 754 πλουν
489 711 570 750 τοῦ
592 703 912 775 Ἀγαθοκλέους
950 701 1218 758 απήγγειλαν
1243 720 1352 746 κατα
1382 703 1577 774 σπουδὴν
1605 708 1698 754 τοῖς

324 763 656 835 Καρχηδονίοις.
731 763 774 810 οἱ
820 757 865 804 δ’
904 759 1196 815 ἐκπλαγέντες
1236 760 1308 804 δια
1347 760 1395 804 τὸ
1444 761 1698 815 παράδοξον

254 824 294 867 5
324 820 557 891 υπέλαβον
575 818 848 864 απολωλέναι
875 817 952 867 τὰς
980 818 1093 867 ἰδίας
1123 815 1329 888 δυναμεις
1357 817 1404 860 ἐν
1424 819 1603 860 Σικελία
1623 816 1699 861 καὶ

321 877 397 929 τὰς
433 876 604 930 πεζικὰς
648 876 722 920 καὶ
764 891 856 925 τας
880 872 1111 924 ναυτικας·
1155 872 1209 918 οὐ
1247 874 1332 929 γὰρ
1384 874 1439 917 α’ν
1476 889 1580 917 ποτε
1618 872 1705 922 τᾶν,

319 933 582 990 Ἀγαθοκλέα
599 932 673 1003 μὴ
706 930 965 1001 νενικηκότα
993 934 1203 1001 τολμῆσαι
1230 934 1482 975 καταλιπεῖν
1510 929 1702 987 ἐρήμους

324 992 529 1060 βοηθείας
561 1007 642 1042 τας
668 987 984 1044 Συρακούσας,
1016 986 1116 1031 οὐδ’
1148 987 1203 1031 ἂν
1236 988 1520 1044 ἐπιβαλέσθαι
1549 1003 1699 1040 περαι-

245 1053 294 1092 10
325 1052 408 1092 οῦν
439 1047 628 1103 δύναμιν
654 1044 1131 1101 θαλαττοκρατούντων
1158 1048 1248 1099 τῶν
1275 1047 1504 1100 πολεμίων.
1544 1044 1698 1098 διόπερ

324 1103 524 1174 θόρυβος
552 1104 625 1148 καὶ
644 1103 790 1159 πολλὴ
813 1102 1000 1172 ταραχὴ
1004 1105 1179 1157 -κατεῖχε
1201 1101 1285 1157 τὴν
1311 1102 1462 1175 πόλιν,
1492 1101 1566 1145 καὶ
1600 1114 1701 1161 συν-

327 1161 469 1218 δρομὴ
491 1165 580 1205 τῶν
600 1159 770 1231 όχλων
770 1161 840 1211 εἰς
866 1159 947 1215 τὴν
975 1155 1141 1215 αγορὰν
1170 1159 1337 1214 ἐγίνετο
1362 1160 1435 1202 καὶ
1463 1157 1605 1229 βουλή
1623 1158 1705 1211 τῆς·

323 1220 555 1276 γερουσίας
583 1216 666 1270 ὅ,τι
695 1217 788 1261 δέοι
814 1217 1028 1286 πράττειν’.
1075 1215 1370 1284 στρατόπεδον
1399 1232 1494 1284 μεν
1503 1232 1586 1269 γαρ
1618 1213 1705 1258 οὐκ

324 1277 395 1331 ἠν
408 1275 583 1329 ἕτοιμον
621 1291 669 1318 το
712 1271 962 1343 δυναμενον
1000 1270 1149 1315 ἄντιτα
1153 1274 1331 1324 ξασθαι,
1370 1272 1419 1316 τό
1458 1271 1505 1314 δὲ
1534 1275 1701 1314 πολιτι-

245 1336 295 1379 15
325 1331 406 1376 κόν
433 1336 604 1387 πλῆθος
634 1330 818 1385 ἄπειρον
852 1329 904 1373 ὂν
933 1328 1136 1383 πολέμου
1168 1343 1576 1382 προκατεπεπτωκει
1606 1332 1705 1378 ταῖς·

324 1393 504 1444 ψυχαῖς,
535 1390 579 1432 οί
609 1387 807 1443 πολέμιοι
836 1386 882 1430 δὲ
908 1387 1095 1458 πλησίον
1131 1390 1244 1429 ειναι
1277 1390 1367 1429 τῶν
1393 1388 1546 1455 τειχῶν
1573 1400 1703 1440 προς-

325 1447 560 1492 εδοκῶντο.
617 1444 727 1488 ἐνιοι
755 1444 834 1500 μὲν
871 1445 956 1486 οὐν
988 1442 1183 1498 ε’φασκον
1210 1443 1479 1514 πρεσβευτας
1507 1441 1630 1495 ὑπὲρ
1642 1443 1705 1485 εἰ·-

240 1563 294 1602 20
323 1496 1708 1626 ἕὲἴηῖιῖἵὲἕέἑέᾗὲνεσῖἰέἰοῗζαῗὲἶλῗαρἔοῖῗ.ἕυὲἓῖἓμῖἔὲἕξ.

323 1630 436 1667 τινες
473 1615 519 1659 δὲ
560 1613 792 1686 αναμεῐναι
831 1614 970 1681 μέχρι
994 1611 1050 1655 ἂν
1086 1617 1251 1668 γνωσιν
1290 1611 1501 1685 ακριβῶς
1519 1613 1707 1656 ἕκαστον

322 1676 412 1715 τῶν
447 1673 776 1728 πεπραγμένων.
842 1667 1048 1726 τοιαύτης
1086 1669 1133 1714 δὲ
1173 1670 1442 1741 συγχύσεως
1453 1668 1534 1726 τὴν
1571 1667 1707 1714 πόλιν

323 1727 518 1799 ἐχούσης,
549 1729 845 1773 κατέπλευσαν
875 1727 920 1771 οἱ
945 1725 1216 1797 πεμφθέντες
1245 1726 1332 1771 ὑπὸ
1362 1730 1442 1770 τοῦ
1464 1740 1700 1798 vavaqxov

240 1768 295 1865 {g
325 1785 398 1828 καὶ
427 1786 503 1837 τὰς
533 1787 673 1838 αἰτίας
701 1801 791 1828 των
817 1782 1133 1854 πεπραγμένων
1156 1783 1391 1839 ἐδήλωσαν
1441 1781 1700 1855 αναθαρῤη-

325 1839 497 1885 σάντων
544 1848 629 1885 οὐν
666 1842 844 1886 παντων
886 1839 1020 1883 πάλιν
1056 1844 1152 1891 ταῖς
1188 1846 1371 1896 ψυχαι-ς,
1402 1839 1452 1911 ἡ
1496 1840 1704 1902 γερουσία

323 1896 430 1948 τούς
459 1915 538 1953 μεν
564 1915 816 1955 ναυαρχους
845 1912 1039 1948 απαντας
1068 1897 1367 1966 κατεμέμψατο
1398 1896 1466 1940 ὅτι
1493 1898 1704 1940 θαλαττο-

323 1959 586 2008 κρατοῦντες
622 1957 787 1999 εἰάσανΙ
808 1955 1021 2024 πολεμίαν
1059 1952 1252 2010 δύναμιν
1286 1954 1487 2011 ἐπιβῆναι
1500 1957 1594 2024 τῆς
1622 1956 1702 1996 Λι-

238 2077 292 2116 30
323 2008 1747 2137 {Zpgssogffsggsoxgtgg“Za{343}sz{szvgggauzssgvsszvssgg

323 2123 397 2168 δια
433 2124 513 2182 τὴν
548 2126 674 2171 ἰδίαν
712 2125 885 2182 τούτοις
913 2121 1127 2168 οἷπιστίαν
1173 2124 1246 2168 καὶ
1283 2123 1509 2180 διαφοράν
1545 2122 1701 2179 κοινὴν

319 2270 378 2305 96.
403 2268 604 2327 εἰώθασιν]
643 2269 760 2317 εἰαίθη
763 2282 831 2307 σαν
859 2272 964 2308 ‘Basa
988 2283 1021 2306 v.
1045 2270 1136 2315 adp
1140 2269 1249 2305 ..399
1273 2270 1330 2306 56.
1468 2270 1526 2306 97.
1553 2271 1614 2306 Κα
1615 2266 1702 2315 ρχηὲ

320 2318 460 2352 §ovim
492 2316 634 2362 πόλει]
654 2320 924 2375 Καρχηδονίων
966 2318 1018 2360 Τ,
1055 2317 1297 2363 Καρχηδονίᾳ
1339 2317 1450 2361 FQW
1641 2315 1701 2350 98.

319 2362 454 2408 ἔλαβον
480 2363 520 2398 δὲ
543 2365 627 2398 Rei„
615 2365 727 2398 kius.
760 2365 843 2404 libri
866 2361 996 2411 ἔλαβόν
1018 2375 1075 2399 τε
1240 2363 1320 2397 100.
1354 2361 1547 2421 τοῖκριβες]
1579 2360 1703 2406 τάκρι-

319 2410 367 2454 βῆ
391 2410 493 2452 QW,
517 2423 564 2444 τα
587 2407 724 2455 ακριβῆ
748 2411 777 2445 F
961 2411 994 2446 1.
1019 2409 1108 2456 πρὶν
1132 2407 1187 2454 δε]
1212 2409 1299 2454 πρὶν
1325 2407 1366 2444 δ’
1392 2411 1516 2454 ηΕῚΝ

318 2455 353 2489 2.
379 2455 625 2501 αἰσθόμενοι]
659 2454 930 2501 αἰσθανόμενοι
959 2457 992 2491 Χ
1175 2456 1208 2490 9
1252 2455 1519 2501 ἐπιβαλέσθαι]
1552 2451 1700 2501 ἐπιβάλ-

319 2500 449 2536 λέσθαι
473 2503 503 2535 F
697 2505 918 2544 θαλαττοκρ.
932 2504 945 2547 ]
989 2500 1072 2536 libri
1104 2502 1331 2546 θαλασσοκρ.
1542 2502 1599 2534 12.
1630 2498 1700 2545 ἐγί-

320 2548 429 2591 νετο]
462 2545 601 2591 ἐγένετο
628 2549 709 2584 FW
871 2548 928 2583 15.
959 2549 1179 2591 προκατεπ.]
1212 2548 1699 2605 προςκατεπ.1ῐΊῪ-,προ-

319 2607 454 2629 καταπ.
479 2594 512 2627 Τ
696 2595 753 2630 17.
779 2594 958 2639 ἔφασκον]
984 2593 1126 2638 ἔφασαν
1150 2594 1183 2628 Τ
1373 2596 1430 2629 20.
1463 2594 1568 2639 μέχρι
1599 2593 1698 2634 Bas„

320 2639 449 2674 caeteri
480 2638 604 2685 μέχρις
794 2642 852 2676 25.
893 2638 1240 2685 ἀναθαρσησάντων
1269 2642 1352 2677 Bas.
1548 2637 1699 2673 πάντων

316 2696 386 2720 οηι.
409 2686 486 2719 FW
669 2686 726 2723 27.
758 2686 962 2731 πολεμίαν]
985 2688 1169 2731 πολεμίων
1193 2689 1240 2722 W
1422 2686 1481 2721 28.
1515 2683 1699 2727 απέδειξε]

315 2730 512 2775 ἀπέδειξαν
536 2732 568 2765 Y
591 2732 674 2766 Bas-
833 2735 892 2770 29.
919 2734 1105 2775 Βομιλκαν
1128 2734 1209 2770 Bas.
1233 2735 1452 2775 constanter,
1490 2732 1697 2797 Βολμίλκαν

316 2778 365 2821 X,
389 2778 516 2813 caeteri
540 2779 747 2823 Βορμίλκαν
877 2781 938 2816 3⁰.
961 2777 1026 2815 δια
1049 2780 1147 2815 deleo
