1820 3249
307 143 419 183 1562
729 138 843 179 Lm.
870 137 959 179 XX.
1018 138 1150 179 GAP.
1182 142 1276 182 111.

190 258 274 299 111
418 251 490 296 Ἐν
518 250 694 301 τούτοις
724 248 765 294 δ’
789 249 932 294 ὄντων
951 253 1041 294 τῶν
1066 252 1165 319 περὶ
1190 252 1429 295 Θετταλίαν
1457 246 1568 306 ἧκον
1589 249 1701 304 πρός

307 310 385 354 τόν
415 309 676 378 Δημήτριον
715 310 760 351 οἱ
798 309 1070 364 πεμφθέντες
1109 308 1191 352 ὑπ’
1231 307 1504 364 Ἀντιγόνου,
1546 309 1702 350 διασα-

309 371 498 422 φοῦντες
528 365 604 417 τὰς
646 364 765 420 παρὰ
798 368 879 408 τοῦ
908 365 1074 420 πατρὸς
1105 365 1282 416 ἐντολάς
1323 367 1396 409 καὶ
1438 369 1704 433 παρακελευ-

222 429 278 471 35
309 424 461 478 όμενοι
501 423 581 479 τὴν
617 424 824 493 ταχίστην
861 422 1133 494 διαβιβάζειν
1171 422 1247 474 τοὶς
1290 421 1498 478 δυνάιιεις
1527 423 1586 472 εις
1623 420 1705 476 τήν

307 480 467 525 Ἀσίαν
522 480 677 535 διόπερ
709 478 952 535 ἀναγκαῖον
981 479 1255 550 ἡγησάμενος
1290 479 1502 548 ὑπάρχειν
1532 478 1555 521 ὁ
1589 481 1708 534 βασι·

311 539 413 588 λευς
453 535 502 581 τὸ
543 539 779 580 πείθεσθαι
818 541 880 596 τῷ
918 540 1073 591 πατρί,
1126 537 1238 590 πρὸς
1283 538 1363 592 μὲν
1414 535 1708 589 Κάσσανδρον

314 594 534 645 διαλύσεις
565 594 820 652 ἐποιήσατο,
851 583 1125 649 συνθέμενος
1163 598 1278 637 εἰναι
1307 594 1465 648 κυρίας
1501 609 1577 642 τας
1608 602 1710 635 συν-

313 652 491 720 &ffin‘xss'g
523 650 603 694 ἐάν
636 653 745 694 ὠσιν
775 651 1004 705 εὐάρεστοι
1034 654 1094 708 τῷ
1124 652 1281 721 πατρί,
1323 649 1518 706 ἀκριβῶς
1548 649 1628 720 μὲν
1660 651 1714 691 εί-

231 713 285 756 40
317 711 405 760 δὼς
435 708 491 752 ου’
521 709 873 780 προςδεξόμενον
905 707 1043 751 αὐτόν
1075 706 1148 751 δια
1176 707 1226 751 τό
1263 708 1510 778 κεκρικέναι
1538 704 1713 756 πάντως

319 768 391 811 δια
433 782 522 809 των
561 766 710 809 ὅπλων
751 766 969 809 ἐπιθεῖναι
1007 765 1128 815 τέλος
1167 768 1227 821 τῷ
1267 762 1484 836 συμβάντι
1520 763 1791 834 πολέμῳ,487

320 823 594 880 βουλόμενος
636 824 681 865 δὲ
711 821 791 878 τὴν
826 822 875 865 ἐκ
905 825 980 877 τῆς
1005 810 1215 872 Ελλάδος
1255 820 1535 877 ἀποχώρησιν
1567 817 1713 875 εὐσχήἡ

319 898 435 938 μονα
473 882 746 934 ποιήσασθαι
786 880 859 922 καὶ
888 879 957 949 μή
1000 883 1122 935 φυγῇ
1153 881 1487 950 παραπλησίαν”
1544 877 1717 947 έγέγρα·

236 945 291 986 4-5
321 955 403 982 πτο
433 937 518 993 γὰρ
549 936 596 980 ἐν
626 941 721 987 ταῖς
752 935 998 1007 συνθήκαις
1026 938 1143 1007 πρὸς
1165 941 1258 988 τοῖς
1286 936 1437 986 σίλλοις
1467 935 1542 979 καὶ
1570 933 1619 977 τό
1642 933 1719 984 τὰς

317 996 572 1049 Ελληνίδας
610 994 758 1044 πόλεις
787 993 1021 1046 ἐλευθέρας
1051 992 1265 1064 ὑπάρχειν
1295 992 1349 1037 οὐ
1380 1010 1457 1043 τας
1497 1008 1607 1036 κατα
1637 1007 1720 1060 την

318 1053 504 1096 Ελλάδα
535 1050 677 1121 μόνον
708 1050 817 1094 άλλα
855 1068 929 1095 και
959 1051 1033 1101 τάς
1073 1068 1181 1094 κατα
1213 1050 1292 1106 τὴν
1317 1049 1477 1095 Ἀσίαν.
1538 1048 1644 1119 μετὰ
1675 1046 1721 1091 δὲ

326 1109 460 1153 ταῦθ’
495 1108 518 1151 ὁ
548 1107 797 1179 Δημήτριος
826 1108 1274 1164 παρασκευασάμενος
1303 1113 1459 1162 πορεῖα
1489 1105 1603 1161 πρός
1641 1104 1722 1161 τὴν

325 1165 635 1222 παρακομιδὴν
682 1170 771 1209 τῶν
820 1181 864 1208 τε
908 1169 1191 1219 στρατιωτῶν
1232 1165 1305 1208 καὶ
1355 1169 1432 1221 τῆς
1475 1162 1738 1218 ἀποσκευῆς>

240 1230 294 1273 50
325 1224 497 1295 άνηχθη
547 1223 678 1266 παντὶ
728 1225 790 1280 τῷ
841 1221 1006 1279 στόλῳ,
1048 1222 1123 1265 καὶ
1171 1223 1398 1292 κομισθεις
1455 1220 1527 1265 δια
1572 1219 1724 1276 νήσων

326 1282 616 1326 κατέπλευσεν
647 1281 706 1330 εις
724 1269 930 1334 ’Έφεσον.
979 1278 1214 1347 ἐκβιβάσας
1245 1280 1290 1323 δὲ
1322 1295 1402 1334 την
1432 1278 1622 1332 δύναμιν
1652 1277 1726 1321 καὶ

327 1339 707 1413 στρατοπεδεύσας
718 1338 924 1407 πλησίον
953 1339 1043 1379 τῶν
1073 1340 1227 1393 τειχῶν
1254 1334 1473 1405 ἠνάγκασε
1497 1335 1577 1392 τὴν
1595 1334 1726 1378 πόλιν

327 1398 388 1446 εἰς
435 1394 516 1451 τήν
545 1392 928 1449 προϋπάρχουσαν
970 1392 1326 1448 ἀποκαταστῆναι
1356 1392 1502 1445 τάξιν
1548 1393 1621 1436 καὶ
1650 1392 1730 1448 τὴν

330 1454 410 1510 μὲν
462 1451 549 1494 ὑπὸ
601 1450 864 1520 Πρεπελάου
918 1454 1000 1494 τοῦ
1045 1450 1307 1506 Λυσιμάχου
1360 1454 1608 1506 στρατηγοῦ
1653 1464 1730 1493 πα-

245 1516 298 1558 55
331 1512 636 1577 ρειςαχθεῖσαν
681 1509 892 1579 φρουρὰν
932 1506 1106 1565 ἀφῆκεν
1153 1507 1468 1558 ὑπόσπονδον,
1515 1509 1635 1550 ἰδίαν
1684 1506 1732 1549 δὲ

329 1565 536 1637 φυλακην
576 1568 636 1617 εἰς
674 1566 754 1620 τὴν
791 1565 936 1620 ἄκραν
977 1564 1250 1636 καταστήσας
1287 1569 1514 1620 παρῆλθεν
1550 1565 1610 1615 είς
1636 1562 1731 1607 Ἑλ-

331 1623 592 1692 λήςποντον.
653 1624 729 1666 καὶ
769 1621 1099 1679 Λαμψακηνους
1139 1622 1218 1677 μὲν
1257 1622 1332 1665 καὶ
1369 1620 1630 1692 Παριανους
1669 1620 1732 1664 ἔτι

334 1683 381 1726 δὲ
412 1685 501 1724 τῶν
536 1679 684 1724 ἄλλων
721 1697 811 1723 των
844 1680 1235 1751 μεταβεβλημένων
1272 1678 1446 1723 πόλεών
1486 1695 1609 1728 τινας
1640 1694 1736 1721 ανε-

332 1738 542 1794 κτήσατο
592 1737 662 1780 ἐπὶ
693 1737 739 1780 δὲ
778 1737 827 1780 τὸ
866 1737 1004 1792 στόμα
1047 1741 1130 1780 τοῦ
1163 1736 1344 1780 Πόντου
1376 1735 1736 1805 παραγενόμενος

249 1803 304 1841 60
335 1796 444 1850 πρὸς
478 1798 539 1852 τῷ
572 1797 890 1848 Χαλκηδονίων
927 1796 1032 1864 ἱερῷ
1060 1796 1417 1848 στρατοπεδείαν
1454 1792 1734 1848 περιεβάλετο

336 1854 411 1897 καὶ
442 1869 548 1904 τους
577 1852 859 1908 φυλάξοντας
887 1851 966 1894 τὸν
995 1853 1133 1896 τόπον
1165 1850 1344 1895 ἀπέλιπε
1375 1850 1642 1921 στρατιώτας
1667 1865 1735 1894 πε-

338 1910 440 1964 ζους
479 1911 559 1964 μὲν
596 1911 883 1965 τριςχιλίους,
925 1913 1036 1960 ναῦς
1075 1909 1121 1953 δὲ
1152 1926 1325 1965 μακρας
1361 1906 1622 1964 τριάκοντα·
1655 1924 1735 1962 την

340 1965 392 2011 δ’
417 1965 555 2023 ἄλλην
590 1967 783 2022 δύναμιν
820 1966 1073 2020 διελόμενος
1110 1983 1220 2010 κατα
1261 1966 1409 2017 πόλεις
1440 1965 1647 2010 διέδωκεν
1677 1966 1737 2015 εἰς

253 2028 309 2069 65
338 2026 578 2094 χειμασίαν
640 2040 739 2077 περι
781 2024 827 2067 δὲ
866 2023 1055 2074 τούτους
1095 2023 1201 2075 τοὺς
1239 2022 1429 2094 χρόνους
1465 2024 1539 2067 καὶ
1569 2025 1739 2075 Μιθρι-

336 2081 491 2137 δάτης
533 2080 732 2150 ὑπήκοος
774 2080 837 2123 ὢν
877 2080 1109 2136 Ἀντιγόνῳ
1161 2098 1235 2124 και
1286 2080 1415 2132 δόξας
1466 2079 1739 2136 ἀφίστασθαι

336 2139 449 2191 πρὸς
488 2155 596 2188 τους
635 2139 735 2194 περὶ
774 2137 1091 2209 Κάσσανδρον,
1136 2137 1338 2210 ἀνῃρέθη
1378 2137 1477 2191 περὶ
1523 2138 1637 2180 Κίον
1665 2139 1742 2192 τῆς

339 2197 537 2247 Μυσίας,
569 2194 703 2249 α’ρξας
734 2193 867 2251 αὐτῆς
897 2195 971 2238 καὶ
1003 2197 1198 2252 Καρίνης
1229 2195 1301 2251 ἔτη
1326 2192 1564 2246 τριάκοντα
1595 2193 1741 2236 πέντε·

339 2254 419 2310 τὴν
451 2254 497 2297 δὲ
527 2255 792 2297 δυναστείαν
821 2252 1132 2310 διαδεξάμενος
1160 2251 1446 2308 Μιθριδάτης
1477 2249 1502 2295 ὁ
1532 2250 1631 2302 υἱὸς
1666 2248 1743 2293 αύ-

343 2423 511 2459 32.1ῑιιιί
541 2424 747 2458 Θεσσαλίαν
888 2425 945 2459 36.
973 2422 1152 2468 υποὲρχειν
1177 2436 1245 2458 om.
1274 2424 1302 2456 F
1469 2423 1524 2457 40
1553 2419 1598 2456 οὐ
1628 2432 1745 2465 προς-

347 2469 547 2515 δεξόμενον
573 2469 706 2515 αυτόν]
734 2469 849 2507 αὐτὸν
875 2471 919 2506 ου’
943 2470 1240 2515 προςδεξόμενον
1267 2471 1293 2503 F
1770 2496 1773 2499 .

436 2516 516 2550 487-
563 2517 620 2551 ³:5-
648 2520 707 2552 καὶ
734 2517 790 2562 τὸ]
817 2532 860 2553 το
887 2518 948 2553 καὶ
972 2520 1058 2553 Bas.
1205 2517 1262 2550 Ἠ.
1297 2514 1421 2550 ταῦθ’
1448 2511 1468 2550 ὁ
1495 2515 1593 2555 FW,
1618 2514 1748 2547 caeteri

347 2564 461 2598 τοῦτο
650 2565 707 2599 49.
734 2563 956 2610 ἀποσκευής]
983 2566 1219 2609 παρασκευῆς
1243 2563 1273 2597 Γ
1442 2559 1592 2617 ανήχθη
1616 2560 1744 2604 παντὶ]

349 2607 576 2666 ἀνήχθησαν
596 2610 677 2645 Bas.
864 2611 921 2647 50.
948 2612 1074 2655 νήσων
1100 2611 1132 2644 Τ
1158 2607 1525 2650 ss.1e.‚‹-aoteriw3v
1543 2606 1667 2652 νήσων

449 2657 505 2689 57.
536 2668 605 2700 μεν
628 2658 811 2692 0111.Βὶε.
953 2657 1183 2701 58.ἅλλων]
1207 2653 1391 2698 Ελλήνων
1416 2656 1482 2688 'IX
1507 2656 1589 2688 Bas.

350 2703 409 2738 (52.
440 2700 657 2747 τριάκοντα]
686 2704 961 2747 τεσσαράκοντα
988 2706 1063 2739 FW
1273 2703 1331 2736 (57-
1361 2699 1544 2757 Ἅρῥίνης]
1574 2700 1750 2743 Μαρίνηῖ

352 2749 489 2792 11QW:
511 2750 661 2783 correxit
683 2752 753 2785 Iac.
780 2753 980 2787 Gronovius
1092 2752 1148 2787 69.
1177 2747 1195 2786 ὁ
1221 2746 1306 2790 υὶος
1330 2747 1450 2784 αὐτοῦ
1473 2760 1543 2783 om.
1567 2749 1632 2782 ΤΧ
1657 2747 1751 2787 Bas„

353 2796 518 2832 asterisco
544 2796 679 2831 notavit
705 2799 905 2843 Stephanus
