1820 3249
336 101 445 143 1390
699 100 812 145 LIB,
840 100 946 142 XIX.
1005 101 1133 144 CAP.
1162 105 1232 145 52
1261 106 1330 145 53.

335 214 506 278 δρεῦσι,
544 211 618 255 καὶ
663 210 820 267 ταύτης
845 211 1047 282 ἀγαθης,
1094 213 1155 257 ἔτι
1195 213 1242 257 δὲ
1283 217 1363 257 τοῦ
1403 213 1695 285 Κασσάνδρου

332 269 471 312 πολλὰ
509 268 956 337 συμφιλοτιμηθέντος
996 271 1055 321 εἰς
1093 271 1172 326 τὴν
1208 269 1408 327 αὔξησιν,
1438 273 1543 327 ταχὺ
1573 274 1697 328 μεγά-

333 331 415 379 λην
444 326 638 368 ἐπίδοσιν
668 325 818 394 ἔλαβεν
844 324 871 381 ἦ
900 325 1026 377 πόλις
1045 327 1116 371 καὶ
1145 331 1343 370 πλεῖστον
1364 329 1507 382 ἴσχυσε
1535 333 1624 371 τῶν
1650 330 1697 373 ἐν

333 383 603 438 Μακεδονίᾳ.
670 380 693 425 6
731 383 778 425 δὲ
816 382 1104 436 Κάσσανδρος
1143 384 1364 453 διεγνώκει
1408 384 1485 455 μὲν
1530 383 1697 429 ἀνελεῖν

247 439 300 481 45
326 426 609 490 Ἀλεξάνδρου
637 455 715 481 τον
743 441 878 482 παῖδα
912 440 987 483 καὶ
1016 439 1094 495 τὴν
1116 441 1279 495 μητέρα
1308 440 1446 484 αὐτοῦ
1470 439 1698 511 Ῥωξάνην,

328 496 400 536 ι’να
438 496 585 549 μηδεὶς
624 499 651 550 ᾑ
687 494 886 550 διάδοχος
921 500 996 552 τῆς
1036 499 1274 564 βασιλείας·
1315 496 1424 540 κατά
1465 498 1510 540 δὲ
1538 499 1587 541 τὸ
1617 514 1696 541 πα-

328 551 408 603 ρὸν
435 555 660 606 θεωρῆσαι
689 553 955 607 βουλόμενος
983 552 1086 603 τούς
1113 557 1198 595 τῶν
1227 558 1401 596 πολλῶν
1429 553 1610 610 λόγους,
1639 557 1697 597 τί-

326 623 396 657 νες
427 608 598 651 ἔσονται
639 608 738 661 περὶ
784 613 859 663 τῆς
891 607 1178 662 Ὀλυμπιάδος
1217 609 1499 665 ἀναιρέσεως,
1530 611 1619 666 ἅμα
1650 609 1695 655 δ’

242 666 296 707 50
328 662 457 707 ούδεν
483 665 755 718 πεπυσμένος
783 681 871 707 των
899 666 995 719 περὶ
1027 663 1300 718 Ἀντίγονον,
1334 669 1412 722 τὴν
1441 668 1519 722 μὲν
1543 667 1696 720 Ρωξά-

325 737 406 776 νην
445 721 550 777 μετά
590 725 670 763 τοῦ
707 721 865 771 παιδός
906 724 965 772 εἰς
979 720 1205 792 φυλακὴν
1239 723 1485 776 παρέδωκε,
1515 741 1696 795 μεταγα-

323 794 416 832 γων
456 780 515 828 εἰς
554 794 635 832 την
674 777 814 831 άκραν
835 776 930 845 τήν
974 777 1020 820 ἐν
1056 776 1332 832 Ἀμφιπόλει,
1372 779 1501 831 τάξας
1538 796 1582 823 τε
1619 779 1690 824 ἐπ’

324 833 459 890 αὐτῆς
499 835 721 877 Γλαυκίαν
751 832 848 877 τινὰ
886 838 975 876 τῶν
1011 834 1355 889 πιστευομένων·
1399 833 1620 880 ἀπέσπασε
1649 837 1695 881 δὲ

321 908 396 933 και
425 890 527 941 τούς
567 888 776 940 εἰωθότας
803 893 962 941 παῖδας
995 890 1343 962 συντρέφεσθαι,
1374 893 1446 935 καὶ
1474 892 1556 948 τήν
1585 890 1696 949 ἀγω-

238 949 291 991 55
321 947 402 1002 γὴν
446 946 592 989 οὐκέτι
630 946 858 1002 βασιλικὴν
908 944 1006 990 ἀλλ’
1047 946 1225 991 ἰδιώτου
1268 952 1348 991 τοῦ
1385 949 1590 1004 τυχόντος
1634 951 1694 993 οἰ-

318 1005 444 1047 κείαν
484 1003 646 1046 ἐκέλευε
682 1005 894 1058 γίνεσθαι.
929 1004 1056 1073 μετά
1097 1004 1142 1048 δε
1178 1009 1316 1048 ταῦτα
1344 1008 1577 1075 βασιλικῶς
1610 1005 1694 1062 ἠδη

318 1059 464 1115 διεξά,
467 1077 530 1103 ων
566 1077 617 1102 τα
654 1060 763 1103 κατὰ
793 1062 873 1116 τὴν
898 1058 1073 1132 'o'cpxn'm
1113 1059 1369 1115 Εὐρυδίκην
1398 1079 1477 1132 μεν
1505 1063 1578 1105 καὶ
1611 1065 1693 1105 Φί-

317 1121 482 1160 λιππον
510 1116 614 1166 τοὺς
643 1120 854 1169 βασιλεῖς,
894 1117 957 1160 ἔτι
1000 1117 1046 1160 ’δε
1077 1118 1284 1169 Κύνναν,
1323 1118 1388 1175 ἢν
1408 1117 1577 1162 ἀνεῖλεν
1605 1117 1692 1162 Ἀλ-

317 1174 467 1225 κὲτας,
507 1174 671 1223 ἔθαψεν
707 1173 755 1216 ἐν
783 1176 959 1227 Αἰγαῖς,
998 1173 1200 1229 καθάπερ
1230 1175 1332 1225 ἐθος
1361 1177 1417 1230 ἠν
1453 1180 1546 1225 τοῖς
1573 1179 1693 1230 βασι-

235 1241 288 1280 60
318 1234 453 1273 λεῦσι.
492 1229 674 1286 τιμήσας
703 1231 749 1273 δὲ
777 1230 879 1280 τοὺς
900 1232 1253 1300 τετελευτηκότας
1275 1231 1525 1301 ἐπιταφίοις
1555 1232 1691 1287 άγωσι

318 1287 567 1342 κατέγραφε
604 1303 693 1329 των
730 1286 1006 1329 Μακεδόνων
1044 1289 1145 1337 τούς
1182 1287 1411 1340 εὐθέτους,
1450 1289 1691 1358 διεγνωκὼς

317 1345 377 1394 εἰς
424 1342 769 1398 Πελοπόννησον
812 1342 1074 1396 στρατεύειν.
1143 1342 1306 1387 τούτου
1346 1344 1391 1387 δὲ
1427 1345 1526 1398 περὶ
1564 1343 1687 1388 ταῦτ’

317 1399 445 1450 όντος
495 1400 819 1454 Πολυσπέρχων
863 1398 1063 1470 ἐτύγχανε
1102 1400 1181 1454 μὲν
1230 1401 1602 1455 πολιορκούμενος
1644 1401 1691 1444 ἐν

310 1455 490 1525 ’Λζώρῳ
519 1473 596 1513 της
636 1457 922 1525 Περραιβίας,
971 1455 1163 1508 ἀκούσας
1198 1457 1244 1500 δὲ
1288 1457 1368 1526 τήν
1399 1456 1691 1513 Ὀλυμπιάδος

230 1528 284 1570 65
316 1511 540 1582 τελευτήν,
577 1514 651 1556 καὶ
686 1514 837 1563 τελέως
875 1512 1110 1564 ἀπελπίσας
1155 1512 1208 1556 τά
1245 1513 1354 1556 κατά
1391 1517 1690 1566 Μακεδονίαν,

314 1568 573 1625 ἐξεπήδησεν
603 1571 650 1613 ἐκ
679 1586 754 1625 της
780 1569 944 1619 πόλεως
974 1569 1064 1624 μετ’
1098 1568 1269 1624 ὀλίγων.
1309 1572 1542 1625 πορευθεὶς
1571 1572 1617 1615 δὲ
1642 1572 1689 1615 ἐκ

311 1631 398 1696 τῆς
421 1627 664 1678 Θετταλίας,
695 1627 769 1670 καὶ
797 1627 1065 1679 παραλαβὼν
1094 1643 1199 1677 τους
1227 1628 1324 1681 περὶ
1353 1627 1431 1670 τόν
1461 1629 1689 1684 Αἰακίδηι,

314 1681 596 1751 ἀπεχώρησεν
636 1685 695 1732 εἰς
731 1682 810 1738 τὴν,
839 1684 1078 1734 Αἰτωλίαν,
1114 1682 1353 1738 ὑπολαβών
1384 1682 1688 1740 ἀσφαλέστατα

227 1757 282 1796 70
311 1738 635 1808 καραδοκήσειν
665 1740 859 1783 ἐνταῦθα
897 1756 974 1790 τας
1002 1744 1091 1782 τῶν
1129 1740 1392 1808 πραγμάτων
1427 1741 1685 1796 μεταβολάς·

312 1797 387 1840 καὶ
415 1795 500 1865 γάρ
532 1795 762 1851 ἐτύγχανεν
793 1798 960 1847 οἰκείως
989 1796 1097 1851 ἔχων
1125 1795 1234 1850 πρὸς
1263 1801 1392 1840 τοῦτο
1421 1797 1470 1840 τό
1502 1797 1643 1847 ε’θνος.

228 1867 284 1907 53
425 1852 715 1906 Κάσσανδρος
746 1854 791 1896 δὲ
821 1853 1141 1908 συστησάμενος
1181 1852 1338 1925 ἷκανην
1375 1852 1565 1908 δύναμιν
1594 1852 1687 1898 ἀνέ-

315 1909 456 1962 ζευξεν
507 1909 555 1952 ἐκ
602 1925 680 1964 της
712 1912 1012 1960 ιῖἄακεδονίας,
1055 1908 1255 1953 σπεύδων
1291 1909 1571 1964 Ἁλέξανδρον
1607 1911 1687 1953 τὸν

227 1978 283 2020 75
314 1965 702 2024 Πολυσπέρχοντος
739 1966 938 2034 ἐκβαλεῖν
969 1965 1015 2009 ἐκ
1051 1970 1127 2022 τῆς
1156 1965 1516 2035 Πελοποννήσου·
1557 1962 1687 2036 οὗτος

312 2022 395 2078 γὰρ
425 2025 481 2077 ἦν
510 2021 662 2072 λοιπὸς
690 2021 794 2076 μετὰ
825 2020 1049 2089 δυνάμεως
1078 2039 1164 2065 των
1175 2021 1580 2092 ἀντιπραττόντων,
1611 2025 1685 2066 καὶ

312 2050 560 2137 κατειλήφει
597 2083 746 2128 πόλεις
780 2094 824 2121 τε
863 2078 937 2121 καὶ
965 2077 1130 2129 τόπους
1169 2077 1435 2132 ἐπικαίρους.
1488 2079 1568 2134 τὴν
1606 2080 1684 2134 μὲν

313 2139 395 2180 οὐν
427 2137 661 2180 Θετταλίαν
700 2133 905 2206 ἀσφαλῶς
940 2135 1112 2191 διῆλθε·
1150 2151 1227 2186 τας
1257 2134 1298 2179 δ’
1331 2135 1378 2178 ἐν
1408 2135 1577 2187 Πύλαις
1604 2152 1684 2179 πα-

314 2192 476 2247 ρόδους
513 2191 658 2245 εὖρων
696 2191 775 2235 ’ὑπ’
805 2193 1014 2235 Αἰτωλων
1049 2191 1396 2248 φυλαττομένας,
1427 2191 1552 2249 μόγις
1584 2191 1683 2236 τού-

229 2263 283 2303 80
312 2267 416 2302 τους
450 2249 709 2306 βιασάμενος
737 2253 960 2306 παρῆλθεν
989 2250 1048 2301 εἰς
1076 2249 1153 2306 τὴν
1186 2251 1416 2292 Βοιωτίαν.
1474 2264 1683 2305 μεταπεμ-

400 2419 480 2454 358.
504 2418 560 2454 54.
608 2417 757 2454 ἰδιώτου
787 2420 859 2454 τοῦ
885 2418 1063 2463 τυχόντος
1094 2418 1261 2463 οἰκείαν]
1292 2416 1482 2463 ἰδιωτικήν
1504 2419 1569 2462 Qx

399 2467 458 2500 56.
506 2465 708 2510 διεξάγων]
740 2465 963 2511 διεξαγαγών
985 2465 1094 2510 va
1277 2465 1333 2500 57.
1378 2464 1555 2510 Κύνναν]
1590 2465 1678 2500 Κίν-

1604 2524 1620 2545 ε

308 2570 378 2593 ναν
400 2558 431 2592 F
613 2556 671 2591 58.
717 2558 856 2602 Αἰγαῖς]
883 2557 1048 2601 Αἰγαιαῖς
1071 2556 1135 2590 TV
1158 2557 1260 2600 Bas„
1285 2555 1430 2601 Αἰγέαις
1448 2557 1517 2599 W,
1542 2557 1677 2603 αἰγιαῖς

308 2606 339 2638 F
521 2602 578 2638 61.
625 2604 852 2647 διεγνωκώς]
875 2603 1068 2647 διέγνωκεν
1090 2604 1186 2645 uv,
1211 2604 1271 2638 καὶ
1295 2604 1488 2649 διέγνωκεν
1507 2582 1540 2638 'F

308 2651 367 2685 (53.
411 2645 545 2693 Ἀζώρῳ
582 2649 849 2706 Wesselingius·
889 2648 1039 2694 Ἀξιώρω
1069 2649 1158 2690 FW,
1199 2651 1326 2685 caeteri
1359 2650 1493 2693 Ναξίῳ

308 2696 366 2730 75.
415 2678 775 2742 ἀντιπραττόντωνῗ
799 2694 1117 2743 ἀντιπρασσόντων
1142 2707 1260 2731 omnes
1441 2695 1500 2730 77.
1548 2695 1672 2739 Θετι]

311 2744 417 2778 Θεσσ.
441 2753 559 2777 omnes
