1820 3249
314 99 422 140 1⁰84
691 97 812 139 LIB.
836 95 944 139 XVI.
980 97 1109 140 CAP.
1132 101 1198 143 45.
1216 103 1281 143 46.

312 207 463 278 πτίνης
490 208 562 252 καὶ
598 207 851 262 Κάλλιππος
880 212 924 254 οἷ
960 211 1232 282 Συρακόσιοι
1269 210 1456 281 δύναμιν
1497 210 1661 266 ἔχοντες

311 264 626 334 ἐπολιόρκησαν
649 266 817 322 Ῥήγιον
846 269 1181 338 φρουρούμενον
1207 267 1293 312 ὑπὸ
1322 269 1563 310 Διονυσίου
1582 272 1661 310 τοῦ

308 320 526 393 τυράννου
555 325 635 365 τοῦ
661 323 893 394 νεωτέρου,
917 327 989 367 καὶ
1018 341 1098 380 την
1126 324 1203 391 μὲν
1225 324 1429 379 φρουράν
1444 324 1660 378 ἐξέβαλον,

227 377 282 419 75
310 382 402 429 τοῖς
431 377 476 420 δὲ
496 377 707 448 Ῥηγίνοις
734 397 818 450 την
841 378 1104 434 αὐτονομίαν
1132 379 1495 451 αποκατέστησαν.

225 434 280 474 46
415 431 505 476 Επ’
537 436 744 490 ἄρχοντος
774 434 818 478 δ’
846 435 1081 506 Ἀθήνησιν
1102 436 1428 492 Ἀπολλοδώρου
1453 435 1663 489 Ρωμαῖοι

306 489 567 546 κατέστησαν
596 491 787 542 ὑπάτους
807 491 995 546 Μάρκον
1019 491 1257 547 Οὐαλέριον
1276 494 1349 536 καὶ
1370 493 1433 536 Γ
1409 509 1505 535 αιον
1525 497 1663 535 Σουλ-

306 548 467 589 πίκιον.
524 547 592 590 ἐπὶ
630 549 675 591 δὲ
710 548 878 591 τούτων
915 549 1025 591 κατὰ
1062 549 1141 605 τὴν
1170 549 1358 604 Κύπρον
1383 551 1665 604 Σαλαμινίων

223 606 278 645 80
306 605 686 672 πολιορκουμένων
724 603 802 647 ὑπ’
833 603 1069 660 Εὐαγόρου
1097 606 1170 649 καὶ
1205 608 1457 658 Φωκίωνος,
1513 622 1557 648 αι
1586 605 1665 674 μὲν

306 657 430 702 ἄλλαι
466 659 611 710 πόλεις
651 660 812 703 ἅπασαι
841 666 933 711 τοῖς
964 661 1153 714 Πέρσαις
1181 660 1478 731 ὑπεταγησαν,
1517 679 1591 717 της
1617 661 1664 704 δὲ

305 719 554 771 Σαλαμῖνος
587 717 828 787 βασιλεύων
858 718 1146 785 Πνυταγόρας
1185 720 1319 772 μόνος
1346 717 1548 773 υπέμεινε
1584 717 1665 773 τήν

304 775 574 827 πολιορκίαν.
633 771 655 816 ὁ
688 771 731 816 δ’
761 771 993 828 Εὐαγόρας
1022 774 1231 833 πατρώαν
1260 774 1397 829 αρχὴν
1425 776 1501 829 τὴν
1522 778 1664 816 Σαλα-

304 830 461 883 μινίων
488 829 706 881 ανεκτᾶτο,
736 830 809 872 καὶ
839 830 911 873 διὰ
939 834 1020 873 τοῦ
1048 820 1254 886 βασιλέως
1281 834 1369 872 τῶν
1389 834 1571 884 Περσῶν
1585 829 1664 885 τὴν

224 885 278 927 85
307 884 503 927 κάθοδον
534 888 590 936 εἰς
618 885 697 955 τὴν
725 888 948 958 βασιλείαν
975 886 1172 930 ἐποιεῖτο
1214 903 1317 959 μετα
1346 887 1393 930 δὲ
1421 890 1554 929 ταῦτα
1577 888 1667 929 δια-

307 942 541 995 βληθέντος
577 941 713 984 αὐτοῦ
751 942 860 995 πρὸς
889 941 1188 1012 Ἀρταξέρξην,
1231 943 1304 986 καὶ
1341 947 1422 986 τοῦ
1457 942 1666 1014 βασιλέως

307 1000 580 1052 βοηθοῦντος
608 1003 668 1055 τῷ
700 999 990 1070 Πνυταγόρςι,
1029 1000 1052 1043 ὁ
1081 1001 1163 1068 μὲν
1188 998 1420 1054 Εὐαγόρας
1448 998 1668 1054 απογνούς

307 1053 385 1107 τὴν
413 1054 619 1105 καθοδον,
648 1072 718 1098 και
747 1056 844 1109 περὶ
873 1061 959 1099 τῶν
974 1055 1252 1128 έγκληματων
1275 1055 1666 1112 απολογησαμενος,

224 1118 279 1158 90
309 1108 438 1166 ἄλλης
468 1111 697 1181 ηγεμονίας
725 1112 889 1182 ἠξιώθ7η
917 1130 1027 1156 κατα
1055 1115 1150 1182 την
1159 1112 1304 1156 Ἀσίαν
1329 1115 1537 1182 μείζονος
1595 1129 1668 1155 κα-

306 1170 395 1217 κῶς
425 1167 470 1210 δὲ
498 1185 550 1211 τα
578 1185 687 1211 κατα
719 1170 799 1224 τὴν
835 1168 971 1239 αρχὴν
1008 1169 1230 1239 διοικήσας
1269 1170 1400 1225 ἔφυγε
1440 1168 1570 1212 πάλιν
1608 1171 1668 1219 εἰς

307 1222 512 1277 Κύπρον,
557 1226 629 1267 καὶ
659 1227 918 1295 συλληφθεὶς
946 1228 1154 1297 τιμωρίας
1181 1225 1359 1282 ἠξιώθη.
1419 1224 1442 1269 ὁ
1474 1227 1518 1268 δὲ
1549 1229 1668 1268 Πνυ-

307 1278 494 1334 ταγόρας
541 1281 747 1333 ἑκουσίως
791 1281 1024 1337 υποταγεὶς
1069 1288 1160 1333 τοῖς
1199 1283 1390 1335 Πέρσαις
1427 1282 1476 1325 τὸ
1512 1281 1668 1325 λοιπόν

308 1335 444 1387 ἀδεῶς
494 1338 710 1393 ἐβασίλευε
757 1355 832 1394 της
878 1343 1140 1393 Σαλαμῖνος.
1211 1337 1234 1381 6
1276 1339 1321 1382 δὲ
1357 1355 1446 1381 των
1487 1341 1667 1392 Περσῶν

222 1399 277 1442 95
306 1394 505 1462 βασιλευς
544 1394 648 1448 μετὰ
680 1395 758 1450 τὴν
795 1396 958 1438 ἅλωσιν
1001 1399 1076 1451 τῆς
1111 1397 1325 1447 Σιδῶνος,
1381 1394 1669 1450 παραγενομέ-

304 1466 396 1493 νων
425 1448 542 1506 αὐτῷ
572 1455 660 1493 τῶν
688 1452 923 1506 συμμαχων
952 1452 998 1495 ἐκ
1027 1469 1072 1495 τε
1087 1451 1274 1520 ’Ἄργους
1303 1451 1376 1495 καὶ
1410 1455 1567 1508 Θηβῶν
1593 1451 1668 1494 καὶ

303 1510 392 1548 τῶν
426 1507 535 1550 κατὰ
563 1508 641 1562 τήν
667 1507 813 1551 Ἀσίαν
836 1508 1112 1576 Ελληνίδων
1121 1509 1313 1561 πόλεων,
1344 1505 1558 1563 αθροίσας
1585 1512 1667 1550 πᾶ-

303 1574 385 1605 σαν
422 1564 501 1618 τήν
538 1563 726 1633 δύναμιν
753 1581 941 1634 προηγεν
968 1565 1038 1607 ἐπὶ
1065 1582 1143 1621 την
1167 1568 1400 1635 Αἴγυπτον.
1458 1563 1669 1619 καταντή-

304 1632 382 1670 σας
411 1619 451 1663 δ’
484 1620 551 1662 ἐπὶ
575 1620 654 1676 τὴν
682 1621 870 1677 μεγάλην
898 1623 1069 1676 λίμνην,
1100 1620 1205 1664 καθ’
1232 1621 1290 1691 ἥν
1316 1621 1403 1664 ἐστι
1432 1638 1485 1664 τα
1513 1621 1663 1664 καλού-
1678 1631 1742 1665 11ss

195 1684 273 1724 100
303 1693 412 1745 μενα
450 1675 675 1732 βαραθρα,
726 1678 855 1733 μέρος
891 1682 965 1748 τῆς
1003 1677 1226 1732 δυναμεως
1262 1677 1449 1747 ἀπέβαλε
1489 1677 1559 1721 δια
1589 1678 1667 1747 τὴν

302 1735 499 1788 ἀπειρίαν
529 1750 617 1775 των
645 1732 803 1777 τόπων.
861 1735 961 1802 περὶ
992 1733 1037 1776 δὲ
1065 1739 1140 1787 τῆς
1169 1751 1276 1777 κατα
1306 1735 1397 1803 τήν
1408 1736 1562 1790 λίμνην
1584 1732 1665 1789 φύ-

303 1801 409 1840 σεως
442 1790 515 1832 καὶ
543 1794 624 1833 τοῦ
653 1791 749 1845 περὶ
776 1788 911 1846 αὐτὴν
939 1791 1194 1844 παραδόξου
1224 1790 1535 1845 συμπτώματος
1562 1807 1667 1843 προ-

302 1846 532 1916 ειρηκότες
551 1847 596 1889 ἐν
625 1864 676 1904 τῃ
705 1848 852 1903 πρώτῃ
888 1848 1023 1916 βίβλῳ
1053 1846 1102 1890 τό
1135 1850 1321 1902 διλογεῖν
1350 1848 1448 1902 περὶ
1472 1851 1560 1890 τῶν
1586 1845 1667 1890 αύ-

300 1906 389 1945 τών
417 1902 677 1958 παρήσομεν
739 1903 922 1947 διελθών
954 1903 1000 1946 δὲ
1038 1920 1089 1946 τα
1129 1904 1332 1972 βάραθρα
1359 1903 1463 1974 μετὰ
1490 1907 1566 1975 τῆς
1595 1906 1666 1946 δυ-

248 1963 273 2005 5
303 1958 470 2014 νάμεως
504 1959 526 2003 ὁ
557 1959 758 2015 βασιλεὺς
784 1976 888 2016 ηκεν
917 1961 976 2010 εἰς
1004 1960 1052 2003 τό
1074 1959 1331 2029 Πηλούσιον,
1387 1960 1493 2031 αὕτη
1517 1958 1558 2003 δ’
1578 1960 1665 2003 ἐστὶ

306 2016 490 2071 [πρώτη]
521 2018 645 2068 πόλις
673 2017 742 2059 ἐπὶ
769 2020 850 2060 τοῦ
879 2015 1056 2070 πρώτου
1086 2016 1306 2074 στόματος
1324 2015 1430 2060 καθ’
1454 2016 1506 2060 ὃν
1527 2014 1665 2059 τόπον

304 2072 328 2116 ὁ
348 2076 506 2123 Νεῖλος
523 2079 707 2117 ποιεῖται
723 2090 802 2144 την
822 2072 1018 2141 ἐκβολήν.
1069 2089 1110 2116 οι
1141 2074 1190 2128 μὲ
1174 2090 1219 2116 εν
1249 2075 1333 2116 οὐν
1357 2073 1523 2126 Πέρσαι
1543 2089 1664 2116 κατε-

303 2129 676 2182 στρατοπέδευσαυ
709 2129 791 2173 ἀπὸ
821 2128 1134 2183 τετταράκοντα
1164 2132 1350 2173 σταδίων
1378 2134 1457 2172 τοῦ
1490 2133 1663 2199 Πηλου-

220 2200 273 2238 10
304 2190 422 2235 σίου,
472 2204 514 2230 οι
553 2187 594 2231 6⁷
623 2187 825 2255 Ἕλληνες
863 2186 972 2257 πρὸς
1011 2185 1128 2240 αὐτῷ
1156 2190 1216 2243 τῷ
1245 2187 1586 2240 πολίσματι.οί
1616 2185 1663 2229 6'

299 2244 544 2300 Αἰγύπτιοι,
575 2241 828 2288 δεδωκότων
860 2241 1008 2294 αὐτοῖς
1035 2247 1121 2286 τῶν
1142 2246 1328 2298 Περσῶν
1346 2241 1488 2286 πολυν
1506 2241 1666 2298 χρόιον

297 2401 354 2439 22.
393 2400 683 2447 ἐπολιόρκησαν]
706 2407 857 2449 praestat
873 2401 1177 2446 ἐξεπολιόρκησαν
1338 2400 1393 2436 81.
1440 2399 1479 2436 δὲ
1498 2412 1565 2435 om.
1582 2401 1662 2436 Bas.

478 2449 739 2495 Πνυταγόρας]
779 2450 860 2484 libri
881 2454 1073 2483 constanter
1102 2445 1372 2501 Πρωταγόρας·
1414 2448 1494 2480 wide
1519 2451 1663 2481 annota

297 2494 425 2531 tionem
449 2498 493 2531 ad
515 2498 608 2531 hunc
630 2499 744 2531 locum
769 2501 802 2530 et
824 2498 867 2529 ad
892 2508 925 2538 p.
950 2496 983 2529 6.
1009 2494 1065 2527 49.
1211 2494 1267 2528 83.
1291 2492 1377 2536 τήν]
1405 2507 1479 2527 των
1504 2494 1661 2536 LQFXY

482 2544 718 2587 Σαλαμινίων
742 2543 914 2585 LQTXY,
941 2543 1158 2585 Σαλαμῖναν
1180 2540 1262 2575 Bas.
1254 2564 1281 2581 .‚
1305 2540 1430 2574 caeteri
1455 2542 1664 2582 Σαλαμῖνος

479 2588 535 2623 97.
580 2603 648 2634 την
671 2601 741 2623 om.
763 2591 838 2623 Bas.

387 2647 465 2682 118.
501 2646 534 2680 5.
581 2642 601 2681 ὁ
632 2644 798 2692 βασιλεῦς
830 2656 898 2679 om.
931 2644 990 2678 1³1,
1020 2644 1100 2678 Bag.
1291 2638 1331 2676 δ’
1366 2644 1445 2679 Bas.
1629 2642 1661 2676 6.

296 2691 423 2737 πρώτη
447 2705 516 2728 om.
540 2693 647 2734 Β·ιε.,
682 2693 823 2736 coepas.
846 2691 1008 2725 asterisco
1030 2693 1124 2726 notat
1147 2689 1345 2734 Stephanus
1522 2688 1556 2724 8.
1589 2700 1661 2724 τετ-

295 2738 526 2785 ταρακουτα]
561 2739 707 2783 μΒιιεἿ
733 2739 783 2773 ed.
809 2737 976 2781 Stephani
