1820 3249
533 133 804 180 L113.XV11.
866 133 994 175 CAP.
1023 136 1089 177 32.
1119 135 1189 177 33.
1435 132 1547 176 1165

175 252 357 309 ἀπέχειν,
388 251 680 306 Παρμενίωνα
697 248 797 317 μὲν
819 247 936 318 μετοὲ
966 252 1039 307 τῆς
1071 248 1296 321 δυνάμεως
1327 249 1544 294 ἀπέστειλε
1574 251 1628 290 90

174 307 625 380 προκαταληψόμενον
653 304 730 356 τοὶς
763 305 1010 376 παρόδους
1018 308 1090 349 καὶ
1120 308 1196 358 τὰς
1227 306 1465 362 ὀνομαζομε
1456 308 1546 358 ’νας

173 365 333 417 πύλας·
364 368 492 414 οὐτος
520 362 561 406 6'
591 361 812 418 ἐπιβαλών
839 369 931 412 τοῖς
961 363 1123 415 τόποις,
1154 364 1226 407 καὶ
1255 363 1356 414 τοὺς
1385 381 1547 416 προκα-

173 420 427 478 τειληφότας
455 420 531 470 τὰς
552 421 736 475 δυςχωρί
739 437 788 470 ας
810 420 1065 475 βαρβάρους
1087 419 1361 476 βιασάμενος,
1395 420 1545 474 κύριος

174 480 350 535 ἐγένετο
365 481 453 520 τῶν
480 476 702 530 παρόδων.
763 483 951 530 Δαρεῖος
981 477 1036 531 δὲ·
1057 477 1342 547 βουλόμενος
1355 477 1546 530 εὔζωνον
1575 475 1629 515 95

172 540 352 606 ποιῆσαι
379 549 459 589 την
488 533 691 589 δύναμιι,
721 534 773 575 τά
800 550 879 589 μεν
909 533 1163 604 σκευοφόρα
1194 535 1266 577 καὶ
1295 532 1374 577 τόν
1404 550 1548 603 περιτ-

173 591 251 636 τὸν
284 590 415 645 ὄχλον
453 591 512 640 εἰς
548 590 787 645 Δαμασκόν
803 594 898 657 τῆς
926 592 1096 644 Συρίας
1126 588 1338 634 ἀπέθετο·
1389 590 1467 633 τὸν
1503 588 1544 633 δ’

173 647 448 719 Ἀλέξανδρον
476 647 732 717 πυθόμενος
766 645 841 697 τὰς
871 649 1110 702 δυςχωρίας
1139 647 1548 703 προκατειληφέναι,

172 705 247 748 καὶ
283 705 466 759 νομίσας
506 701 641 747 αὐτὸν
676 703 732 759 μή
754 707 943 774 τολμᾶν
971 704 1017 746 έν
1050 709 1109 746 τῶ
1139 707 1272 773 πεδίῳ
1305 705 1548 758 διαγωνίζε-

173 757 301 812 σθαι,
351 764 541 816 προῆγεν
587 759 658 803 ἐπ’
708 758 844 803 αυτόν
892 760 1107 803 σύντονον
1155 761 1236 828 την
1287 759 1548 814 ὁδοιπορίαν
1579 761 1658 801 100

171 815 449 888 ποιούμενος.
511 818 553 860 οἱ
594 816 639 860 δ’
680 816 878 873 ἐγχώριοι
914 821 988 872 τῆς
1024 817 1102 873 μὲν
1140 822 1229 860 τῶν
1269 817 1548 860 Μακεδόνων

171 872 419 932 ὀλιγότητος
449 874 870 943 καταφρονήσαντες,
903 874 951 917 τό
984 875 1029 917 δὲ
1048 878 1216 929 πλῆθος
1234 878 1308 930 τῆς
1330 878 1418 917 τῶν
1438 878 1548 927 Περ-

173 935 264 974 σῶν
294 934 494 985 στρατιᾶς
523 930 945 985 καταπεπληγμένοι,
990 931 1299 981 καταλιπόντες
1327 930 1404 974 τὸν
1430 915 1548 985 Ἀλέ-

174 989 363 1040 ξανδρον
390 988 651 1041 προςέθεντο
681 991 742 1044 τῷ
771 989 968 1043 Δαρείω
998 989 1071 1030 καὶ
1100 987 1176 1038 τάς
1203 1004 1247 1030 τε
1279 988 1446 1043 τροφας
1476 1004 1549 1031 και

100 1044 254 1106 184τὴν
293 1041 428 1098 αλλην
468 1046 747 1098 παρασκευὴν
782 1044 888 1098 μετὰ
931 1048 1091 1099 πολλῆς
1120 1047 1372 1099 προθυμίας
1401 1043 1548 1114 ἐχορή-

173 1116 286 1157 γρυν
313 1105 404 1151 τοῖς
434 1101 663 1153 Πέρσαις,-
694 1100 769 1144 καὶ
798 1101 870 1142 δια
902 1116 977 1154 της
1006 1103 1119 1151 ἰδίας
1153 1103 1334 1155 κρίσεως
1361 1056 1604 1156 προεσή-Ο

173 1173 334 1228 μαινον
361 1161 456 1207 τοῖς
484 1157 726 1227 βαρβάροις
756 1157 835 1212 τήν
863 1158 1003 1212 νίκην.
1048 1157 1071 1200 6
1095 1155 1137 1200 6'
1166 1157 1444 1212 Ἀλέξανδρος
1467 1158 1547 1214 τὴν
1579 1156 1632 1194 10

173 1230 252 1269 μεν
275 1212 416 1257 ΙἸσσόν
444 1213 572 1256 πόλιν
601 1211 830 1269 αξιόλογον
859 1213 1240 1284 καταπληξάμενος
1270 1213 1544 1270 ἐχειρώσατο·

173 1274 262 1314 τῶν
291 1269 338 1314 δὲ
366 1270 653 1314 κατασκόπων
682 1268 1034 1325 απαγγειλάντων
1054 1270 1173 1328 αὐτῷ
1194 1272 1427 1325 τριάκοντα
1451 1282 1548 1314 σταΙ
1577 1267 1632 1306 33

175 1329 300 1378 δίους
329 1325 496 1383 ἀπέχειν
524 1327 609 1370 τὸν
632 1333 846 1381 Δαρεῖον,
881 1328 955 1370 καὶ
985 1329 1304 1385 συντεταγμένη
1334 1333 1388 1396 vr]
1420 1326 1549 1371 δυνά-

174 1400 246 1454 μει
273 1384 498 1438 προςιέναι
526 1388 887 1454 καταπληκτικῶς,
918 1382 1156 1440 υπολαβῶν
1177 1402 1297 1438 παρα
1319 1389 1407 1428 τῶν
1429 1389 1549 1428 θεῶν
1581 1377 1633 1420 15

176 1440 295 1497 αὐτῷ
325 1439 534 1487 δεδόσθαι
561 1440 637 1484 τὸν
665 1441 821 1495 καιρόν
842 1441 947 1491 ώςτε
967 1445 1044 1499 μιᾷ
1063 1441 1296 1496 παρατάξει
1312 1441 1551 1511 νικήσαντα

174 1487 413 1542 κατάλῦσαι
443 1497 522 1552 τὴν
554 1501 740 1550 Περσῶν
769 1497 1015 1552 ἡγεμονίαν,
1050 1515 1154 1549 τους
1182 1499 1232 1554 μὲ
1216 1516 1261 1541 εν
1287 1498 1552 1553 στρατιώτας

172 1559 265 1604 τοῖς
294 1555 470 1605 οἰκείοις
479 1523 645 1609 λόγοις
673 1554 964 1608 παρεκάλεσεν
994 1555 1062 1597 ἐπὶ
1092 1556 1168 1598 τὸν
1200 1555 1298 1608 περὶ
1320 1560 1408 1599 τῶν
1435 1555 1552 1599 ὅλων

173 1611 335 1666 αγῶνα,
365 1611 417 1653 τοὶ
450 1610 494 1655 δὲ
523 1610 716 1665 τάγματα
745 1615 834 1653 τῶν
864 1615 1139 1665 στρατιωτῶν
1168 1612 1240 1654 καὶ
1271 1629 1348 1663 τας
1377 1616 1465 1656 τῶν
1486 1628 1551 1655 ιπ-

101 1717 104 1724 ,
172 1668 290 1711 πέων
330 1669 426 1718 ἰ’λας
467 1668 636 1717 οἰκείως
673 1672 765 1718 τοῖς
803 1666 1109 1722 ὑποκειμένοις
1152 1668 1304 1719 τόποις
1346 1668 1550 1720 διατάξας
1580 1660 1635 1700 20

173 1741 276 1776 τους
307 1740 386 1779 μεν
415 1726 557 1775 ἱππεῖς
584 1724 783 1791 ἐπέστησε
811 1723 895 1777 πρὸ
925 1724 1065 1779 πάσης
1094 1741 1169 1780 της
1201 1730 1425 1780 στρατιᾶς,
1470 1725 1550 1782 τὴν

175 1782 220 1825 δε
256 1785 346 1825 τῶν
374 1785 511 1834 πεζῶν
540 1780 744 1836 φάλαγγα
773 1778 957 1824 κατόπιν
987 1780 1237 1836 ἐφεδρεύειν
1270 1782 1545 1851 προςέταξεν·

175 1837 310 1889 αυτὸς
348 1837 393 1880 δὲ
428 1837 774 1908 προηγούμενος
788 1841 867 1881 τοῦ
896 1838 1042 1890 δεξιοῦ
1070 1838 1229 1893 μέρους
1259 1836 1429 1894 απήντα
1458 1843 1549 1890 τοῖς

174 1895 420 1950 πολεμίοις,
466 1895 599 1965 ἔχων
616 1892 723 1950 μεθ’
755 1893 913 1937 ἑαυτοῦ
942 1894 1044 1945 τοὺς
1072 1897 1329 1950 κρατίστους
1357 1900 1443 1939 τῶν
1473 1897 1548 1938 ιπψ
1577 1887 1631 1930 25

174 1952 314 1995 πέων·
354 1951 404 1994 τὸ
434 1947 477 1994 δ’
513 1949 745 2006 εὐώνυμον
772 1951 903 2006 μέρος
932 1950 1102 2006 ἐπεῖχον
1132 1954 1177 1995 οἱ
1204 1957 1291 1995 τῶν
1324 1955 1549 1996 Θετταλῶν

176 2010 336 2060 ἱππεῖς,
384 2007 497 2050 πολυ
536 2011 625 2051 τῶν
660 2008 802 2051 ἄλλων
831 2008 1116 2080 διαφέροντες
1140 2014 1233 2059 ταῖς
1263 2025 1307 2052 τε
1337 2008 1548 2064 ἀνδραγα-

173 2066 292 2116 θίαις
321 2065 395 2108 καὶ
421 2069 515 2116 ταῖς
543 2065 791 2120 ἐμπειρίαις.
849 2062 908 2115 ῶς
938 2063 982 2108 δ’
1023 2066 1068 2107 αἱ
1096 2064 1346 2120 δυνάμεις’
1329 2065 1451 2117 εντός
1480 2066 1548 2123 βέ-

174 2126 279 2173 λους
307 2121 520 2176 ἐγένοντο,
547 2127 640 2171 τοῖς
670 2137 749 2176 μεν
777 2122 886 2175 περὶ
901 2121 979 2164 τὸν
1004 2120 1286 2192 Ἁλέξανδρον
1307 2122 1546 2177 ἐπέρριψαν

176 2180 220 2222 οἱ
244 2178 470 2248 βάρβαροι
497 2182 710 2221 τοσοῦτον
739 2182 911 2248 πλῆθος
944 2180 1082 2232 βελῶν
1125 2178 1228 2229 ώςτε
1258 2179 1331 2222 δια
1360 2179 1440 2249 τὴν
1465 2196 1544 2223 πυ·
1573 2175 1628 2216 30

175 2234 359 2305 κνότητα
387 2240 473 2278 τῶν
500 2234 779 2290 βαλλομένων
808 2233 1008 2304 ἀλλήλοις
1045 2235 1382 2289 συγκρουόντων
1414 2234 1549 2279 ἀσθε-

174 2291 377 2347 νεστέρας
405 2293 605 2348 γίνεσθαι
631 2308 708 2343 τας
735 2290 913 2349 πληγάς.
969 2295 1058 2335 τῶν
1085 2291 1132 2336 ὁὲ
1153 2297 1426 2350 σαλπιγκτῶν
1438 2291 1547 2349 παρ’

177 2437 234 2472 90.
280 2437 347 2483 μὲν
371 2450 441 2474 om.
470 2441 552 2475 Bas.
742 2440 798 2475 98.
845 2442 1203 2487 προκατειληφέναι]
1232 2440 1493 2488 κατειληφέναι
1515 2442 1549 2476 X

177 2485 259 2519 Bae.
440 2487 518 2521 100.
566 2485 743 2522 σύντονον
762 2487 1028 2532 Wesselingius:
1050 2490 1134 2524 libri
1158 2488 1342 2532 σύντομον

266 2552 436 2588 184.10.
482 2552 616 2599 Ἰσσὸν]
647 2556 765 2591 ἴσσον
772 2555 856 2589 Bas.
1057 2558 1114 2592 13.
1163 2557 1230 2594 τὸν
1258 2569 1329 2593 om.
1352 2557 1436 2591 Bas.

267 2600 324 2633 19.
369 2598 448 2638 ἴλας
471 2600 544 2644 FL,
572 2603 700 2636 caeteri
724 2602 821 2642 εἴλας
844 2601 903 2635 hic
924 2605 957 2636 et
980 2607 1101 2647 postea
1283 2603 1340 2640 20.
1389 2601 1550 2644 οἰκείως]

177 2643 218 2680 ἐν
241 2645 389 2685 οἰκείοις
409 2646 467 2679 Ε’[ι
645 2647 703 2681 21.
748 2646 840 2692 πρὸ]
865 2644 966 2694 παρὰ
987 2650 1070 2683 Bas.
1253 2649 1310 2684 28.
1357 2646 1549 2693 ἐγένοντο]

176 2691 340 2736 ἐγίνοντο
365 2692 395 2725 F
414 2693 497 2725 Bas.
676 2693 734 2728 30.
783 2694 921 2737 βελῶν]
954 2694 1057 2737 βέλος
1087 2695 1169 2730 Bas.
1352 2696 1409 2731 31.
1455 2696 1549 2739 γίνε-

176 2739 291 2782 σθαι]
315 2736 485 2784 γενέσθαι
507 2739 588 2773 Bas.
660 2746 664 2752 ’
723 2772 729 2777 ,
770 2741 828 2774 32.
873 2742 1122 2796 σαλπιγκτων]
1150 2742 1353 2800 σαλπίγγων
1376 2742 1428 2785 X,
1462 2743 1547 2776 σαλ-

173 2787 312 2820 πιστῶν
335 2785 395 2819 FL
575 2780 692 2829 παρ’]
717 2779 956 2831 κρουομένων
981 2788 1044 2824 καὶ
1066 2786 1161 2833 παρ’
1185 2789 1219 2822 X
