1820 3249
509 107 621 147 LlB.
653 105 782 146 XVII.
844 105 975 147 CAP.
1010 108 1076 147 71.
1106 108 1174 148 72.
1425 106 1538 147 1205

161 217 243 273 τήν
270 218 552 261 πολυτέλειαν
587 220 663 286 τῆς
699 220 967 285 κατασκευῆς
1005 215 1164 272 βραχέα
1203 217 1405 260 διελθεῖν.
1464 214 1537 260 οὔ·

161 287 240 330 σης
279 275 394 332 γὰρ
402 274 537 330 ἄκρας
577 271 810 328 ἀξιολόγου
846 275 1124 343 περιείληφεν
1162 271 1298 328 αὐτὴν
1328 276 1536 326 τριπλοῦν

159 337 308 387 τεῦχος,
339 333 394 374 οὐ
422 331 470 374 τὸ
499 331 597 398 μὲν
597 334 784 398 πρῶτον
805 328 1079 385 άναλήμματι
1097 328 1395 386 πολυδαπάνῳ
1422 345 1539 372 κατε·
1568 333 1621 375 35

160 388 368 432 σκεύαστο
396 389 469 431 καὶ
497 386 545 430 τὸ
575 385 691 437 ’ὕψος
721 392 803 454 εῑχε
832 390 983 455 πηχῶν
1002 386 1228 430 ἑκκαίδεκα
1250 374 1444 436 ἐπάλξεσι
1470 402 1535 429 κε-

159 443 445 500 κοσμημένον.
504 443 554 487 τὸ
585 445 631 486 ὁὲ
661 442 868 496 δεύτερον
895 443 974 498 τὴν
1006 460 1088 514 μεν
1106 442 1240 499 α’λλην
1263 441 1536 511 κατασκευήν

158 502 318 555 ὁμοίαν
345 501 444 556 ἔχει
456 504 515 558 τῷ
545 500 869 570 προειρημένῳ,
913 499 962 543 τὸ
993 499 1035 543 6'
1067 499 1181 551 ὕψος
1210 498 1454 543 διπλάσιον
1512 497 1536 542 ὁ

159 559 214 602 δὲ
232 559 374 612 τρίτος
402 560 634 612 περίβολος
665 562 725 614 τῷ
759 558 940 614 σχήματι
971 555 1049 610 μέν
1080 557 1168 599 ἐστι
1210 555 1537 610 τετράπλευρος,
1567 560 1620 602 40

156 614 206 658 τὸ
247 615 293 658 δὲ
329 614 491 666 τούτου
534 619 671 683 τεῖχος
701 602 822 665 ὕψος
861 615 944 668 ἔχει
973 617 1145 670 πηχῶν
1152 612 1382 668 ἑξήκοντα,
1425 615 1536 669 λίθῳ

157 675 330 727 σκληρῷ
368 672 440 714 καὶ
478 672 588 725 πρὸς
627 671 843 726 διαμονὴν
884 669 1066 713 αἰώνιον
1097 672 1144 713 εὐ
1175 669 1391 738 πεφυκότι
1420 685 1538 712 κατε·

157 727 468 782 σκευασμένον.
528 726 684 797 ἑκάστη
725 728 769 771 δὲ
807 731 895 770 τῶν
934 731 1131 780 πλευρῶν
1167 727 1250 782 έχει
1274 725 1414 776 πύλας
1442 729 1539 780 χαλ-

155 789 249 837 uois,
280 785 364 827 καὶ
381 783 488 839 παρ’
522 783 656 836 αὐτάς
687 797 903 838 σταυρους
926 788 1113 838 χαλκοῦς
1120 782 1428 854 εἰκοσιπήχεις,
1460 781 1538 832 οὓς

156 841 236 898 μὲν
264 841 374 908 πρὸς
402 842 492 897 τὴν-
506 842 552 884 ἐκ
581 846 672 912 τῆς
684 842 789 889 θέας
819 840 1084 908 κατάπληξιν
1113 841 1163 891 οὶς
1194 841 1239 883 δὲ
1260 839 1370 895 πρὸς
1394 836 1534 894 ιῖσφά-
1566 840 1619 883 45

157 903 278 942 λειαν
314 897 601 954 ἡρμοσμένας.
659 897 705 940 έν
745 900 791 941 δὲ
828 902 889 953 τῷ
929 906 1039 950 προς
1071 896 1285 947 ἀνατολάς
1315 896 1433 952 μέρει
1456 899 1536 966 τῆς

157 956 296 1010 ἄκρας
330 956 510 1008 τέτταρα
548 955 718 1005 πλέθρα
749 954 969 1009 διεστηκός
999 954 1103 1008 ὄρος
1133 954 1219 997 ἐστὶ
1248 952 1296 997 τὸ
1327 951 1536 1021 καλούμε-

156 1028 238 1055 νον
267 1011 518 1069 βασιλικόν,
568 1011 615 1054 έν
655 1016 688 1067 ᾧ
728 1016 817 1054 τῶν
847 1011 1061 1065 βασιλέων
1090 1009 1288 1065 ὑπῆρχον
1316 1012 1362 1053 οἷ
1387 1007 1537 1065 τάφοι.

153 1067 290 1122 πέτρα
317 1068 401 1123 γάρ
431 1070 486 1124 ἦν
499 1068 822 1139 κατεξαμμένη,
854 1068 928 1109 καὶ
956 1084 1066 1109 κατα
1096 1068 1232 1135 μέσον
1251 1068 1400 1117 οἴκους
1421 1066 1537 1121 έχου
1567 1071 1620 1112 50

156 1136 212 1168 σα
239 1126 461 1177 πλείονας,
494 1123 540 1167 έν
571 1121 636 1174 οἷς
665 1125 788 1180 σηκοὶ
817 1127 906 1166 τῶν
936 1122 1297 1195 τετελευτηκότων
1314 1123 1534 1194 υπῆρχον,

76 1180 396 1238 216πρόςβασιν
417 1181 496 1236 μὲν
519 1180 730 1236 οὐδεμίαν
763 1182 929 1236 ἔχοντες
955 1183 1268 1236 χειροποίητον,
1299 1178 1378 1223 υπ’
1412 1177 1537 1234 ὀργά-

154 1255 248 1282 νων
288 1240 334 1282 δέ
379 1254 513 1281 τινων
548 1255 863 1307 χειροποιητων
907 1238 1201 1291 εξαιρομέιων
1243 1240 1330 1279 τῶν
1368 1239 1536 1296 νεκρῶν

155 1294 379 1363 δεχόμενοι
407 1312 485 1345 τας
515 1294 669 1350 ταφάς.
728 1295 837 1338 κατὰ
870 1294 914 1338 ὁε
947 1295 1027 1350 τήν
1059 1294 1202 1348 ἄκραν
1231 1293 1393 1349 ταύτην
1422 1297 1535 1349 ἦσαν
1587 1330 1613 1343 .,

153 1350 410 1402 καταλυσεις
457 1352 676 1407 βασιλικαὶ
713 1353 786 1394 καὶ
828 1353 1106 1406 στρατηγικαὶ
1144 1352 1320 1402 πλείους
1359 1354 1534 1394 πολυτε-
1567 1352 1620 1394 55

153 1413 240 1459 λεῖς
268 1414 362 1460 ταῖς
396 1414 685 1459 κατασκευαῖς
721 1409 794 1451 καὶ
823 1409 1044 1464 θησαυροὶ
1074 1408 1182 1460 πρὸς
1210 1408 1290 1463 τὴν
1318 1410 1408 1450 τῶν
1435 1423 1534 1466 χρη-

152 1464 303 1536 μάτων
333 1465 658 1536 παραφυλακὴν
688 1465 877 1515 εὐθέτως
907 1464 1311 1518 κατεσκευασμένοι.
1562 1499 1619 1524 Μ)

260 1521 311 1565 Ὁ
341 1521 382 1565 δ’
411 1521 690 1576 Ἀλέξανδρος
720 1522 910 1565 ἐπινίκια
940 1525 1029 1564 τῶν
1065 1518 1420 1576 κατορθωμάτων
1449 1519 1533 1562 ἐπι·
1571 1511 1618 1538 ⁴⁴¹¹

151 1581 287 1622 τελῶν
314 1581 475 1629 θυσίας
507 1595 552 1621 τε
581 1583 921 1633 μεγαλοπρεπεῖς
942 1584 1032 1628 τοῖς
1053 1582 1174 1627 θεοῖς
1196 1577 1440 1620 συνετέλεσε
1460 1576 1533 1619 καὶ
1562 1557 1616 1596 60

151 1639 242 1679 τῶν
271 1638 423 1706 φίλων
460 1635 658 1688 λαμπρας
695 1634 901 1685 ἑστιάσεις
933 1635 1182 1690 ἐποιήσατο.
1241 1634 1315 1677 καὶ
1346 1633 1399 1688 δή
1428 1649 1533 1676 ποτε

97 1716 102 1723 ·
150 1696 238 1736 τῶν
264 1691 448 1746 ἑταίρων
478 1692 812 1747 εὐωχουμένων,
858 1692 933 1734 καὶ
961 1695 1042 1735 τοῦ
1073 1708 1152 1746 μεν
1181 1690 1318 1734 πότου
1349 1691 1532 1744 προβαί.

151 1766 322 1801 νοντος,
352 1754 426 1804 τῆς
445 1749 489 1791 δὲ
509 1751 644 1805 μέθης
668 1750 922 1819 προϊούσης,
952 1749 1128 1802 κατέσχε
1157 1747 1290 1790 λύττα
1321 1745 1391 1790 ἐπὶ
1419 1745 1532 1790 πολὺ

151 1805 229 1856 τοὶς
256 1805 397 1861 ψυχάς
426 1809 514 1848 τῶν
547 1823 585 1850 οι
579 1807 810 1860 ’νωμένων.
872 1805 941 1848 ὅτε
971 1805 1023 1861 δὴ
1054 1805 1126 1847 καὶ
1155 1805 1232 1858 μία
1256 1808 1343 1847 τῶν
1366 1819 1530 1856 παρου-
1560 1815 1613 1857 55

153 1866 255 1906 σῶν
285 1866 539 1933 γυναικῶν,
574 1862 715 1915 ὄνομα
752 1879 829 1916 μεν
867 1864 995 1912 Θαίς,
1041 1861 1206 1915 Ἀττικὴ
1238 1861 1284 1904 δὲ
1312 1858 1360 1903 τὸ
1392 1859 1529 1916 γένος,

152 1918 244 1964 εἶπε
271 1919 502 1963 κάλλιστον
529 1918 790 1986 Ἀλεξάνδρῳ
822 1923 910 1961 τῶν
948 1918 1074 1961 κατά
1088 1935 1170 1973 την
1195 1916 1343 1960 Ἀσίαν
1372 1932 1533 1971 πεπρα-
1574 1934 1579 1937 “

151 1976 325 2033 γμένων
364 1976 561 2025 ἔσεσθαι,
605 1976 679 2019 ἐὰν
715 1975 920 2031 κωμάσας
949 1973 1040 2045 μετ’
1073 1975 1220 2017 αὐτῶν
1248 1972 1450 2043 ἐμπρήσῃ
1479 1973 1531 2022 τὰ,

153 2035 351 2089 βασίλεια
388 2033 461 2076 καὶ
497 2035 550 2076 τὰ
592 2036 778 2086 Περσῶν
798 2031 1046 2101 περιβόητα
1071 2034 1294 2101 γυναικῶν
1315 2035 1457 2101 χεῖρες
1483 2030 1532 2073 έν

152 2092 305 2160 βραχεῖ
331 2093 471 2148 καιρῷ
507 2089 750 2145 ποιήσωσιν
780 2088 969 2143 ἄφαντα.
1027 2087 1197 2132 τούτων
1225 2087 1271 2130 δε
1302 2087 1527 2143 ῥηθέντων
1555 2099 1610 2139 70

151 2148 213 2200 εἰς
250 2145 414 2203 ἄνδρας
446 2146 574 2198 νέους
603 2146 676 2190 καὶ
707 2144 778 2191 διοὶ
807 2145 887 2202 τὴν
914 2145 1055 2203 μέθην
1086 2143 1253 2201 ἀλόγως
1281 2147 1526 2201 μετεωριζο-

151 2283 209 2318 32.
256 2282 323 2328 τήν
347 2297 415 2322 om.
438 2287 468 2320 F
683 2284 740 2320 35.
789 2283 1043 2342 ἆναλήμματι]
1077 2281 1289 2327 ἀναλώματι
1312 2284 1340 2317 L
1363 2286 1396 2316 et
1419 2292 1526 2325 supra

151 2340 289 2364 versum
313 2331 346 2384 F
503 2331 560 2367 36.
585 2330 767 2374 ἐπάλξεσι]
792 2332 942 2376 πυργῶν
968 2335 1048 2370 ταῖς
1072 2329 1237 2373 ἐπάλξεσι
1261 2330 1336 2374 LQ,
1362 2327 1454 2374 εἶχεν
1473 2327 1527 2370 ἐξ·

151 2387 304 2423 καίδεκα
327 2378 476 2432 πυργων
498 2392 580 2428 ταῖς
605 2387 783 2431 ἐπάλξεσι,
808 2393 840 2422 et
863 2389 899 2422 in
923 2388 1083 2433 margine
1105 2388 1233 2433 πηχῶν
1257 2388 1286 2421 F
1454 2384 1526 2434 ,4st

152 2431 289 2468 τούτου
313 2436 454 2479 τεῖχος]
499 2448 565 2470 του
600 2437 742 2479 τείχους
765 2435 848 2475 Fl,
885 2436 996 2469 τοῦτο
1031 2437 1144 2479 τεῖχος
1176 2435 1260 2467 Bas.
1429 2431 1525 2464 42.

152 2476 306 2514 αἰώνιον
338 2480 392 2521 F,
433 2481 591 2516 αἰωνίαν
623 2482 771 2515 caeteri:
812 2460 917 2514 et'iam
950 2481 1020 2514 vol.
1044 2481 1071 2513 1.
1097 2491 1129 2523 p.
1153 2480 1187 2512 4.
1213 2479 1271 2513 49.
1296 2477 1466 2517 αἰωνίαις
1489 2477 1528 2510 in

153 2526 319 2565 αἰωνίοις
341 2529 544 2562 mutandum
566 2540 640 2562 esse
663 2531 822 2561 constans
845 2527 973 2561 evincit
996 2538 1077 2560 usus
1099 2525 1246 2559 Diodori
1415 2535 1524 2560 κατα-

153 2571 399 2627 σκευασμένον
420 2573 452 2606 F
633 2573 690 2606 44.
739 2572 1002 2617 εἰκοσιπήχεις]
1026 2570 1274 2616 εἰκοσαπήχεις
1296 2571 1379 2605 FL

151 2617 209 2654 46.
254 2614 486 2673 ἡρμοσμένας
509 2619 674 2654 asterisco
696 2619 832 2653 notavit
853 2619 1048 2664 Stephanus

245 2664 326 2698 216.
357 2663 414 2699 52.
459 2677 512 2699 υπ
518 2662 557 2720 ’]
581 2661 656 2700 ὐπὸ
681 2666 747 2699 FT
915 2633 986 2700 μ57.
1031 2658 1336 2720 παραφυλακήν]
1354 2657 1524 2705 φυλακήν

151 2708 215 2743 FL
397 2709 456 2743 64.
489 2708 636 2765 λύττα]
660 2709 773 2745 λύσσα
796 2721 914 2744 omnes
1096 2709 1154 2746 65.
1202 2707 1274 2754 δή]
1302 2706 1342 2743 δὲ
1364 2708 1394 2741 F

151 2753 208 2789 71.
255 2753 606 2801 μετεωριζομένους]
630 2756 946 2802 μετεωριζομένων
970 2756 1001 2789 F
