1820 3249
276 167 317 197 vi
691 153 1249 197 PRAEFATIO,

390 269 430 307 Ρ.
451 267 546 311 815.
569 271 633 312 13
662 265 1044 320 κατασκευαζοντας]
1075 269 1274 307 Praefero
1289 269 1531 322 scripturam
1549 285 1666 310 κατα-

278 322 568 375 σκευάσαντας,
598 331 646 364 ut
666 325 959 379 ἐργασαμένους
985 332 1044 365 est
1063 325 1106 363 in
1128 326 1265 368 eadem
1290 327 1425 366 sabula
1451 328 1557 380 apud
1579 328 1668 366 Eu-

281 382 439 420 dociam
467 396 507 434 Ρ.
531 383 627 425 315.
651 386 747 425 519.
835 406 838 410 ’

393 439 438 479 Ρ.
460 443 556 482 329.
583 442 621 481 9
664 434 920 491 Πιτυούσης]
961 437 1228 477 scribendum
1260 437 1327 478 hic
1354 447 1391 479 et
1417 446 1556 493 postea
1588 441 1670 480 Πι-

281 491 495 547 τυούσσης.

397 553 438 591 P.
459 551 557 596 340.
583 550 651 595 45.
680 554 844 592 ποιοῦσι
871 547 1037 604 σιδηρου
1059 547 1272 605 πλάσματα
1294 549 1545 598 παντοδαπα.
1581 548 1674 592 τού-

280 616 359 650 των
384 608 428 649 δὲ
459 608 508 650 τὰ
527 607 608 661 μὲν
638 610 693 657 εἰς
719 606 868 661 ὀρνέων
889 607 1040 656 τύπους
1061 607 1316 664 χαλκεύουσι]
1347 607 1522 663 Ὀρνέων
1542 607 1577 647 si
1607 608 1674 646 cui

280 667 427 705 mirum
445 667 641 716 videatur,
664 666 763 704 disci
781 679 916 705 earum
941 679 1034 703 usus
1054 673 1187 717 potest
1209 680 1260 705 ex
1284 680 1323 719 Ρ
1343 668 1438 710 353.
1453 671 1511 709 6.·
1540 662 1695 719 uoniam:

281 723 325 764 δὲ
352 727 479 776 χαλκᾶ
507 697 781 775 περιτίθενται
809 720 979 776 μεγαλας
1016 721 1154 775 ἐξοχάς
1181 723 1220 773 ἒξ
1252 724 1407 764 ἓαυτων
1435 723 1576 776 ἔχοντα
1605 722 1674 762 καὶ

280 788 414 834 παμμ.
400 780 519 834 εγέθη
552 781 778 832 φαντασίαν
809 778 1050 832 ἐπιφέροντα
1080 784 1164 828 τοῖς
1193 780 1435 833 χρωμένοις’
1478 784 1562 827 τοῖς
1600 771 1693 830 μὲν

280 854 358 891 γαρ
381 835 606 890 πρὸςκειται
634 840 805 889 συμφυῆ
829 836 986 890 κέρατα,
1016 840 1102 884 τοῖς
1124 835 1168 877 δὲ
1189 835 1342 890 ὀρνέων
1367 835 1396 890 ἢ
1418 832 1675 889 τετραπόδων

283 892 393 948 ζῳων
420 893 734 945 ἐκτετυπωμέναι
758 895 968 958 προτομαί.
1036 893 1275 945 Quanquam
1298 908 1380 932 non
1410 893 1675 963 dubitandum

281 938 430 990 ciarius
453 953 669 1003 loquutum
695 961 781 990 esse
789 951 871 989 cui
895 965 965 989 sua
992 950 1113 989 debet
1132 951 1345 992 Diodorus.

399 1010 438 1048 P.
461 1008 639 1052 34815.
671 1005 882 1062 πρότερον]
915 1009 1062 1046 Confer
1081 1009 1357 1047 annotationes
1377 1007 1485 1061 adp.
1496 1007 1593 1050 516.
1609 1007 1694 1049 73.

283 1065 365 1105 vol.
386 1066 435 1104 II.
460 1080 501 1118 Ρ.
521 1065 587 1107 44.
613 1066 682 1109 45.
709 1069 805 1108 202.
825 1066 891 1108 56.
914 1065 1009 1109 469.
1033 1068 1099 1107 60.
1208 1073 1219 1080 ”

312 1131 316 1150 ²
394 1124 440 1161 Ρ.
459 1123 553 1164 352.
577 1126 643 1165 77.
673 1119 848 1175 θρασος]
880 1122 1016 1160 Scribe
1045 1118 1219 1174 θαῤῥος.
1268 1119 1271 1123 ’

313 1199 343 1207 ·=
379 1180 449 1218 ‘'.P
468 1179 563 1222 355.
591 1183 660 1222 68.
689 1176 827 1230 νότον]
858 1179 1078 1217 Dicendum
1104 1179 1228 1217 fuisse
1249 1175 1399 1232 ἄρκτον
1423 1176 1682 1216 animadver-

285 1242 424 1280 terunt
446 1236 653 1276 VVurmius
677 1236 727 1275 acl
748 1236 1120 1289 interpretationem
1143 1235 1421 1274 Germanicam
1441 1241 1480 1273 et
1497 1233 1682 1272 Niebuh-

284 1294 370 1332 iius
402 1293 503 1332 Hist.
533 1295 650 1331 Rom.
678 1294 761 1332 vol.
787 1293 835 1332 ΙΙ.
854 1307 903 1352 p.
921 1294 1016 1336 587.
1077 1293 1266 1331 Errorem
1293 1306 1393 1334 vero
1432 1305 1551 1344 quem
1580 1291 1683 1328 Dio-

286 1351 409 1389 dorus
442 1351 717 1410 pervertendis
744 1344 944 1393 Celtalum
976 1357 1015 1389 et
1044 1344 1279 1388 Galatarum
1307 1349 1540 1387 nominibus
1566 1361 1684 1385 com-

285 1407 437 1445 misisse
461 1414 649 1459 putatur,
678 1407 985 1459 interpretando
1017 1407 1064 1444 ab
1097 1420 1144 1450 eo
1178 1406 1358 1445 defendit
1383 1404 1643 1444 Niebuhrius.

399 1465 554 1507 P.358.
588 1468 682 1507 100.
716 1465 812 1502 Dele
833 1463 1147 1503 annotationem.
1267 1467 1307 1506 4.
1334 1466 1421 1509 ταῖς
1451 1461 1543 1514 περὶ
1571 1460 1687 1513 Ἡρα-

285 1520 426 1569 κλέους
460 1517 651 1574 πράξεσι]
692 1515 923 1573 Xenophon
957 1521 1062 1560 Hist.
1099 1534 1158 1572 gr.
1193 1519 1263 1562 VI.
1299 1522 1335 1561 1.
1379 1521 1445 1561 19.
1483 1534 1556 1567 τας
1592 1533 1692 1606 περι

285 1574 458 1625 Ἰάσονος
485 1576 661 1628 πράξεις.

401 1636 445 1673 Ρ.
465 1636 565 1684 359.
588 1639 656 1688 72.
694 1638 782 1682 ταῖς
810 1632 964 1686 ἐλπίσι]
995 1629 1241 1680 ακολούθως
1271 1634 1359 1680 ταῖς
1388 1630 1520 1672 ἐλπίσι
1549 1630 1687 1683 suspi-

286 1697 402 1730 catur
425 1693 645 1730 Wurmius.

397 1748 440 1786 P·
462 1752 556 1790 372.
586 1748 656 1789 40.
703 1747 849 1803 Φιλία]
886 1746 1021 1794 Quum
1052 1745 1154 1784 liber
1189 1758 1292 1784 unus
1323 1744 1511 1796 praebeat
1543 1743 1688 1799 Φυλία,

287 1806 455 1843 fortasse
479 1805 733 1844 scribendum
763 1804 942 1844 Φυλλίδι.
981 1803 1048 1842 Sic
1066 1802 1299 1889 proximum
1319 1800 1552 1856 Κορωνίδι
1541 1814 1585 1838 111
1606 1804 1691 1842 Κο-

289 1878 426 1917 ρωνει
396 1863 437 1902 ἔα
464 1862 561 1900 abiit
591 1862 635 1900 in
666 1861 890 1899 nonnullis.
1628 1872 1631 1879 ·

402 1904 445 1958 Ρ.
463 1921 560 1961 373.
584 1922 652 1962 77
683 1917 732 1956 In
763 1916 1022 1956 annotatione
1048 1883 1645 1955 (11),1ε4>’τ.ςαί.’Δ
1680 1931 1682 1933 ·

406 1976 447 2014 Ρ
480 1977 672 2017 379.11.
710 1974 976 2025 Μελισσέως]
1017 1972 1224 2019 Μέλισσος
1260 1976 1320 2008 est
1352 1969 1483 2013 etiam
1503 1933 1692 2007 Isocratis

292 2032 475 2071 Encomii
510 2032 696 2087 Helenae
713 2031 847 2070 initio.
918 2031 970 2068 Et
996 2036 1171 2082 possunt
1200 2030 1368 2066 sortasse
1396 2027 1497 2064 talia
1527 2026 1701 2079 quidem*

293 2090 389 2129 feni
414 2089 534 2126 etiam
561 2089 684 2140 apud
700 2102 770 2126 eos
802 2088 870 2140 qui
889 2087 1011 2125 alieni
1040 2086 1087 2124 ab
1116 2085 1179 2123 his
1205 2085 1345 2123 formis
1374 2090 1482 2123 sunt.

406 2146 820 2187 Ρ.387.52.501111(>.
841 2143 961 2198 Ἡλίῳ
994 2166 1044 2172 -—-
1080 2138 1256 2197 Οὐρανῷ
1276 2164 1324 2170 ·—
1349 2144 1423 2196 Γῆ.
1473 2172 1477 2174 »

408 2204 453 2241 Ρ.
473 2204 567 2244 398·
593 2205 660 2244 68.
692 2202 748 2240 In
762 2186 1023 2240 annotatione
1047 2199 1176 2237 scribe
1199 2196 1405 2251 μακάρων.
1696 2226 1699 2228 -

409 2260 457 2298 In
478 2258 685 2299 Addendis
709 2259 770 2298 ad
787 2273 829 2335 Ρ.
857 2261 950 2302 129.
976 2259 1044 2300 59.
1078 2270 1154 2309 pro
1175 2257 1271 2299 925.
1296 2254 1507 2343 legendum
1532 2253 1629 2295 924

884 2350 975 2394 «Ρ.
1011 2348 1069 2392 IL

411 2429 584 2469 Praesat.
612 2441 653 2480 Ρ.
681 2420 773 2467 XII.
820 2428 1010 2481 Quinque
1043 2427 1328 2465 consulatuum
1360 2396 1615 2464 iterationem
1632 2396 1696 2461 ‘rex

298 2500 343 2524 eo
369 2486 517 2536 repetit
529 2485 774 2524 Niebuhrius
795 2486 895 2524 Hist.
909 2488 954 2525 R.
974 2485 1058 2524 vol.
1073 2485 1121 2523 II.
1142 2497 1184 2535 p.
1206 2486 1318 2534 629,
1349 2483 1460 2535 quod
1477 2481 1696 2529 Diodorus,

300 2546 345 2581 ut
363 2543 503 2581 urbem
523 2556 544 2579 a
563 2542 689 2579 Gallis
711 2550 867 2594 captam
881 2557 971 2581 cum
987 2542 1152 2593 Polybio
1178 2538 1316 2593 (VL1.
1342 2538 1426 2592 1.)
1415 2553 1457 2577 1n
1481 2539 1545 2576 Ol.
1567 2540 1634 2578 98.
1647 2539 1697 2576 2.

301 2601 527 2647 conferret,
560 2598 654 2636 libri
677 2600 785 2638 Xlll.
807 2601 923 2638 initio
956 2606 1048 2638 ante
1068 2599 1135 2637 Ol
1151 2600 1217 2639 91.
1245 2600 1283 2638 2.
1314 2597 1547 2634 consulatus
1575 2593 1698 2644 q'uin-

303 2665 380 2708 que
410 2663 555 2694 temere
583 2655 776 2707 omiserit,
809 2671 902 2696 cum
927 2655 1022 2695 libri
1048 2655 1135 2692 XV.
1165 2651 1260 2692 vero
1289 2653 1406 2691 initio
1433 2664 1618 2691 reversus
1641 2649 1700 2688 ad

305 2712 609 2763 ‹hronologiam
637 2725 756 2763 quam
784 2713 897 2753 libiis
923 2713 996 2753 XI.
1021 2717 1060 2750 et
1077 2711 1186 2750 ΧΠ.
1200 2716 1392 2762 sequutus
1417 2715 1541 2756 esset,
1569 2707 1614 2745 id
1631 2712 1699 2744 est

304 2771 534 2822 Fabianam,
560 2782 661 2821 quae
687 2770 897 2811 Gallorum
918 2770 1166 2811 invasionem
1197 2768 1263 2808 Ol.
1283 2770 1351 2810 99.
1381 2780 1487 2806 anno
1510 2768 1551 2808 3.
1574 2762 1697 2803 ascri-
