1820 3249
473 141 1532 212 L113.xx.cm‘.1oS.109.1559'

128 281 308 333 Ταῦρον
332 276 609 350 ὑπερβαλών
613 282 820 349 προῆγεν
849 278 921 324 ἐπὶ
949 281 1282 351 Καππαδοκίας,
1313 280 1385 324 καὶ
1410 279 1516 352 τοὺς

125 333 422 406 ἀφεστηκότας
445 335 543 390 περὶ
574 333 675 392 τὴν
686 333 779 378 α’νω
815 337 1029 405 Φρυγίαν
1046 335 1120 381 καὶ
1148 338 1406 395 Λυκαονίαν
1425 337 1513 380 ἐπι-

122 392 419 463 πορευόμενος
452 392 584 445 πάλιν
605 393 683 450 εἷς
716 409 803 464 την
845 390 1228 464 προϋπάρχουσαν
1266 396 1514 451 συμμαχίαν

122 447 458 519 ἀποκατέστησε
481 498 483 501 ⁴
512 440 624 520 καθ’
652 446 707 504 dv
722 449 802 507 δή
819 450 981 506 χρόνον
1000 454 1055 505 οἱ
1083 447 1181 507 περὶ
1211 449 1293 508 teu
1313 454 1512 506 Λυσίμα

124 523 204 563 χον
229 504 478 576 πυθόμενοι
505 505 585 564 τὴν
606 509 697 550 τῶν
722 509 945 578 πολεμίων
965 509 1221 580 παρουσίαν
1239 504 1514 565 ὄϋνήδρευον
1543 512 1597 553 25

123 562 442 636 βουλευόμενοι
470 567 565 615 πῶς
573 561 805 635 χρηστέον
843 566 908 621 ειη
939 568 1030 617 τοῖς
1046 556 1397 636 ἐπιφερομένοις
1424 574 1517 609 κιν-

123 621 287 671 δύνοις.
349 619 496 674 ἔδοξεν
533 625 619 664 οὐν
654 619 805 673 αὕτοῖς
834 622 895 673 εἷς
927 622 1008 678 μὲν
1036 622 1182 681 μάχην
1210 622 1268 694 μὴ
1300 633 1515 688 συγκατα-

122 679 314 734 βαίνειν,
343 676 425 728 ε’ως
457 677 513 720 ὂὶν
553 679 598 722 οἱ
629 678 747 747 περὶ
764 677 986 723 Σέλευκον
1018 679 1064 723 ἐκ
1095 684 1185 723 τῶν
1224 678 1318 731 ἄνω
1359 689 1517 736 σατρα-

122 738 259 779 πειῶν
300 736 547 789 καταβῶσι,
589 733 754 787 τόπους
786 735 831 779 δὲ
861 734 1055 792 όχυρους
1085 735 1424 808 καταλαβέσθαι
1441 737 1516 781 καὶ

120 791 284 863 χάρακι
319 793 392 835 καὶ
430 791 588 849 τάφρῳ
627 792 707 849 τὴν
745 794 1083 846 στρατοπεδείαν
1130 792 1186 837 άσ
1226 792 1514 852 αλισαμένους
1544 798 1600 838 30

121 848 365 918 ὑπομένειν
402 852 492 891 τῶν
528 851 749 905 πολεμίων
787 851 867 906 τὴν
904 850 1082 904 ἔφοδον.
1148 855 1172 894 ο
1208 867 1274 894 τοι
1315 851 1398 921 μὲν
1435 853 1520 894 οὐν

121 906 172 950 τὸ
203 905 380 978 δοχθὲν
393 905 544 957 αὐτοῖς
576 906 807 949 ἐπετέλουν
845 924 955 950 κατα
985 905 1158 964 σπουδή
1160 924 1199 951 ν.
1262 906 1286 951 ὁ
1319 907 1358 952 δ’
1388 906 1519 951 Ἀντί

123 980 257 1033 γονος
294 962 386 1006 ἐπεὶ
414 965 603 1018 πλησίον
632 963 800 1020 ἐγένετο
829 967 920 1007 τῶν
957 966 1201 1019 πολεμίων,
1230 961 1412 1036 ἐκτάξας
1434 964 1520 1035 τὴν

123 1019 318 1076 δύναμιν
356 1023 636 1090 προεκαλεῖτο
678 1021 738 1072 εἰς
776 1020 931 1090 μάχην.
998 999 1201 1073 ου’δενὸς
1225 1018 1266 1066 δ’
1310 1021 1521 1080 ἐπεξιέναι

124 1081 376 1145 τολμῶντος
417 1075 551 1127 αὐτὸς
580 1076 702 1132 μὲνο
690 1077 950 1145 κατελάβετο
983 1077 1146 1130 τόπους
1173 1078 1318 1131 τινάς,
1351 1078 1414 1122 δι’
1456 1080 1519 1122 ὠν
1549 1079 1603 1120 85

123 1132 368 1189 ἀναγκαῖον
405 1137 463 1190 ὴν
505 1149 581 1184 τας
605 1150 790 1202 τροφας
829 1141 922 1186 τοῖς
961 1134 1175 1187 ἐναντίοις
1219 1138 1518 1205 παρακομίζε-

122 1197 252 1235 σθαι·
287 1207 330 1234 οι
360 1188 405 1233 δὲ
434 1206 535 1245 περι
563 1189 643 1233 τόν
656 1193 923 1263 Λυσίμαχον
952 1191 1226 1261 φοβηθέντες
1256 1192 1421 1250 μήποτε
1443 1210 1520 1250 της

123 1247 290 1314 α’γοράς
322 1245 613 1317 ἀποκοπείσης
639 1247 886 1303 ὑποχείριοι
914 1248 1129 1305 γένωνται
1158 1255 1250 1300 τοῖς
1279 1252 1521 1306 πολεμίοις,

123 1305 281 1356 νυκτὸς
323 1302 575 1357 ἀνέζευξαν,
627 1305 700 1347 καὶ
740 1306 1032 1356 διατείναντες
1071 1308 1280 1359 σταδίους
1319 1323 1520 1368 τετρακο
1551 1305 1606 1347 40

126 1364 251 1412 σιόυς
289 1352 774 1416 κατεστρατοπέδευσαν
810 1363 910 1415 περὶ
951 1362 1228 1417 Δορύλαιον.
1306 1380 1389 1420 ειχε
1432 1364 1520 1421 γὰρ

122 1417 172 1465 τὸ
203 1420 368 1489 χωρίον
396 1420 522 1462 σίτου
551 1434 596 1462 τε
627 1418 701 1462 καὶ
738 1422 814 1489 τῆς
842 1418 974 1476 ἄλλης
995 1421 1216 1490 χορηγίας
1245 1424 1418 1492 πλῆθος
1447 1422 1522 1465 καὶ

123 1475 324 1532 ποταμόν
348 1475 662 1546 παραρρέοντα
698 1474 947 1531 δυνάμενον
977 1476 1226 1532 οὲσφάλειαν
1254 1477 1523 1549 παρέχεσθαι

125 1539 217 1585 τοῖς
247 1549 336 1588 παρ
392 1531 530 1576 αὐτόν
568 1533 980 1587 στρατοπεδεύουσι
1042 1533 1282 1590 βαλόμενοι
1313 1534 1359 1578 δὲ
1390 1547 1523 1590 στρα-

125 1591 355 1635 τοπεδείαν
362 1587 626 1658 ωχύρωσαν
655 1606 736 1647 την
763 1592 1051 1648 παρεμβολήν
1079 1593 1241 1671 βαθεία
1270 1589 1428 1651 τάφρῳ
1450 1593 1524 1636 καὶ
1554 1590 1609 1632 45

73 1663 76 1666 ·
126 1650 291 1720 τριπλῷ
320 1646 492 1703 χάρακι.

48 1723 117 1758 435
234 1704 485 1774 Ἀντίγονος
515 1704 562 1747 δὲ
591 1703 846 1776 πυθόμενος
874 1721 954 1773 την
983 1707 1072 1747 τῶν
1103 1706 1324 1761 πολεμίων
1356 1703 1525 1761 ἆποχτό-
1556 1704 1639 1744 109

128 1774 279 1832 ρησιν,
315 1760 452 1813 εὐθυς
481 1761 713 1805 ἐπεδίωκεν
745 1759 935 1812 αὐτούς,
968 1762 1043 1805 καὶ
1071 1763 1259 1832 πλησίον
1287 1762 1526 1818 γενόμενος

125 1823 202 1891 τῆς
231 1821 523 1875 παρεμβολῆς,
553 1818 640 1862 ἐπεὶ
672 1819 784 1874 πρὸς
810 1816 1054 1873 παράταξιν
1083 1817 1137 1862 ού
1165 1819 1526 1889 συγκατέβαινον,

127 1875 302 1948 ἤρξατο
324 1875 668 1931 περιταφρεύειν
697 1877 778 1933 τήν
809 1876 1171 1929 στρατοπεδείαν,
1201 1876 1272 1920 καὶ
1309 1877 1523 1920 καταπέλ-
1558 1875 1612 1917 50

128 1949 205 1985 τας
233 1932 308 1977 καὶ
336 1933 440 1990 βέλη
468 1932 791 2003 μετεπέμψατο,
821 1932 1095 1988 βουλόμενος
1124 1930 1275 2006 αὐτην
1294 1937 1529 2005 πολιορκῆ-

130 2003 217 2035 σαι.
279 1987 638 2044 συντελουμένων
690 1988 733 2033 δ’
787 1989 1130 2046 ακροβολισμων
1180 1990 1280 2046 περι
1327 1990 1414 2061 τὴν
1458 2007 1528 2034 τα-

129 2048 305 2104 φρείαν,
327 2047 402 2091 καὶ
430 2050 521 2090 τῶν
549 2047 648 2102 περὶ
677 2047 756 2091 τὸν
785 2049 1045 2117 Λυσίμαχον
1073 2047 1359 2102 πειρωμένων
1389 2045 1527 2119 ἀνείρ-

128 2119 222 2161 γειν
261 2109 354 2155 τοῖς
392 2104 537 2176 βέλεσι
576 2103 682 2155 τοὺς
719 2103 1061 2160 ἐργαζομένους,
1102 2105 1148 2148 ἐν
1178 2108 1314 2148 πᾶσιν
1353 2104 1529 2175 ἐπροτέ-

131 2177 245 2216 ρουν
274 2163 320 2205 οἱ
346 2160 445 2216 περὶ
467 2160 547 2204 τόν
566 2159 839 2232 ,Ἀντίγονον
902 2162 1047 2206 ἔπειτα
1076 2159 1244 2217 χρόνον
1274 2161 1529 2218 γενομένου,
1561 2163 1614 2205 55

130 2219 204 2262 καὶ
241 2235 332 2262 των
371 2218 512 2273 ἔργων
542 2216 642 2289 ἤδη
685 2218 940 2262 συντέλειαν
976 2218 1316 2289 λαμβανόντων,
1367 2223 1444 2276 τῆς
1483 2219 1528 2263 δὲ

130 2279 299 2333 τροφῆς
330 2273 634 2332 ἀπολιπούσης
663 2274 768 2327 τούς
797 2273 1227 2332 πολιορκουμένους,
1259 2278 1301 2321 οἱ
1331 2277 1432 2332 περὶ
1453 2275 1533 2320 τὸν

133 2486 191 2521 22.
218 2485 281 2529 εἰς]
306 2483 365 2520 ἐπὶ
388 2485 467 2520 FW
654 2487 711 2520 29.
737 2483 886 2531 χάρακι]
909 2486 1043 2531 χάρακι
1064 2485 1132 2530 μὲν
1157 2487 1187 2522 F
1374 2487 1433 2522 86.
1459 2499 1528 2522 πα-

135 2576 425 2636 ρακομίζεσθαι]
437 2544 660 2636 36:²2}wa
687 2579 717 2612 F
901 2577 960 2614 88.
982 2576 1140 2623 ἀγοραῖς]
1166 2575 1347 2624 εὐπορίας
1370 2579 1446 2612 Fw

228 2624 286 2660 41.
311 2625 378 2670 τῆς
401 2621 524 2670 αλλης]
549 2622 660 2672 ἄλλης
683 2626 764 2660 Bas.

229 2681 310 2718 485.
356 2682 414 2718 47.
455 2681 678 2728 ἐπεδίωκεν]
711 2681 935 2719 κατεδίωκεν
971 2682 1017 2717 W
1205 2681 1263 2717 54.
1305 2679 1532 2726 ἕπροτέρουν

139 2727 411 2786 Wesselingms,
434 2728 667 2787 προντὲρουν
691 2731 797 2772 Bas„
818 2727 949 2763 caeteri
974 2726 1202 2785 προετέρουν
1387 2726 1446 2761 55.
1476 2739 1533 2771 γε-

139 2773 314 2831 ιομένου]
341 2774 541 2830 γινομένου
564 2778 596 2811 F
788 2775 847 2810 56
862 2772 1134 2822 ἀπολιπούσης]
1155 2771 1427 2817 υπολειπονσης
1444 2774 1533 2814 FW,

139 2821 267 2856 caeteri
293 2820 549 2866 υπολιπούσης
