1820 3249
342 187 453 228 1022
729 182 844 225 LlB.
875 184 961 227 XV.
1015 186 1148 228 CAP.
1166 190 1234 230 Si».
1259 191 1329 230 81.

338 312 412 348 τος
445 292 468 339 ὁ
503 296 749 347 Πελοπίδας
790 294 995 340 σπεύδων
1032 296 1104 340 διά
1141 301 1235 364 τῆς
1247 298 1359 349 ἰδίας
1387 297 1590 354 ἀνδρείας
1624 305 1714 355 κρῖ-

254 357 308 397 70
337 370 412 396 ναι
441 370 522 408 την
552 352 690 408 μάχην
719 351 788 395 ἐπ’
817 351 954 397 αὐτόν
987 352 1161 408 ὥρμησε
1190 353 1269 399 τὸν
1294 354 1586 410 Ἀλέξανδρον
1632 360 1715 400 τοῦ

342 410 389 453 δὲ
429 408 650 453 δυνάστου
690 408 794 464 μετὰ
833 414 922 452 τῶν
961 409 1193 453 ἐπιλέκτων
1237 410 1509 462 ὑποστάντος
1547 413 1713 467 ἐγένετο

342 464 452 522 μάχη
483 465 693 520 καρτερά,
730 464 839 508 καθ’
877 465 947 522 ἣν
962 465 985 510 ὁ
1018 470 1262 518 Πελοπίδας
1292 468 1534 522 ἀριστεύων
1571 468 1715 513 πάντα

336 523 416 566 τόν
444 523 544 576 περὶ
572 521 706 564 αὐτὸν
728 521 867 565 τόπον
894 528 1063 592 νεκρῶν
1086 525 1372 578 κατέστρωσε·
1402 527 1525 576 τέλος
1555 525 1598 569 δ’
1630 527 1715 570 ἐπι-

249 581 304 621 75
332 581 429 630 θεὶς
465 597 525 638 τῳ
569 578 760 635 κινδύνῳ
803 580 876 622 καὶ
914 580 1019 630 τοὺς
1055 584 1291 634 πολεμίους
1328 581 1597 636 τρεψάμενος
1632 583 1714 638 την

333 637 411 692 μὲν
446 625 573 691 νίκην
610 635 969 706 περιεποιήσατο,
1009 635 1087 679 τὸν
1127 638 1171 680 δὲ
1211 638 1347 681 αὑτοῦ
1386 641 1484 693 βίον
1522 637 1713 692 άπέλιπε,

331 697 510 743 πολλοῖς
536 694 779 745 περιπεσών
808 692 1026 746 τραύμασι
1063 693 1136 736 καὶ
1170 695 1219 737 τὸ
1252 700 1328 751 ζῆν
1357 695 1560 752 ἡρωικῶς
1589 697 1715 750 προέ

331 766 474 816 μενος
544 747 567 791 ὁ
607 746 651 791 6'
694 747 973 801 Ἀλέξανδρος
1022 750 1202 818 δευτέρᾳ
1247 752 1374 822 μάχῃ
1409 753 1604 808 λειφθεὶς
1641 753 1714 796 καὶ

333 812 423 857 τοῖς
453 805 574 855 ὅλοις
605 808 871 859 συντριβείς,
901 804 1158 862 ἠναγκάσθη
1199 806 1307 851 καθ
1351 806 1592 879 ὁμολογίαν
1621 814 1714 860 τοῖς

250 864 304 903 80
334 879 412 918 μεν
454 865 682 912 Θετταλοῖς
720 863 796 913 τὰς
838 864 1303 930 καταπεπολεμημένας
1337 864 1485 916 πόλεις
1523 864 1713 909 άποδοῦ-

333 936 420 971 ναι,
452 917 693 973 Μάγνητας
723 919 768 961 δὲ
798 919 870 961 καὶ
899 918 1003 970 τοὺς
1035 921 1241 971 Φθιώτας
1265 919 1465 988 Ἀχαιους
1491 925 1713 976 παραδοῦ-

333 992 407 1019 ναι
447 979 683 1025 Βοιωτοις,
727 975 801 1018 ’καὶ
842 974 892 1018 τὸ
933 976 1091 1020 λοιπόν
1141 980 1295 1031 Φερῶν
1336 976 1478 1063 μόνον
1525 978 1713 1048 ἄρχοντα

333 1031 564 1088 σύμμαχον
594 1036 705 1074 εἰναι
737 1035 959 1083 Βοιωτοῖς.

452 1091 506 1131 Οἱ
535 1089 580 1132 δὲ
607 1092 791 1144 Θηβαῖοι
814 1087 1077 1158 περιβόητον
1097 1107 1224 1146 νικην
1247 1089 1328 1134 άπ-
1313 1090 1584 1162 ενηνεγμένοι
1603 1089 1713 1144 πρὸς

333 1146 528 1196 ἅπαντας
569 1145 740 1213 ε’φασαν
770 1146 956 1197 ἒαυτους
989 1145 1204 1203 ἡττῆσθαι
1243 1147 1316 1191 δια
1343 1148 1432 1218 τὴν
1462 1150 1712 1192 Πελοπίδου

329 1201 544 1258 τελευτήν.
607 1200 838 1258 ἀξιόλογον
868 1203 952 1258 γὰρ
983 1203 1305 1255 ἀπολωλεκότες
1334 1203 1476 1261 α’νδρα
1504 1221 1614 1248 κατα
1644 1203 1713 1248 λό-

329 1276 411 1316 γον
442 1260 618 1315 ε’κρινον
647 1259 727 1315 τὴν
767 1262 894 1327 νίκην
923 1259 1085 1316 ἥττονα
1113 1260 1326 1317 ὑπάρχειν
1354 1279 1429 1318 της
1460 1263 1712 1305 Πελοπίδου

330 1317 469 1372 δόξης.
535 1316 702 1366 πολλάς
737 1333 822 1371 γαρ
861 1317 936 1360 καὶ
975 1317 1162 1372 μεγάλας
1205 1321 1350 1387 χρείας
1389 1319 1622 1373 παρέσχετο
1660 1335 1713 1375 τῃ

245 1378 300 1419 95
331 1375 522 1427 πατρίδι,
552 1378 755 1417 πλεῖστον
787 1373 832 1417 δε
858 1375 1119 1443 συνεβάλετο
1149 1377 1258 1428 πρὸς
1286 1375 1367 1429 τὴν
1394 1392 1483 1418 των
1505 1376 1712 1445 Θηβαίων

326 1430 519 1500 αὔξησιν.
578 1430 625 1472 ἐν
659 1429 743 1485 γάρ
774 1435 825 1487 τῇ
856 1447 946 1472 των
977 1430 1188 1486 φυγάδων
1218 1431 1475 1500 καταλήψει,
1515 1429 1622 1474 καθ’
1655 1429 1712 1499 ὴν

325 1486 618 1542 ἀνεκτήσαντο
648 1486 726 1542 τὴν
757 1488 996 1542 Καδμείαν,
1029 1487 1373 1557 ὡμολογημένοις
1401 1488 1593 1537 άπαντες
1613 1485 1712 1536 τού-

323 1560 384 1600 τῳ
415 1544 464 1587 τό
495 1548 708 1597 πρωτεῖον
736 1547 816 1586 τοῦ
857 1543 1201 1599 κατορθώματος
1230 1543 1527 1600 ἀπονέμουσι
1556 1543 1636 1599 τὴν
1665 1542 1710 1587 δ’

324 1602 560 1671 εὐημερίαν
589 1599 753 1656 ταύτην
784 1601 944 1656 συνέβη
975 1602 1155 1644 πάντων
1193 1606 1280 1644 τῶν
1315 1601 1501 1656 ὕστερον
1535 1601 1710 1655 γενομέ-

215 1661 294 1702 1ΟΟ
323 1675 416 1702 νων
446 1656 631 1725 άγαθων
661 1659 804 1700 αἰτίαν
832 1658 1048 1711 γενέσθαι.
1119 1674 1166 1701 εν
1206 1657 1253 1702 δὲ
1285 1662 1338 1714 τῇ
1377 1658 1475 1710 περὶ
1510 1656 1709 1725 Τὲγυραν

326 1714 440 1771 μάχη
481 1712 615 1769 μόνος
655 1715 902 1765 Πελοπίδας
945 1719 1034 1757 τῶν
1072 1716 1358 1784 βοιωταρχων
1398 1714 1566 1783 ἐνίκησε,
1603 1731 1709 1765 τους

324 1772 728 1825 Λακεδαιμονίους,
771 1775 923 1813 πλεῖον
961 1769 1189 1826 ἰσχύοντας
1224 1788 1314 1814 των
1348 1768 1589 1825 Ελληνων
1637 1769 1707 1813 ὅτε

324 1828 403 1897 δη
408 1827 482 1871 διὰ
511 1826 560 1870 τό
599 1827 782 1882 μέγεθος
819 1831 894 1882 τῆς
931 1829 1056 1884 νίκης
1096 1832 1270 1892 πρῶτον
1308 1828 1492 1883 εστησαν
1520 1830 1708 1897 Θηβαῖοι

324 1883 540 1937 τρόπαιον
580 1901 690 1926 κατα
728 1887 1099 1953 Λακεδαιμονίων
1158 1878 1275 1928 κατά
1314 1884 1360 1927 δε
1395 1884 1474 1955 τὴν
1514 1883 1561 1926 έν
1605 1883 1707 1926 Λεύ-

324 1958 474 1995 κτροις
496 1940 645 1996 μάχην
673 1938 863 1996 ἡγησατο
893 1945 971 1984 τοῦ
1013 1942 1135 1994 ἱεροῦ
1165 1941 1324 2011 λόχου,
1367 1939 1472 1996 μεθ’
1511 1937 1566 1983 οὗ
1600 1956 1707 1993 προ·

325 1999 526 2054 εμβαλων
566 2002 655 2046 τοῖς
685 1995 983 2051 Σπαρτιάταις
1022 1995 1207 2053 ἀρχηγὸς
1251 1996 1419 2052 ἐγένετο
1454 2000 1531 2052 τῆς
1568 1999 1706 2067 νίκης.

324 2072 372 2098 εν
403 2056 448 2098 65
489 2059 582 2104 ταῖς
625 2054 693 2096 ἐπὶ
723 2055 1034 2123 Λακεδαίμονα
1069 2056 1311 2110 στρατείαις
1344 2053 1449 2097 ἑπτα
1488 2054 1569 2122 μὲν
1604 2052 1705 2109 ἡγή-

246 1067 301 1105 81

247 1124 352 1164 90

269 1887 294 1928 01

1744 994 1789 1029 66

325 2124 430 2155 σατο
470 2110 725 2181 μυριάδων,
766 2110 876 2165 πρὸς
923 2111 1034 2167 αὐτῇ
1082 2112 1127 2154 δὲ
1173 2129 1225 2168 τη
1266 2110 1452 2177 Σπάρτῃ
1489 2107 1706 2180 τρόπαιον
1773 2114 1777 2116 ’

240 2175 293 2215 10
324 2170 474 2224 ε’στησε
513 2168 624 2211 κατά
666 2172 753 2211 τῶν
791 2170 1150 2237 Λακεδαιμονίων
1187 2184 1275 2211 των
1313 2166 1457 2210 πάντα
1492 2167 1571 2208 τὸν
1615 2166 1703 2219 πρὸ

318 2226 482 2269 τούτου
515 2224 686 2293 χρόνον
721 2223 987 2279 α’πορθητων
1022 2225 1333 2281 γεγενημένων.
1393 2221 1503 2277 πρὸς
1542 2221 1588 2266 δὲ
1627 2222 1707 2266 τὸν

320 2286 507 2337 Περσῶν
538 2280 717 2338 βασιλέα
745 2281 1018 2336 πρεσβεύσας
1055 2283 1101 2324 ἐν
1135 2286 1229 2332 ταῖς
1257 2285 1426 2330 κοιναῖς
1455 2278 1706 2338 ὁμολογίαις

317 2340 399 2396 τήν
424 2339 665 2395 Μεσσήνην
694 2337 789 2382 κατ’
817 2340 935 2382 ἰδίαν
962 2337 1230 2395 παρέλαβεν,
1262 2336 1318 2394 ἢν
1348 2334 1593 2381 ἀνάστατον
1621 2339 1704 2381 οὐ·

314 2508 373 2544 69
399 2506 595 2554 ἀνδρείας]
623 2507 779 2552 οἷνδριάς
803 2507 869 2542 FK
1028 2507 1085 2541 76.
1112 2503 1262 2542 ἀπέλιπε
1284 2505 1547 2549 AFHIKLQR,
1572 2503 1702 2539 caeteri

315 2554 473 2601 ἀπέβαλε
656 2555 712 2588 78.
738 2554 906 2597 λειφθεις
929 2553 1146 2598 Stephanus:
1171 2553 1253 2586 limi
1276 2553 1437 2596 ληφθεὶς

407 2602 464 2637 66.
487 2600 545 2635 87.
572 2602 724 2655 Φερων]
754 2599 904 2644 Φερρων
927 2600 961 2634 Κ
1145 2597 1305 2654 ἄρχοντα
1329 2597 1545 2642 σύμμαχον]
1577 2607 1700 2639 exspe-

314 2649 454 2683 ctabam
491 2643 616 2692 άρχων
649 2645 838 2691 σύμμαχος
1042 2644 1101 2679 99.
1136 2641 1320 2699 ἡττῆσθαι
1352 2645 1582 2678 Schaeferus:
1616 2641 1700 2676 libri

315 2692 502 2751 ἡττᾶσθαι
708 2694 764 2728 96.
801 2686 1029 2736 καταλήψει]
1051 2689 1261 2747 κατηλύσει
1297 2691 1459 2724 Reiskius
1639 2687 1698 2721 99.

317 2740 525 2807 γενομένων
547 2750 617 2773 om.
640 2739 669 2773 L
854 2738 934 2773 100.
964 2739 1013 2773 Τε
1016 2735 1133 2783 γύραν
1158 2737 1240 2770 We
1232 2736 1428 2780 selingius·
1453 2735 1536 2771 libri
1563 2733 1699 2779 Τέγεαν

501 2786 536 2821 2.
558 2786 712 2828 πλεῖον]
736 2785 884 2825 πλείους
908 2785 937 2818 Α
1128 2781 1174 2828 δὴ
1196 2786 1379 2818 servarunt
1400 2783 1460 2818 Fla
1641 2779 1698 2815 11.

319 2831 485 2880 βασιλέα]
511 2833 731 2879 βασιλεύσας
754 2832 810 2875 K,
831 2830 959 2868 omisso
982 2829 1107 2876 opinor
1129 2827 1357 2876 πρεσβεύσας
