<?xml version="1.0" encoding="UTF-8"?>
<!DOCTYPE html PUBLIC "-//W3C//DTD XHTML 1.0 Transitional//EN"
    "http://www.w3.org/TR/xhtml1/DTD/xhtml1-transitional.dtd">
<html xmlns="http://www.w3.org/1999/xhtml" xml:lang="en" lang="en">
 <head>
  <title>
</title>
<meta http-equiv="Content-Type" content="text/html;charset=utf-8" />
  <meta name='ocr-system' content='tesseract 3.04.00' />
  <meta name='ocr-capabilities' content='ocr_page ocr_carea ocr_par ocr_line ocrx_word'/>
</head>
<body>
  <div class='ocr_page' id='page_1' title='image "./p1bibliothecahisto02dioduoft_0271.png"; bbox 0 0 1820 3249; ppageno 0'>
   <div class='ocr_carea' id='block_1_1' title="bbox 491 104 1516 150">
    <p class='ocr_par' dir='ltr' id='par_1_1' title="bbox 491 104 1516 150">
     <span class='ocr_line' id='line_1_1' title="bbox 491 104 1516 150; baseline 0.001 -1"><span class='ocrx_word' id='word_1_1' title='bbox 491 108 606 150; x_wconf 84' lang='lat' dir='ltr'><strong>LIB.</strong></span> <span class='ocrx_word' id='word_1_2' title='bbox 636 105 764 149; x_wconf 85' lang='lat' dir='ltr'>XVII.</span> <span class='ocrx_word' id='word_1_3' title='bbox 823 104 962 148; x_wconf 79' lang='lat' dir='ltr'><strong>CAP.</strong></span> <span class='ocrx_word' id='word_1_4' title='bbox 994 108 1060 150; x_wconf 79' lang='lat'><strong><em>59.</em></strong></span> <span class='ocrx_word' id='word_1_5' title='bbox 1091 110 1160 149; x_wconf 75' lang='lat'><strong><em>60.</em></strong></span> <span class='ocrx_word' id='word_1_6' title='bbox 1404 110 1516 150; x_wconf 80' lang='lat'><strong><em>1193</em></strong></span> 
     </span>
    </p>
   </div>
   <div class='ocr_carea' id='block_1_2' title="bbox 64 216 1633 2257">
    <p class='ocr_par' dir='ltr' id='par_1_2' title="bbox 64 216 1633 2257">
     <span class='ocr_line' id='line_1_2' title="bbox 140 216 1516 287; baseline -0.001 -24"><span class='ocrx_word' id='word_1_7' title='bbox 140 217 342 275; x_wconf 73' lang='grc' dir='ltr'><strong><em>ἐκθύμως</em></strong></span> <span class='ocrx_word' id='word_1_8' title='bbox 377 217 640 276; x_wconf 78' lang='grc' dir='ltr'><strong><em>ἠγωνίζοντο</em></strong></span> <span class='ocrx_word' id='word_1_9' title='bbox 690 218 763 262; x_wconf 78' lang='grc' dir='ltr'><strong><em>καὶ</em></strong></span> <span class='ocrx_word' id='word_1_10' title='bbox 800 221 862 287; x_wconf 73' lang='grc' dir='ltr'><strong><em>τῷ</em></strong></span> <span class='ocrx_word' id='word_1_11' title='bbox 901 216 1055 272; x_wconf 80' lang='grc' dir='ltr'><strong><em>πληθει</em></strong></span> <span class='ocrx_word' id='word_1_12' title='bbox 1096 218 1370 261; x_wconf 78' lang='grc' dir='ltr'><strong><em>κατεπόνουν</em></strong></span> <span class='ocrx_word' id='word_1_13' title='bbox 1410 218 1516 269; x_wconf 75' lang='grc' dir='ltr'><strong><em>τούς</em></strong></span> 
     </span>
     <span class='ocr_line' id='line_1_3' title="bbox 139 274 1515 347; baseline -0.001 -29"><span class='ocrx_word' id='word_1_14' title='bbox 139 277 413 347; x_wconf 82' lang='grc' dir='ltr'><strong><em>Μακεδόνας.</em></strong></span> <span class='ocrx_word' id='word_1_15' title='bbox 469 279 672 328; x_wconf 84' lang='grc' dir='ltr'><strong><em>Μαζαῖος</em></strong></span> <span class='ocrx_word' id='word_1_16' title='bbox 702 275 748 318; x_wconf 79' lang='grc' dir='ltr'><strong><em>δὲ</em></strong></span> <span class='ocrx_word' id='word_1_17' title='bbox 776 275 825 317; x_wconf 88' lang='grc' dir='ltr'><strong><em>τὸ</em></strong></span> <span class='ocrx_word' id='word_1_18' title='bbox 858 277 902 317; x_wconf 84' lang='grc' dir='ltr'><strong><em>δε</em></strong></span> <span class='ocrx_word' id='word_1_19' title='bbox 907 274 1034 325; x_wconf 76' lang='grc' dir='ltr'><strong><em>ξιον</em></strong></span> <span class='ocrx_word' id='word_1_20' title='bbox 1022 275 1129 330; x_wconf 83' lang='grc' dir='ltr'><strong><em>ε’χων</em></strong></span> <span class='ocrx_word' id='word_1_21' title='bbox 1145 275 1284 326; x_wconf 88' lang='grc' dir='ltr'><strong><em>κέρας,</em></strong></span> <span class='ocrx_word' id='word_1_22' title='bbox 1316 275 1386 317; x_wconf 79' lang='grc' dir='ltr'><strong><em>καὶ</em></strong></span> <span class='ocrx_word' id='word_1_23' title='bbox 1412 293 1515 318; x_wconf 82' lang='grc' dir='ltr'><strong><em>αετα</em></strong></span> 
     </span>
     <span class='ocr_line' id='line_1_4' title="bbox 138 329 1597 387; baseline -0.001 -13"><span class='ocrx_word' id='word_1_24' title='bbox 138 337 227 375; x_wconf 79' lang='grc' dir='ltr'><strong><em>τῶν</em></strong></span> <span class='ocrx_word' id='word_1_25' title='bbox 265 332 454 387; x_wconf 80' lang='grc' dir='ltr'><strong><em>ἀρίστων</em></strong></span> <span class='ocrx_word' id='word_1_26' title='bbox 491 332 653 375; x_wconf 84' lang='grc' dir='ltr'><strong><em>ἱππέων</em></strong></span> <span class='ocrx_word' id='word_1_27' title='bbox 695 330 1079 386; x_wconf 67' lang='grc' dir='ltr'><strong><em>διαγωνιζόμενος,</em></strong></span> <span class='ocrx_word' id='word_1_28' title='bbox 1123 329 1258 380; x_wconf 79' lang='grc' dir='ltr'><strong><em>εὐθύς</em></strong></span> <span class='ocrx_word' id='word_1_29' title='bbox 1297 348 1404 373; x_wconf 87' lang='grc' dir='ltr'><strong><em>κατα</em></strong></span> <span class='ocrx_word' id='word_1_30' title='bbox 1434 333 1514 387; x_wconf 58' lang='grc' dir='ltr'><strong><em>τήν</em></strong></span> <span class='ocrx_word' id='word_1_31' title='bbox 1544 338 1597 379; x_wconf 83' lang='lat'><strong><em>75</em></strong></span> 
     </span>
     <span class='ocr_line' id='line_1_5' title="bbox 139 385 1512 444; baseline -0.001 -12"><span class='ocrx_word' id='word_1_32' title='bbox 139 389 317 444; x_wconf 80' lang='grc' dir='ltr'><strong><em>πρώτην</em></strong></span> <span class='ocrx_word' id='word_1_33' title='bbox 351 389 517 444; x_wconf 76' lang='grc' dir='ltr'><strong><em>ἔφοδον</em></strong></span> <span class='ocrx_word' id='word_1_34' title='bbox 556 392 644 431; x_wconf 78' lang='grc' dir='ltr'><strong><em>τῶν</em></strong></span> <span class='ocrx_word' id='word_1_35' title='bbox 681 387 968 431; x_wconf 69' lang='grc' dir='ltr'><strong><em>ἀνθεστιὸτων</em></strong></span> <span class='ocrx_word' id='word_1_36' title='bbox 998 387 1163 430; x_wconf 72' lang='grc' dir='ltr'><strong><em>ἀνεῖλεν</em></strong></span> <span class='ocrx_word' id='word_1_37' title='bbox 1205 385 1286 430; x_wconf 80' lang='grc' dir='ltr'><strong><em>οὐκ</em></strong></span> <span class='ocrx_word' id='word_1_38' title='bbox 1317 386 1512 441; x_wconf 81' lang='grc' dir='ltr'><strong><em>ὀλίγους·</em></strong></span> 
     </span>
     <span class='ocr_line' id='line_1_6' title="bbox 139 445 1514 501; baseline -0.001 -13"><span class='ocrx_word' id='word_1_39' title='bbox 139 448 370 501; x_wconf 74' lang='grc' dir='ltr'><strong><em>διςχιλίους</em></strong></span> <span class='ocrx_word' id='word_1_40' title='bbox 400 445 446 488; x_wconf 79' lang='grc' dir='ltr'><strong><em>δὲ</em></strong></span> <span class='ocrx_word' id='word_1_41' title='bbox 476 446 754 495; x_wconf 88' lang='grc' dir='ltr'><strong><em>Καδουσιους</em></strong></span> <span class='ocrx_word' id='word_1_42' title='bbox 790 445 865 488; x_wconf 84' lang='grc' dir='ltr'><strong><em>καὶ</em></strong></span> <span class='ocrx_word' id='word_1_43' title='bbox 903 446 1067 499; x_wconf 79' lang='grc' dir='ltr'><strong><em>χιλίους</em></strong></span> <span class='ocrx_word' id='word_1_44' title='bbox 1101 448 1189 486; x_wconf 79' lang='grc' dir='ltr'><strong><em>τῶν</em></strong></span> <span class='ocrx_word' id='word_1_45' title='bbox 1219 448 1417 486; x_wconf 77' lang='grc' dir='ltr'><strong><em>Σκυθῶν</em></strong></span> <span class='ocrx_word' id='word_1_46' title='bbox 1447 460 1514 486; x_wconf 84' lang='grc' dir='ltr'><strong><em>ιπ-</em></strong></span> 
     </span>
     <span class='ocr_line' id='line_1_7' title="bbox 138 500 1513 556; baseline -0.001 -11"><span class='ocrx_word' id='word_1_47' title='bbox 138 507 232 552; x_wconf 89' lang='grc' dir='ltr'><strong><em>πεῖς</em></strong></span> <span class='ocrx_word' id='word_1_48' title='bbox 272 502 517 552; x_wconf 79' lang='grc' dir='ltr'><strong><em>ἐπιλέκτους</em></strong></span> <span class='ocrx_word' id='word_1_49' title='bbox 558 502 784 556; x_wconf 78' lang='grc' dir='ltr'><strong><em>ἐξέπεμψε,</em></strong></span> <span class='ocrx_word' id='word_1_50' title='bbox 837 500 1022 554; x_wconf 52' lang='grc' dir='ltr'><strong><em>προςταξ</em></strong></span> <span class='ocrx_word' id='word_1_51' title='bbox 1028 518 1076 551; x_wconf 88' lang='grc' dir='ltr'><strong><em>ας</em></strong></span> <span class='ocrx_word' id='word_1_52' title='bbox 1116 504 1426 553; x_wconf 79' lang='grc' dir='ltr'><strong><em>περιιππεῠσαι</em></strong></span> <span class='ocrx_word' id='word_1_53' title='bbox 1464 500 1513 544; x_wconf 85' lang='grc' dir='ltr'><strong><em>τὸ</em></strong></span> 
     </span>
     <span class='ocr_line' id='line_1_8' title="bbox 137 557 1514 628; baseline -0.001 -27"><span class='ocrx_word' id='word_1_54' title='bbox 137 558 266 613; x_wconf 88' lang='grc' dir='ltr'><strong><em>κέρας</em></strong></span> <span class='ocrx_word' id='word_1_55' title='bbox 293 559 350 628; x_wconf 55' lang='grc' dir='ltr'><strong><em>τὸ,</em></strong></span> <span class='ocrx_word' id='word_1_56' title='bbox 370 563 457 601; x_wconf 81' lang='grc' dir='ltr'><strong><em>τῶν</em></strong></span> <span class='ocrx_word' id='word_1_57' title='bbox 485 560 715 613; x_wconf 87' lang='grc' dir='ltr'><strong><em>πολεμίων,</em></strong></span> <span class='ocrx_word' id='word_1_58' title='bbox 746 558 818 601; x_wconf 87' lang='grc' dir='ltr'><strong><em>καὶ</em></strong></span> <span class='ocrx_word' id='word_1_59' title='bbox 848 557 1193 615; x_wconf 76' lang='grc' dir='ltr'><strong><em>προςελάσαντας</em></strong></span> <span class='ocrx_word' id='word_1_60' title='bbox 1223 575 1274 613; x_wconf 75' lang='grc' dir='ltr'><strong><em>τῃ</em></strong></span> <span class='ocrx_word' id='word_1_61' title='bbox 1299 560 1514 612; x_wconf 77' lang='grc' dir='ltr'><strong><em>παρεμβο-</em></strong></span> 
     </span>
     <span class='ocr_line' id='line_1_9' title="bbox 137 613 1599 670; baseline -0.001 -13"><span class='ocrx_word' id='word_1_62' title='bbox 137 619 194 670; x_wconf 86' lang='grc' dir='ltr'><strong><em>λῃ</em></strong></span> <span class='ocrx_word' id='word_1_63' title='bbox 220 618 295 670; x_wconf 84' lang='grc' dir='ltr'><strong><em>τῆς</em></strong></span> <span class='ocrx_word' id='word_1_64' title='bbox 325 613 570 670; x_wconf 83' lang='grc' dir='ltr'><strong><em>ἀποσκευης</em></strong></span> <span class='ocrx_word' id='word_1_65' title='bbox 599 619 839 669; x_wconf 76' lang='grc' dir='ltr'><strong><em>κυριεῦσαι.</em></strong></span> <span class='ocrx_word' id='word_1_66' title='bbox 901 617 962 657; x_wconf 83' lang='grc' dir='ltr'><strong><em>ὠν</em></strong></span> <span class='ocrx_word' id='word_1_67' title='bbox 995 613 1122 665; x_wconf 79' lang='grc' dir='ltr'><strong><em>ὀξέως</em></strong></span> <span class='ocrx_word' id='word_1_68' title='bbox 1152 614 1430 670; x_wconf 82' lang='grc' dir='ltr'><strong><em>ποιησάντων</em></strong></span> <span class='ocrx_word' id='word_1_69' title='bbox 1462 613 1511 656; x_wconf 89' lang='grc' dir='ltr'><strong><em>τὸ</em></strong></span> <span class='ocrx_word' id='word_1_70' title='bbox 1546 622 1599 661; x_wconf 83' lang='grc'><strong><em>80</em></strong></span> 
     </span>
     <span class='ocr_line' id='line_1_10' title="bbox 136 671 1515 727; baseline -0.001 -13"><span class='ocrx_word' id='word_1_71' title='bbox 136 672 430 727; x_wconf 83' lang='grc' dir='ltr'><strong><em>προςταχθέν,</em></strong></span> <span class='ocrx_word' id='word_1_72' title='bbox 468 673 542 715; x_wconf 84' lang='grc' dir='ltr'><strong><em>καὶ</em></strong></span> <span class='ocrx_word' id='word_1_73' title='bbox 570 671 946 725; x_wconf 86' lang='grc' dir='ltr'><strong><em>παρειςπεσόντων</em></strong></span> <span class='ocrx_word' id='word_1_74' title='bbox 978 672 1036 720; x_wconf 85' lang='grc' dir='ltr'><strong><em>εἰς</em></strong></span> <span class='ocrx_word' id='word_1_75' title='bbox 1067 671 1144 725; x_wconf 79' lang='grc' dir='ltr'><strong><em>τὴν</em></strong></span> <span class='ocrx_word' id='word_1_76' title='bbox 1176 671 1515 724; x_wconf 77' lang='grc' dir='ltr'><strong><em>στρατοπεδείαν</em></strong></span> 
     </span>
     <span class='ocr_line' id='line_1_11' title="bbox 137 726 1514 799; baseline 0 -29"><span class='ocrx_word' id='word_1_77' title='bbox 137 731 227 770; x_wconf 74' lang='grc' dir='ltr'><strong><em>τῶν</em></strong></span> <span class='ocrx_word' id='word_1_78' title='bbox 273 728 572 781; x_wconf 84' lang='grc' dir='ltr'><strong><em>Μακεδόνων,</em></strong></span> <span class='ocrx_word' id='word_1_79' title='bbox 622 733 711 771; x_wconf 79' lang='grc' dir='ltr'><strong><em>τῶν</em></strong></span> <span class='ocrx_word' id='word_1_80' title='bbox 764 728 1041 799; x_wconf 82' lang='grc' dir='ltr'><strong><em>αἰχμαλώτων</em></strong></span> <span class='ocrx_word' id='word_1_81' title='bbox 1089 744 1155 769; x_wconf 81' lang='grc' dir='ltr'><strong><em>τιν</em></strong></span> <span class='ocrx_word' id='word_1_82' title='bbox 1160 744 1201 778; x_wconf 85' lang='grc' dir='ltr'><strong><em>ες</em></strong></span> <span class='ocrx_word' id='word_1_83' title='bbox 1239 726 1514 797; x_wconf 71' lang='grc' dir='ltr'><strong><em>ἀρπάσαντες</em></strong></span> 
     </span>
     <span class='ocr_line' id='line_1_12' title="bbox 138 782 1514 856; baseline -0.001 -29"><span class='ocrx_word' id='word_1_84' title='bbox 138 783 253 827; x_wconf 78' lang='grc' dir='ltr'><strong><em>ὅπλα</em></strong></span> <span class='ocrx_word' id='word_1_85' title='bbox 282 787 532 856; x_wconf 82' lang='grc' dir='ltr'><strong><em>συνήργουν</em></strong></span> <span class='ocrx_word' id='word_1_86' title='bbox 559 790 650 836; x_wconf 88' lang='grc' dir='ltr'><strong><em>τοῖς</em></strong></span> <span class='ocrx_word' id='word_1_87' title='bbox 684 786 899 836; x_wconf 78' lang='grc' dir='ltr'><strong><em>Σκύθαις,</em></strong></span> <span class='ocrx_word' id='word_1_88' title='bbox 929 785 1002 828; x_wconf 85' lang='grc' dir='ltr'><strong><em>καὶ</em></strong></span> <span class='ocrx_word' id='word_1_89' title='bbox 1033 783 1272 851; x_wconf 82' lang='grc' dir='ltr'><strong><em>διηρπαζον</em></strong></span> <span class='ocrx_word' id='word_1_90' title='bbox 1303 786 1378 833; x_wconf 85' lang='grc' dir='ltr'><strong><em>τὰς</em></strong></span> <span class='ocrx_word' id='word_1_91' title='bbox 1409 782 1514 825; x_wconf 89' lang='grc' dir='ltr'><strong><em>ἀπο-</em></strong></span> 
     </span>
     <span class='ocr_line' id='line_1_13' title="bbox 140 838 1511 898; baseline -0.001 -15"><span class='ocrx_word' id='word_1_92' title='bbox 140 841 320 892; x_wconf 84' lang='grc' dir='ltr'><strong><em>σκευάς·</em></strong></span> <span class='ocrx_word' id='word_1_93' title='bbox 371 842 452 898; x_wconf 76' lang='grc' dir='ltr'><strong><em>βοή</em></strong></span> <span class='ocrx_word' id='word_1_94' title='bbox 485 840 532 885; x_wconf 88' lang='grc' dir='ltr'><strong><em>δ’</em></strong></span> <span class='ocrx_word' id='word_1_95' title='bbox 560 846 616 897; x_wconf 77' lang='grc' dir='ltr'><strong><em>ἠν</em></strong></span> <span class='ocrx_word' id='word_1_96' title='bbox 644 843 718 886; x_wconf 85' lang='grc' dir='ltr'><strong><em>καὶ</em></strong></span> <span class='ocrx_word' id='word_1_97' title='bbox 746 859 909 897; x_wconf 84' lang='grc' dir='ltr'><strong><em>ταραχη</em></strong></span> <span class='ocrx_word' id='word_1_98' title='bbox 942 841 1014 884; x_wconf 80' lang='grc' dir='ltr'><strong><em>διὰ</em></strong></span> <span class='ocrx_word' id='word_1_99' title='bbox 1042 840 1090 883; x_wconf 85' lang='grc' dir='ltr'><strong><em>τὸ</em></strong></span> <span class='ocrx_word' id='word_1_100' title='bbox 1122 839 1373 893; x_wconf 79' lang='grc' dir='ltr'><strong><em>παράδοξον</em></strong></span> <span class='ocrx_word' id='word_1_101' title='bbox 1403 838 1511 883; x_wconf 81' lang='grc' dir='ltr'><strong><em>καθ’</em></strong></span> 
     </span>
     <span class='ocr_line' id='line_1_14' title="bbox 139 897 1597 968; baseline -0.001 -28"><span class='ocrx_word' id='word_1_102' title='bbox 139 897 248 953; x_wconf 81' lang='grc' dir='ltr'><strong><em>ὅλην</em></strong></span> <span class='ocrx_word' id='word_1_103' title='bbox 276 897 355 953; x_wconf 78' lang='grc' dir='ltr'><strong><em>τήν</em></strong></span> <span class='ocrx_word' id='word_1_104' title='bbox 370 898 677 967; x_wconf 85' lang='grc' dir='ltr'><strong><em>παρεμβολήν.</em></strong></span> <span class='ocrx_word' id='word_1_105' title='bbox 737 901 784 941; x_wconf 78' lang='grc' dir='ltr'><strong><em>αἱ</em></strong></span> <span class='ocrx_word' id='word_1_106' title='bbox 809 915 886 968; x_wconf 89' lang='grc' dir='ltr'><strong><em>μεν</em></strong></span> <span class='ocrx_word' id='word_1_107' title='bbox 917 900 999 941; x_wconf 82' lang='grc' dir='ltr'><strong><em>οὐν</em></strong></span> <span class='ocrx_word' id='word_1_108' title='bbox 1029 897 1154 940; x_wconf 88' lang='grc' dir='ltr'><strong><em>α’λλαι</em></strong></span> <span class='ocrx_word' id='word_1_109' title='bbox 1183 914 1270 939; x_wconf 89' lang='grc' dir='ltr'><strong><em>των</em></strong></span> <span class='ocrx_word' id='word_1_110' title='bbox 1301 899 1513 952; x_wconf 78' lang='grc' dir='ltr'><strong><em>αι’χμαλω-</em></strong></span> <span class='ocrx_word' id='word_1_111' title='bbox 1544 903 1597 944; x_wconf 82' lang='grc'><strong><em>85</em></strong></span> 
     </span>
     <span class='ocr_line' id='line_1_15' title="bbox 137 953 1515 1023; baseline -0.001 -26"><span class='ocrx_word' id='word_1_112' title='bbox 137 955 270 997; x_wconf 89' lang='grc' dir='ltr'><strong><em>τίδων</em></strong></span> <span class='ocrx_word' id='word_1_113' title='bbox 298 954 407 1009; x_wconf 87' lang='grc' dir='ltr'><strong><em>πρὸς</em></strong></span> <span class='ocrx_word' id='word_1_114' title='bbox 437 955 539 1005; x_wconf 77' lang='grc' dir='ltr'><strong><em>τούς</em></strong></span> <span class='ocrx_word' id='word_1_115' title='bbox 569 954 819 1011; x_wconf 77' lang='grc' dir='ltr'><strong><em>βαρβάρους</em></strong></span> <span class='ocrx_word' id='word_1_116' title='bbox 849 953 1115 1010; x_wconf 87' lang='grc' dir='ltr'><strong><em>ἀπεχωρουν,</em></strong></span> <span class='ocrx_word' id='word_1_117' title='bbox 1127 953 1173 1023; x_wconf 84' lang='grc' dir='ltr'><em>ἡ</em></span> <span class='ocrx_word' id='word_1_118' title='bbox 1207 954 1251 997; x_wconf 78' lang='grc' dir='ltr'><strong><em>δὲ</em></strong></span> <span class='ocrx_word' id='word_1_119' title='bbox 1275 954 1413 1009; x_wconf 83' lang='grc' dir='ltr'><strong><em>μήτηρ</em></strong></span> <span class='ocrx_word' id='word_1_120' title='bbox 1433 957 1515 996; x_wconf 81' lang='grc' dir='ltr'><strong><em>τοῦ</em></strong></span> 
     </span>
     <span class='ocr_line' id='line_1_16' title="bbox 137 1008 1515 1081; baseline -0.001 -28"><span class='ocrx_word' id='word_1_121' title='bbox 137 1012 332 1064; x_wconf 81' lang='grc' dir='ltr'><strong><em>Δαρείου</em></strong></span> <span class='ocrx_word' id='word_1_122' title='bbox 362 1011 666 1081; x_wconf 84' lang='grc' dir='ltr'><strong><em>Σισύγαμβρις</em></strong></span> <span class='ocrx_word' id='word_1_123' title='bbox 693 1015 1046 1081; x_wconf 81' lang='grc' dir='ltr'><strong><em>παρακαλουσῶν</em></strong></span> <span class='ocrx_word' id='word_1_124' title='bbox 1082 1008 1220 1065; x_wconf 80' lang='grc' dir='ltr'><strong><em>αὐτὴν</em></strong></span> <span class='ocrx_word' id='word_1_125' title='bbox 1249 1015 1337 1052; x_wconf 80' lang='grc' dir='ltr'><strong><em>τῶν</em></strong></span> <span class='ocrx_word' id='word_1_126' title='bbox 1367 1012 1515 1065; x_wconf 88' lang='grc' dir='ltr'><strong><em>αἰχμα-</em></strong></span> 
     </span>
     <span class='ocr_line' id='line_1_17' title="bbox 136 1065 1515 1124; baseline -0.001 -14"><span class='ocrx_word' id='word_1_127' title='bbox 136 1069 332 1110; x_wconf 87' lang='grc' dir='ltr'><strong><em>λωτίδων</em></strong></span> <span class='ocrx_word' id='word_1_128' title='bbox 371 1068 425 1111; x_wconf 82' lang='grc' dir='ltr'><strong><em>οὐ</em></strong></span> <span class='ocrx_word' id='word_1_129' title='bbox 465 1067 718 1124; x_wconf 78' lang='grc' dir='ltr'><strong><em>προςέσχεν,</em></strong></span> <span class='ocrx_word' id='word_1_130' title='bbox 766 1066 864 1110; x_wconf 83' lang='grc' dir='ltr'><strong><em>ἀλλ’</em></strong></span> <span class='ocrx_word' id='word_1_131' title='bbox 909 1065 982 1122; x_wconf 77' lang='grc' dir='ltr'><strong><em>ἐφ’</em></strong></span> <span class='ocrx_word' id='word_1_132' title='bbox 1014 1065 1195 1121; x_wconf 76' lang='grc' dir='ltr'><strong><em>ἡσυχίας</em></strong></span> <span class='ocrx_word' id='word_1_133' title='bbox 1229 1066 1365 1121; x_wconf 85' lang='grc' dir='ltr'><strong><em>εἰιεινε</em></strong></span> <span class='ocrx_word' id='word_1_134' title='bbox 1392 1071 1515 1122; x_wconf 91' lang='grc' dir='ltr'><strong><em>φιλο-</em></strong></span> 
     </span>
     <span class='ocr_line' id='line_1_18' title="bbox 137 1121 1600 1195; baseline -0.001 -29"><span class='ocrx_word' id='word_1_135' title='bbox 137 1121 340 1193; x_wconf 76' lang='grc' dir='ltr'><strong><em>φρόνως,</em></strong></span> <span class='ocrx_word' id='word_1_136' title='bbox 373 1124 472 1168; x_wconf 81' lang='grc' dir='ltr'><strong><em>οὔτε</em></strong></span> <span class='ocrx_word' id='word_1_137' title='bbox 502 1129 562 1180; x_wconf 78' lang='grc' dir='ltr'><strong><em>τῷ</em></strong></span> <span class='ocrx_word' id='word_1_138' title='bbox 592 1123 827 1195; x_wconf 74' lang='grc' dir='ltr'><strong><em>παραλόγῳ</em></strong></span> <span class='ocrx_word' id='word_1_139' title='bbox 857 1141 933 1179; x_wconf 88' lang='grc' dir='ltr'><strong><em>της</em></strong></span> <span class='ocrx_word' id='word_1_140' title='bbox 961 1122 1090 1178; x_wconf 83' lang='grc' dir='ltr'><strong><em>τύχης</em></strong></span> <span class='ocrx_word' id='word_1_141' title='bbox 1120 1123 1384 1167; x_wconf 82' lang='grc' dir='ltr'><strong><em>πιστεύσασα</em></strong></span> <span class='ocrx_word' id='word_1_142' title='bbox 1415 1123 1515 1166; x_wconf 82' lang='grc' dir='ltr'><strong><em>οὔτε</em></strong></span> <span class='ocrx_word' id='word_1_143' title='bbox 1546 1131 1600 1170; x_wconf 84' lang='grc'><strong><em>90</em></strong></span> 
     </span>
     <span class='ocr_line' id='line_1_19' title="bbox 136 1169 1517 1252; baseline -0.001 -29"><span class='ocrx_word' id='word_1_144' title='bbox 136 1179 217 1235; x_wconf 82' lang='grc' dir='ltr'><strong><em>τὴν</em></strong></span> <span class='ocrx_word' id='word_1_145' title='bbox 253 1181 362 1234; x_wconf 88' lang='grc' dir='ltr'><strong><em>πρὸς</em></strong></span> <span class='ocrx_word' id='word_1_146' title='bbox 394 1169 676 1233; x_wconf 79' lang='grc' dir='ltr'><strong><em>Ἀλέξανδρον</em></strong></span> <span class='ocrx_word' id='word_1_147' title='bbox 713 1179 992 1252; x_wconf 79' lang='grc' dir='ltr'><strong><em>εὐχαριστίαν</em></strong></span> <span class='ocrx_word' id='word_1_148' title='bbox 1029 1179 1339 1235; x_wconf 83' lang='grc' dir='ltr'><strong><em>λυμαινομένη.</em></strong></span> <span class='ocrx_word' id='word_1_149' title='bbox 1397 1180 1517 1230; x_wconf 82' lang='grc' dir='ltr'><strong><em>τέλος</em></strong></span> 
     </span>
     <span class='ocr_line' id='line_1_20' title="bbox 139 1235 1517 1307; baseline -0.001 -27"><span class='ocrx_word' id='word_1_150' title='bbox 139 1237 186 1280; x_wconf 78' lang='grc' dir='ltr'><strong><em>δὲ</em></strong></span> <span class='ocrx_word' id='word_1_151' title='bbox 216 1238 261 1280; x_wconf 81' lang='grc' dir='ltr'><strong><em>οἵ</em></strong></span> <span class='ocrx_word' id='word_1_152' title='bbox 287 1236 466 1281; x_wconf 78' lang='grc' dir='ltr'><strong><em>Σκύθαι</em></strong></span> <span class='ocrx_word' id='word_1_153' title='bbox 493 1238 658 1307; x_wconf 83' lang='grc' dir='ltr'><strong><em>πολλὴν</em></strong></span> <span class='ocrx_word' id='word_1_154' title='bbox 685 1242 762 1294; x_wconf 86' lang='grc' dir='ltr'><strong><em>τῆς</em></strong></span> <span class='ocrx_word' id='word_1_155' title='bbox 784 1237 1027 1307; x_wconf 78' lang='grc' dir='ltr'><strong><em>ἀποσκευῆς</em></strong></span> <span class='ocrx_word' id='word_1_156' title='bbox 1048 1236 1363 1290; x_wconf 80' lang='grc' dir='ltr'><strong><em>διαρπάσαντες</em></strong></span> <span class='ocrx_word' id='word_1_157' title='bbox 1384 1235 1517 1306; x_wconf 89' lang='grc' dir='ltr'><strong><em>ἀφίπ-</em></strong></span> 
     </span>
     <span class='ocr_line' id='line_1_21' title="bbox 137 1291 1520 1348; baseline -0.001 -12"><span class='ocrx_word' id='word_1_158' title='bbox 137 1305 306 1336; x_wconf 88' lang='grc' dir='ltr'><strong><em>πευσαν</em></strong></span> <span class='ocrx_word' id='word_1_159' title='bbox 340 1296 452 1347; x_wconf 89' lang='grc' dir='ltr'><strong><em>πρὸς</em></strong></span> <span class='ocrx_word' id='word_1_160' title='bbox 489 1294 594 1345; x_wconf 81' lang='grc' dir='ltr'><strong><em>τούς</em></strong></span> <span class='ocrx_word' id='word_1_161' title='bbox 633 1296 731 1348; x_wconf 86' lang='grc' dir='ltr'><strong><em>περὶ</em></strong></span> <span class='ocrx_word' id='word_1_162' title='bbox 758 1295 836 1338; x_wconf 80' lang='grc' dir='ltr'><strong><em>τὸν</em></strong></span> <span class='ocrx_word' id='word_1_163' title='bbox 866 1298 1095 1347; x_wconf 84' lang='grc' dir='ltr'><strong><em>Μαζαῖον,</em></strong></span> <span class='ocrx_word' id='word_1_164' title='bbox 1147 1294 1220 1336; x_wconf 85' lang='grc' dir='ltr'><strong><em>καὶ</em></strong></span> <span class='ocrx_word' id='word_1_165' title='bbox 1259 1292 1337 1348; x_wconf 82' lang='grc' dir='ltr'><strong><em>τὴν</em></strong></span> <span class='ocrx_word' id='word_1_166' title='bbox 1369 1291 1520 1348; x_wconf 82' lang='grc' dir='ltr'><strong><em>εὐημε-</em></strong></span> 
     </span>
     <span class='ocr_line' id='line_1_22' title="bbox 138 1326 1520 1406; baseline -0.001 -13"><span class='ocrx_word' id='word_1_167' title='bbox 138 1351 239 1403; x_wconf 86' lang='grc' dir='ltr'><strong><em>ρίαν</em></strong></span> <span class='ocrx_word' id='word_1_168' title='bbox 269 1349 545 1406; x_wconf 86' lang='grc' dir='ltr'><strong><em>ἀπήγγειλαν.</em></strong></span> <span class='ocrx_word' id='word_1_169' title='bbox 604 1351 766 1406; x_wconf 88' lang='grc' dir='ltr'><strong><em>ὁμοίως</em></strong></span> <span class='ocrx_word' id='word_1_170' title='bbox 804 1352 849 1394; x_wconf 78' lang='grc' dir='ltr'><strong><em>δὲ</em></strong></span> <span class='ocrx_word' id='word_1_171' title='bbox 889 1352 961 1394; x_wconf 89' lang='grc' dir='ltr'><strong><em>καὶ</em></strong></span> <span class='ocrx_word' id='word_1_172' title='bbox 990 1354 1077 1393; x_wconf 80' lang='grc' dir='ltr'><strong><em>τῶν</em></strong></span> <span class='ocrx_word' id='word_1_173' title='bbox 1105 1349 1205 1402; x_wconf 87' lang='grc' dir='ltr'><strong><em>περὶ</em></strong></span> <span class='ocrx_word' id='word_1_174' title='bbox 1233 1326 1427 1403; x_wconf 70' lang='grc' dir='ltr'><strong><em>Δοίρεῖον</em></strong></span> <span class='ocrx_word' id='word_1_175' title='bbox 1459 1366 1520 1392; x_wconf 91' lang='grc' dir='ltr'><strong><em>τε-</em></strong></span> 
     </span>
     <span class='ocr_line' id='line_1_23' title="bbox 138 1406 1603 1477; baseline 0.001 -27"><span class='ocrx_word' id='word_1_176' title='bbox 138 1407 363 1477; x_wconf 87' lang='grc' dir='ltr'><strong><em>ταγμένων</em></strong></span> <span class='ocrx_word' id='word_1_177' title='bbox 392 1409 559 1451; x_wconf 82' lang='grc' dir='ltr'><strong><em>ἱππέων</em></strong></span> <span class='ocrx_word' id='word_1_178' title='bbox 587 1425 698 1459; x_wconf 86' lang='grc' dir='ltr'><strong><em>τινες</em></strong></span> <span class='ocrx_word' id='word_1_179' title='bbox 726 1406 1105 1477; x_wconf 80' lang='grc' dir='ltr'><strong><em>καταπονήσαντες</em></strong></span> <span class='ocrx_word' id='word_1_180' title='bbox 1134 1424 1192 1461; x_wconf 87' lang='grc' dir='ltr'><strong><em>τῳ</em></strong></span> <span class='ocrx_word' id='word_1_181' title='bbox 1224 1406 1385 1463; x_wconf 79' lang='grc' dir='ltr'><strong><em>πλήθει</em></strong></span> <span class='ocrx_word' id='word_1_182' title='bbox 1413 1407 1519 1456; x_wconf 79' lang='grc' dir='ltr'><strong><em>τούς</em></strong></span> <span class='ocrx_word' id='word_1_183' title='bbox 1549 1411 1603 1452; x_wconf 81' lang='grc'><strong><em>95</em></strong></span> 
     </span>
     <span class='ocr_line' id='line_1_24' title="bbox 141 1461 1605 1519; baseline 0.003 -14"><span class='ocrx_word' id='word_1_184' title='bbox 141 1461 417 1515; x_wconf 81' lang='grc' dir='ltr'><strong><em>ἀνθεστῶτας</em></strong></span> <span class='ocrx_word' id='word_1_185' title='bbox 452 1465 714 1514; x_wconf 60' lang='grc' dir='ltr'><strong><em>λῑῖακεδόνας</em></strong></span> <span class='ocrx_word' id='word_1_186' title='bbox 753 1465 933 1519; x_wconf 77' lang='grc' dir='ltr'><strong><em>φεύγειν</em></strong></span> <span class='ocrx_word' id='word_1_187' title='bbox 972 1463 1239 1518; x_wconf 79' lang='grc' dir='ltr'><strong><em>ἠναγκασαν.</em></strong></span> <span class='ocrx_word' id='word_1_188' title='bbox 1309 1463 1518 1516; x_wconf 85' lang='grc' dir='ltr'><strong><em>δευτέρου</em></strong></span> <span class='ocrx_word' id='word_1_189' title='bbox 1549 1472 1605 1509; x_wconf 78' lang='grc'><strong><em>69</em></strong></span> 
     </span>
     <span class='ocr_line' id='line_1_25' title="bbox 141 1519 1520 1594; baseline -0.001 -32"><span class='ocrx_word' id='word_1_190' title='bbox 141 1520 188 1562; x_wconf 78' lang='grc' dir='ltr'><strong><em>δὲ</em></strong></span> <span class='ocrx_word' id='word_1_191' title='bbox 217 1521 541 1576; x_wconf 86' lang='grc' dir='ltr'><strong><em>προτερήματος</em></strong></span> <span class='ocrx_word' id='word_1_192' title='bbox 563 1539 661 1594; x_wconf 54' lang='lat' dir='ltr'><strong><em>’wag</em></strong></span> <span class='ocrx_word' id='word_1_193' title='bbox 691 1522 880 1576; x_wconf 82' lang='grc' dir='ltr'><strong><em>Πέρσαις</em></strong></span> <span class='ocrx_word' id='word_1_194' title='bbox 899 1520 1150 1577; x_wconf 76' lang='grc' dir='ltr'><strong><em>γενομένου,</em></strong></span> <span class='ocrx_word' id='word_1_195' title='bbox 1183 1519 1206 1562; x_wconf 94' lang='lat'><strong><em>6</em></strong></span> <span class='ocrx_word' id='word_1_196' title='bbox 1235 1536 1313 1573; x_wconf 87' lang='grc' dir='ltr'><strong><em>μεν</em></strong></span> <span class='ocrx_word' id='word_1_197' title='bbox 1336 1519 1520 1571; x_wconf 79' lang='grc' dir='ltr'><strong><em>Ἀλέξαν-</em></strong></span> 
     </span>
     <span class='ocr_line' id='line_1_26' title="bbox 141 1576 1522 1647; baseline -0.001 -28"><span class='ocrx_word' id='word_1_198' title='bbox 141 1579 247 1628; x_wconf 88' lang='grc' dir='ltr'><strong><em>δρος</em></strong></span> <span class='ocrx_word' id='word_1_199' title='bbox 278 1580 479 1622; x_wconf 86' lang='grc' dir='ltr'><strong><em>σπεύδων</em></strong></span> <span class='ocrx_word' id='word_1_200' title='bbox 510 1577 572 1622; x_wconf 82' lang='grc' dir='ltr'><strong><em>δι’</em></strong></span> <span class='ocrx_word' id='word_1_201' title='bbox 605 1579 764 1621; x_wconf 80' lang='grc' dir='ltr'><strong><em>ἑαυτοῦ</em></strong></span> <span class='ocrx_word' id='word_1_202' title='bbox 793 1578 872 1631; x_wconf 81' lang='grc' dir='ltr'><strong><em>τὴν</em></strong></span> <span class='ocrx_word' id='word_1_203' title='bbox 902 1579 1035 1633; x_wconf 82' lang='grc' dir='ltr'><strong><em>ἡτταν</em></strong></span> <span class='ocrx_word' id='word_1_204' title='bbox 1067 1576 1404 1647; x_wconf 78' lang='grc' dir='ltr'><strong><em>διορθώσασθαι</em></strong></span> <span class='ocrx_word' id='word_1_205' title='bbox 1432 1580 1522 1618; x_wconf 75' lang='grc' dir='ltr'><strong><em>τῶν</em></strong></span> 
     </span>
     <span class='ocr_line' id='line_1_27' title="bbox 141 1632 1633 1706; baseline -0.001 -30"><span class='ocrx_word' id='word_1_206' title='bbox 141 1635 279 1686; x_wconf 81' lang='grc' dir='ltr'><strong><em>ἰδίων,</em></strong></span> <span class='ocrx_word' id='word_1_207' title='bbox 311 1635 416 1689; x_wconf 79' lang='grc' dir='ltr'><strong><em>μετὰ</em></strong></span> <span class='ocrx_word' id='word_1_208' title='bbox 445 1639 520 1690; x_wconf 82' lang='grc' dir='ltr'><strong><em>τῆς</em></strong></span> <span class='ocrx_word' id='word_1_209' title='bbox 549 1639 774 1706; x_wconf 85' lang='grc' dir='ltr'><strong><em>βασιλικης</em></strong></span> <span class='ocrx_word' id='word_1_210' title='bbox 797 1637 896 1704; x_wconf 82' lang='grc' dir='ltr'><strong><em>ἴλης</em></strong></span> <span class='ocrx_word' id='word_1_211' title='bbox 925 1634 996 1676; x_wconf 83' lang='grc' dir='ltr'><strong><em>καὶ</em></strong></span> <span class='ocrx_word' id='word_1_212' title='bbox 1027 1649 1116 1675; x_wconf 88' lang='grc' dir='ltr'><strong><em>των</em></strong></span> <span class='ocrx_word' id='word_1_213' title='bbox 1146 1632 1289 1675; x_wconf 89' lang='grc' dir='ltr'><strong><em>αλλων</em></strong></span> <span class='ocrx_word' id='word_1_214' title='bbox 1315 1637 1404 1676; x_wconf 75' lang='grc' dir='ltr'><strong><em>τῶν</em></strong></span> <span class='ocrx_word' id='word_1_215' title='bbox 1434 1632 1519 1675; x_wconf 85' lang='grc' dir='ltr'><strong><em>ε’πι-</em></strong></span> <span class='ocrx_word' id='word_1_216' title='bbox 1553 1643 1633 1683; x_wconf 77' lang='grc'><strong><em>100</em></strong></span> 
     </span>
     <span class='ocr_line' id='line_1_28' title="bbox 97 1687 1519 1744; baseline 0.001 -13"><span class='ocrx_word' id='word_1_217' title='bbox 97 1723 100 1731; x_wconf 97' lang='grc'><strong><em>.</em></strong></span> <span class='ocrx_word' id='word_1_218' title='bbox 140 1691 422 1738; x_wconf 83' lang='grc' dir='ltr'><strong><em>φανεστάτων</em></strong></span> <span class='ocrx_word' id='word_1_219' title='bbox 451 1692 615 1735; x_wconf 85' lang='grc' dir='ltr'><strong><em>ἱππέων</em></strong></span> <span class='ocrx_word' id='word_1_220' title='bbox 646 1690 716 1734; x_wconf 75' lang='grc' dir='ltr'><strong><em>ἐπ’</em></strong></span> <span class='ocrx_word' id='word_1_221' title='bbox 751 1689 887 1734; x_wconf 77' lang='grc' dir='ltr'><strong><em>αὐτὸν</em></strong></span> <span class='ocrx_word' id='word_1_222' title='bbox 915 1689 1079 1744; x_wconf 81' lang='grc' dir='ltr'><strong><em>ἤλαυνε</em></strong></span> <span class='ocrx_word' id='word_1_223' title='bbox 1117 1689 1195 1732; x_wconf 82' lang='grc' dir='ltr'><strong><em>τὸν</em></strong></span> <span class='ocrx_word' id='word_1_224' title='bbox 1229 1693 1434 1742; x_wconf 84' lang='grc' dir='ltr'><strong><em>Δαρεῖον.</em></strong></span> <span class='ocrx_word' id='word_1_225' title='bbox 1495 1687 1519 1732; x_wconf 90' lang='lat'><strong><em>6</em></strong></span> 
     </span>
     <span class='ocr_line' id='line_1_29' title="bbox 141 1746 1522 1819; baseline -0.001 -29"><span class='ocrx_word' id='word_1_226' title='bbox 141 1747 188 1790; x_wconf 80' lang='grc' dir='ltr'><strong><em>δὲ</em></strong></span> <span class='ocrx_word' id='word_1_227' title='bbox 217 1751 303 1790; x_wconf 76' lang='grc' dir='ltr'><strong><em>τῶν</em></strong></span> <span class='ocrx_word' id='word_1_228' title='bbox 339 1752 521 1803; x_wconf 89' lang='grc' dir='ltr'><strong><em>Περσων</em></strong></span> <span class='ocrx_word' id='word_1_229' title='bbox 557 1746 761 1819; x_wconf 74' lang='grc' dir='ltr'><strong><em>βασιλεῦς</em></strong></span> <span class='ocrx_word' id='word_1_230' title='bbox 797 1746 1037 1815; x_wconf 77' lang='grc' dir='ltr'><strong><em>δεξαμενος</em></strong></span> <span class='ocrx_word' id='word_1_231' title='bbox 1066 1762 1147 1802; x_wconf 89' lang='grc' dir='ltr'><strong><em>την</em></strong></span> <span class='ocrx_word' id='word_1_232' title='bbox 1185 1746 1404 1815; x_wconf 81' lang='grc' dir='ltr'><strong><em>ἐπιφορὰν</em></strong></span> <span class='ocrx_word' id='word_1_233' title='bbox 1432 1749 1522 1788; x_wconf 78' lang='grc' dir='ltr'><strong><em>τῶν</em></strong></span> 
     </span>
     <span class='ocr_line' id='line_1_30' title="bbox 140 1801 1524 1873; baseline -0.002 -26"><span class='ocrx_word' id='word_1_234' title='bbox 140 1806 383 1859; x_wconf 84' lang='grc' dir='ltr'><strong><em>πολεμίων,</em></strong></span> <span class='ocrx_word' id='word_1_235' title='bbox 413 1804 545 1855; x_wconf 81' lang='grc' dir='ltr'><strong><em>αὐτὸς</em></strong></span> <span class='ocrx_word' id='word_1_236' title='bbox 573 1806 651 1860; x_wconf 74' lang='grc' dir='ltr'><strong><em>μὲν</em></strong></span> <span class='ocrx_word' id='word_1_237' title='bbox 683 1805 737 1859; x_wconf 81' lang='grc' dir='ltr'><strong><em>ἐφ</em></strong></span> <span class='ocrx_word' id='word_1_238' title='bbox 792 1803 982 1859; x_wconf 83' lang='grc' dir='ltr'><strong><em>ἀρματος</em></strong></span> <span class='ocrx_word' id='word_1_239' title='bbox 1011 1801 1326 1873; x_wconf 76' lang='grc' dir='ltr'><strong><em>ἀγωνιζόμενος</em></strong></span> <span class='ocrx_word' id='word_1_240' title='bbox 1354 1802 1524 1857; x_wconf 79' lang='grc' dir='ltr'><strong><em>ἠκόντι-</em></strong></span> 
     </span>
     <span class='ocr_line' id='line_1_31' title="bbox 143 1857 1523 1929; baseline -0.001 -26"><span class='ocrx_word' id='word_1_241' title='bbox 143 1871 217 1904; x_wconf 89' lang='grc' dir='ltr'><strong><em>σεν</em></strong></span> <span class='ocrx_word' id='word_1_242' title='bbox 245 1862 305 1912; x_wconf 81' lang='grc' dir='ltr'><strong><em>εἷς</em></strong></span> <span class='ocrx_word' id='word_1_243' title='bbox 333 1863 438 1912; x_wconf 79' lang='grc' dir='ltr'><strong><em>τούς</em></strong></span> <span class='ocrx_word' id='word_1_244' title='bbox 466 1861 825 1916; x_wconf 81' lang='grc' dir='ltr'><strong><em>ἐπιφερομένους·</em></strong></span> <span class='ocrx_word' id='word_1_245' title='bbox 857 1863 1033 1904; x_wconf 88' lang='grc' dir='ltr'><strong><em>πολλων</em></strong></span> <span class='ocrx_word' id='word_1_246' title='bbox 1063 1857 1107 1902; x_wconf 85' lang='grc' dir='ltr'><strong><em>δ’</em></strong></span> <span class='ocrx_word' id='word_1_247' title='bbox 1141 1858 1264 1929; x_wconf 79' lang='grc' dir='ltr'><strong><em>αὐτῷ</em></strong></span> <span class='ocrx_word' id='word_1_248' title='bbox 1282 1871 1523 1914; x_wconf 82' lang='grc' dir='ltr'><strong><em>συναγωνι-</em></strong></span> 
     </span>
     <span class='ocr_line' id='line_1_32' title="bbox 64 1914 1524 1985; baseline -0.001 -25"><span class='ocrx_word' id='word_1_249' title='bbox 64 1914 350 1971; x_wconf 71' lang='grc' dir='ltr'><strong><em>Ξ07ζομένων,</em></strong></span> <span class='ocrx_word' id='word_1_250' title='bbox 382 1920 454 1962; x_wconf 82' lang='grc' dir='ltr'><strong><em>καὶ</em></strong></span> <span class='ocrx_word' id='word_1_251' title='bbox 481 1922 571 1962; x_wconf 80' lang='grc' dir='ltr'><strong><em>τῶν</em></strong></span> <span class='ocrx_word' id='word_1_252' title='bbox 601 1918 814 1973; x_wconf 88' lang='grc' dir='ltr'><strong><em>βασιλέων</em></strong></span> <span class='ocrx_word' id='word_1_253' title='bbox 844 1916 911 1960; x_wconf 77' lang='grc' dir='ltr'><strong><em>ἐπ’</em></strong></span> <span class='ocrx_word' id='word_1_254' title='bbox 943 1915 1156 1971; x_wconf 78' lang='grc' dir='ltr'><strong><em>ἀλλήλους</em></strong></span> <span class='ocrx_word' id='word_1_255' title='bbox 1178 1916 1369 1985; x_wconf 85' lang='grc' dir='ltr'><strong><em>ἱεμένων,</em></strong></span> <span class='ocrx_word' id='word_1_256' title='bbox 1401 1915 1424 1959; x_wconf 91' lang='grc' dir='ltr'>ὁ</span> <span class='ocrx_word' id='word_1_257' title='bbox 1444 1931 1524 1970; x_wconf 85' lang='grc' dir='ltr'><strong><em>μεν</em></strong></span> 
     </span>
     <span class='ocr_line' id='line_1_33' title="bbox 135 1971 1578 2029; baseline 0.001 -13.007"><span class='ocrx_word' id='word_1_258' title='bbox 135 1972 436 2029; x_wconf 81' lang='grc' dir='ltr'><strong><em>Ἀλέξανδρος</em></strong></span> <span class='ocrx_word' id='word_1_259' title='bbox 467 1973 699 2025; x_wconf 80' lang='grc' dir='ltr'><strong><em>ἀκοντίσας</em></strong></span> <span class='ocrx_word' id='word_1_260' title='bbox 747 1974 817 2017; x_wconf 79' lang='grc' dir='ltr'><strong><em>ἐπὶ</em></strong></span> <span class='ocrx_word' id='word_1_261' title='bbox 856 1972 934 2017; x_wconf 87' lang='grc' dir='ltr'><strong><em>τὸν</em></strong></span> <span class='ocrx_word' id='word_1_262' title='bbox 984 1978 1174 2027; x_wconf 86' lang='grc' dir='ltr'><strong><em>Δαρεῖον</em></strong></span> <span class='ocrx_word' id='word_1_263' title='bbox 1229 1971 1391 2015; x_wconf 89' lang='grc' dir='ltr'><strong><em>τούτου</em></strong></span> <span class='ocrx_word' id='word_1_264' title='bbox 1440 1989 1520 2028; x_wconf 89' lang='grc' dir='ltr'><strong><em>μεν</em></strong></span> <span class='ocrx_word' id='word_1_265' title='bbox 1550 1975 1578 2017; x_wconf 86' lang='grc'><strong><em>5</em></strong></span> 
     </span>
     <span class='ocr_line' id='line_1_34' title="bbox 141 2028 1523 2102; baseline -0.001 -29"><span class='ocrx_word' id='word_1_266' title='bbox 141 2030 317 2102; x_wconf 79' lang='grc' dir='ltr'><strong><em>ἥμαρτε,</em></strong></span> <span class='ocrx_word' id='word_1_267' title='bbox 348 2035 430 2075; x_wconf 84' lang='grc' dir='ltr'><strong><em>τοῦ</em></strong></span> <span class='ocrx_word' id='word_1_268' title='bbox 458 2033 504 2075; x_wconf 81' lang='grc' dir='ltr'><strong><em>δὲ</em></strong></span> <span class='ocrx_word' id='word_1_269' title='bbox 531 2044 808 2086; x_wconf 84' lang='grc' dir='ltr'><strong><em>παρεστωτος</em></strong></span> <span class='ocrx_word' id='word_1_270' title='bbox 836 2028 1030 2085; x_wconf 74' lang='grc' dir='ltr'><strong><em>ἡνιόχου</em></strong></span> <span class='ocrx_word' id='word_1_271' title='bbox 1047 2033 1127 2072; x_wconf 85' lang='grc' dir='ltr'><strong><em>τοῦ</em></strong></span> <span class='ocrx_word' id='word_1_272' title='bbox 1157 2030 1367 2084; x_wconf 87' lang='grc' dir='ltr'><strong><em>βασιλέως</em></strong></span> <span class='ocrx_word' id='word_1_273' title='bbox 1395 2046 1523 2072; x_wconf 86' lang='grc' dir='ltr'><strong><em>κατα-</em></strong></span> 
     </span>
     <span class='ocr_line' id='line_1_35' title="bbox 142 2085 1523 2158; baseline -0.003 -28"><span class='ocrx_word' id='word_1_274' title='bbox 142 2104 286 2143; x_wconf 87' lang='grc' dir='ltr'><strong><em>τυχων</em></strong></span> <span class='ocrx_word' id='word_1_275' title='bbox 319 2089 539 2158; x_wconf 84' lang='grc' dir='ltr'><strong><em>κατέβαλε.</em></strong></span> <span class='ocrx_word' id='word_1_276' title='bbox 599 2093 688 2131; x_wconf 81' lang='grc' dir='ltr'><strong><em>τῶν</em></strong></span> <span class='ocrx_word' id='word_1_277' title='bbox 720 2088 765 2131; x_wconf 82' lang='grc' dir='ltr'><strong><em>δὲ</em></strong></span> <span class='ocrx_word' id='word_1_278' title='bbox 793 2087 893 2140; x_wconf 86' lang='grc' dir='ltr'><strong><em>περὶ</em></strong></span> <span class='ocrx_word' id='word_1_279' title='bbox 922 2086 1002 2129; x_wconf 80' lang='grc' dir='ltr'><strong><em>τόν</em></strong></span> <span class='ocrx_word' id='word_1_280' title='bbox 1026 2091 1218 2139; x_wconf 88' lang='grc' dir='ltr'><strong><em>Δαρεῖον</em></strong></span> <span class='ocrx_word' id='word_1_281' title='bbox 1248 2085 1523 2157; x_wconf 63' lang='lat' dir='ltr'><strong><em>dvassonfiav7</em></strong></span> 
     </span>
     <span class='ocr_line' id='line_1_36' title="bbox 144 2142 1523 2215; baseline -0.002 -28"><span class='ocrx_word' id='word_1_282' title='bbox 144 2160 283 2193; x_wconf 89' lang='grc' dir='ltr'><strong><em>των,</em></strong></span> <span class='ocrx_word' id='word_1_283' title='bbox 303 2147 346 2189; x_wconf 76' lang='grc' dir='ltr'><strong><em>οἱ</em></strong></span> <span class='ocrx_word' id='word_1_284' title='bbox 383 2144 670 2200; x_wconf 78' lang='grc' dir='ltr'><strong><em>πορροότερον</em></strong></span> <span class='ocrx_word' id='word_1_285' title='bbox 708 2142 996 2215; x_wconf 75' lang='grc' dir='ltr'><strong><em>ἀφεστηκότες</em></strong></span> <span class='ocrx_word' id='word_1_286' title='bbox 1023 2142 1247 2198; x_wconf 77' lang='grc' dir='ltr'><strong><em>ὑπέλαβον</em></strong></span> <span class='ocrx_word' id='word_1_287' title='bbox 1278 2142 1414 2185; x_wconf 83' lang='grc' dir='ltr'><strong><em>αὐτὸν</em></strong></span> <span class='ocrx_word' id='word_1_288' title='bbox 1444 2142 1523 2185; x_wconf 87' lang='grc' dir='ltr'><strong><em>τὸν</em></strong></span> 
     </span>
     <span class='ocr_line' id='line_1_37' title="bbox 145 2198 1608 2257; baseline -0.002 -12"><span class='ocrx_word' id='word_1_289' title='bbox 145 2202 322 2256; x_wconf 85' lang='grc' dir='ltr'><strong><em>βασιλέα</em></strong></span> <span class='ocrx_word' id='word_1_290' title='bbox 348 2202 638 2247; x_wconf 84' lang='grc' dir='ltr'><strong><em>πεπτωκέναι·</em></strong></span> <span class='ocrx_word' id='word_1_291' title='bbox 683 2202 756 2247; x_wconf 82' lang='grc' dir='ltr'><strong><em>καὶ</em></strong></span> <span class='ocrx_word' id='word_1_292' title='bbox 784 2200 956 2244; x_wconf 82' lang='grc' dir='ltr'><strong><em>τούτων</em></strong></span> <span class='ocrx_word' id='word_1_293' title='bbox 989 2203 1065 2256; x_wconf 86' lang='grc' dir='ltr'><strong><em>τῆς</em></strong></span> <span class='ocrx_word' id='word_1_294' title='bbox 1093 2215 1238 2257; x_wconf 81' lang='grc' dir='ltr'><strong><em>φυγης</em></strong></span> <span class='ocrx_word' id='word_1_295' title='bbox 1267 2198 1523 2256; x_wconf 79' lang='grc' dir='ltr'><strong><em>ἀρξαμένων</em></strong></span> <span class='ocrx_word' id='word_1_296' title='bbox 1555 2208 1608 2247; x_wconf 83' lang='grc'><strong><em>10</em></strong></span> 
     </span>
    </p>
   </div>
   <div class='ocr_carea' id='block_1_3' title="bbox 146 2383 1528 2717">
    <p class='ocr_par' dir='ltr' id='par_1_3' title="bbox 146 2383 1528 2717">
     <span class='ocr_line' id='line_1_38' title="bbox 146 2383 1525 2451; baseline -0.001 -24"><span class='ocrx_word' id='word_1_297' title='bbox 146 2392 204 2428; x_wconf 74' lang='grc'><strong><em>74.</em></strong></span> <span class='ocrx_word' id='word_1_298' title='bbox 250 2383 573 2451; x_wconf 71' lang='grc' dir='ltr'><strong><em>διαγωνιζόμενος]</em></strong></span> <span class='ocrx_word' id='word_1_299' title='bbox 607 2392 878 2450; x_wconf 78' lang='grc' dir='ltr'><strong><em>ἀγωνιζόμενος</em></strong></span> <span class='ocrx_word' id='word_1_300' title='bbox 901 2394 985 2428; x_wconf 79' lang='lat' dir='ltr'><strong>Bas.</strong></span> <span class='ocrx_word' id='word_1_301' title='bbox 1177 2391 1235 2427; x_wconf 74' lang='lat'><strong><em>84.</em></strong></span> <span class='ocrx_word' id='word_1_302' title='bbox 1283 2390 1370 2435; x_wconf 80' lang='grc' dir='ltr'><strong><em>διοῖ]</em></strong></span> <span class='ocrx_word' id='word_1_303' title='bbox 1404 2390 1468 2426; x_wconf 79' lang='grc' dir='ltr'><strong><em>καὶ</em></strong></span> <span class='ocrx_word' id='word_1_304' title='bbox 1495 2392 1525 2426; x_wconf 79' lang='lat' dir='ltr'><strong>F</strong></span> 
     </span>
     <span class='ocr_line' id='line_1_39' title="bbox 318 2437 1526 2494; baseline -0.004 -17.958"><span class='ocrx_word' id='word_1_305' title='bbox 318 2441 385 2477; x_wconf 97' lang='grc'><strong><em>,87.</em></strong></span> <span class='ocrx_word' id='word_1_306' title='bbox 431 2439 679 2487; x_wconf 80' lang='grc' dir='ltr'><strong><em>Σισύγαμβρις</em></strong></span> <span class='ocrx_word' id='word_1_307' title='bbox 702 2443 750 2486; x_wconf 77' lang='lat' dir='ltr'><strong><em>L,</em></strong></span> <span class='ocrx_word' id='word_1_308' title='bbox 776 2438 799 2487; x_wconf 83' lang='grc' dir='ltr'><em>ἡ</em></span> <span class='ocrx_word' id='word_1_309' title='bbox 827 2439 1065 2494; x_wconf 78' lang='grc' dir='ltr'><strong><em>σισύγαμβρις</em></strong></span> <span class='ocrx_word' id='word_1_310' title='bbox 1087 2438 1139 2479; x_wconf 89' lang='lat' dir='ltr'><strong><em>F,</em></strong></span> <span class='ocrx_word' id='word_1_311' title='bbox 1165 2438 1293 2472; x_wconf 79' lang='lat' dir='ltr'><strong>caeteri</strong></span> <span class='ocrx_word' id='word_1_312' title='bbox 1320 2437 1526 2482; x_wconf 74' lang='grc' dir='ltr'><strong><em>Σισύγγαμ-</em></strong></span> 
     </span>
     <span class='ocr_line' id='line_1_40' title="bbox 146 2481 1528 2536; baseline -0.001 -17"><span class='ocrx_word' id='word_1_313' title='bbox 146 2486 229 2530; x_wconf 86' lang='grc' dir='ltr'><strong><em>βρις</em></strong></span> <span class='ocrx_word' id='word_1_314' title='bbox 295 2487 321 2503; x_wconf 64' lang='lat'><strong><em>‘⁴</em></strong></span> <span class='ocrx_word' id='word_1_315' title='bbox 354 2501 356 2504; x_wconf 95' lang='lat'>·</span> <span class='ocrx_word' id='word_1_316' title='bbox 396 2487 453 2521; x_wconf 85' lang='lat'><strong><em>89.</em></strong></span> <span class='ocrx_word' id='word_1_317' title='bbox 497 2488 715 2536; x_wconf 79' lang='grc' dir='ltr'><strong><em>παραλόγῳ]</em></strong></span> <span class='ocrx_word' id='word_1_318' title='bbox 747 2485 946 2532; x_wconf 77' lang='grc' dir='ltr'><strong><em>παραδόξῳ</em></strong></span> <span class='ocrx_word' id='word_1_319' title='bbox 972 2487 1050 2529; x_wconf 75' lang='lat' dir='ltr'><strong><em>QX,</em></strong></span> <span class='ocrx_word' id='word_1_320' title='bbox 1075 2481 1361 2528; x_wconf 80' lang='grc' dir='ltr'><strong><em>παραδοξολόγῳ</em></strong></span> <span class='ocrx_word' id='word_1_321' title='bbox 1390 2486 1433 2526; x_wconf 79' lang='lat' dir='ltr'><strong><em>Q,</em></strong></span> <span class='ocrx_word' id='word_1_322' title='bbox 1458 2497 1528 2518; x_wconf 78' lang='grc' dir='ltr'><strong><em>πα-</em></strong></span> 
     </span>
     <span class='ocr_line' id='line_1_41' title="bbox 147 2528 1524 2579; baseline 0.001 -14"><span class='ocrx_word' id='word_1_323' title='bbox 147 2529 293 2576; x_wconf 79' lang='grc' dir='ltr'><strong><em>ραδόξῳ</em></strong></span> <span class='ocrx_word' id='word_1_324' title='bbox 324 2531 419 2579; x_wconf 73' lang='grc' dir='ltr'><strong><em>λόγῳ</em></strong></span> <span class='ocrx_word' id='word_1_325' title='bbox 451 2534 531 2568; x_wconf 80' lang='lat' dir='ltr'><strong>Bas.</strong></span> <span class='ocrx_word' id='word_1_326' title='bbox 589 2528 593 2541; x_wconf 88' lang='grc'><strong><em>“’</em></strong></span> <span class='ocrx_word' id='word_1_327' title='bbox 719 2534 776 2568; x_wconf 87' lang='lat'><strong><em>93.</em></strong></span> <span class='ocrx_word' id='word_1_328' title='bbox 822 2533 888 2567; x_wconf 85' lang='grc' dir='ltr'><strong><em>τὸν</em></strong></span> <span class='ocrx_word' id='word_1_329' title='bbox 923 2544 993 2567; x_wconf 87' lang='lat' dir='ltr'><strong><em>om.</em></strong></span> <span class='ocrx_word' id='word_1_330' title='bbox 1017 2533 1099 2566; x_wconf 69' lang='lat' dir='ltr'><strong>Bas.</strong></span> <span class='ocrx_word' id='word_1_331' title='bbox 1202 2559 1221 2563; x_wconf 64' lang='grc'><strong><em>,,</em></strong></span> <span class='ocrx_word' id='word_1_332' title='bbox 1293 2531 1350 2564; x_wconf 92' lang='lat'><strong><em>99.</em></strong></span> <span class='ocrx_word' id='word_1_333' title='bbox 1400 2533 1524 2575; x_wconf 82' lang='grc' dir='ltr'><strong><em>διορθ.</em></strong></span> 
     </span>
     <span class='ocr_line' id='line_1_42' title="bbox 147 2577 1393 2623; baseline -0.003 -10"><span class='ocrx_word' id='word_1_334' title='bbox 147 2591 221 2613; x_wconf 84' lang='grc' dir='ltr'><strong><em>των</em></strong></span> <span class='ocrx_word' id='word_1_335' title='bbox 247 2578 374 2623; x_wconf 85' lang='grc' dir='ltr'><strong><em>ἰδίων]</em></strong></span> <span class='ocrx_word' id='word_1_336' title='bbox 397 2579 472 2613; x_wconf 79' lang='grc' dir='ltr'><strong><em>τῶν</em></strong></span> <span class='ocrx_word' id='word_1_337' title='bbox 496 2579 601 2614; x_wconf 85' lang='grc' dir='ltr'><strong><em>ἰδίων</em></strong></span> <span class='ocrx_word' id='word_1_338' title='bbox 626 2580 752 2622; x_wconf 77' lang='grc' dir='ltr'><strong><em>διορθ.</em></strong></span> <span class='ocrx_word' id='word_1_339' title='bbox 776 2580 835 2613; x_wconf 90' lang='lat' dir='ltr'><strong><em>FL</em></strong></span> <span class='ocrx_word' id='word_1_340' title='bbox 1019 2578 1078 2612; x_wconf 88' lang='grc'><strong><em>99.</em></strong></span> <span class='ocrx_word' id='word_1_341' title='bbox 1123 2577 1196 2621; x_wconf 86' lang='grc' dir='ltr'><strong><em>τῆς</em></strong></span> <span class='ocrx_word' id='word_1_342' title='bbox 1214 2587 1282 2612; x_wconf 87' lang='lat' dir='ltr'><strong><em>om.</em></strong></span> <span class='ocrx_word' id='word_1_343' title='bbox 1312 2578 1393 2610; x_wconf 81' lang='lat' dir='ltr'><strong>Bas.</strong></span> 
     </span>
     <span class='ocr_line' id='line_1_43' title="bbox 239 2622 1368 2667; baseline -0.003 -9"><span class='ocrx_word' id='word_1_344' title='bbox 239 2624 318 2659; x_wconf 95' lang='grc'><strong><em>190.</em></strong></span> <span class='ocrx_word' id='word_1_345' title='bbox 366 2627 441 2661; x_wconf 73' lang='grc' dir='ltr'><strong><em>τῶν</em></strong></span> <span class='ocrx_word' id='word_1_346' title='bbox 461 2622 581 2660; x_wconf 80' lang='grc' dir='ltr'><strong><em>ἄλλων</em></strong></span> <span class='ocrx_word' id='word_1_347' title='bbox 603 2638 672 2660; x_wconf 85' lang='lat' dir='ltr'><strong><em>om.</em></strong></span> <span class='ocrx_word' id='word_1_348' title='bbox 697 2628 777 2660; x_wconf 77' lang='lat' dir='ltr'><strong><em>Bas.</em></strong></span> <span class='ocrx_word' id='word_1_349' title='bbox 769 2651 798 2667; x_wconf 87' lang='lat'><strong><em>.,</em></strong></span> <span class='ocrx_word' id='word_1_350' title='bbox 831 2626 993 2659; x_wconf 74' lang='lat' dir='ltr'><strong>asterisco</strong></span> <span class='ocrx_word' id='word_1_351' title='bbox 1017 2623 1150 2659; x_wconf 75' lang='lat' dir='ltr'><strong>notavit</strong></span> <span class='ocrx_word' id='word_1_352' title='bbox 1172 2623 1368 2666; x_wconf 75' lang='lat' dir='ltr'>Stephanus</span> 
     </span>
     <span class='ocr_line' id='line_1_44' title="bbox 146 2656 1422 2717; baseline -0.002 -13"><span class='ocrx_word' id='word_1_353' title='bbox 146 2670 181 2704; x_wconf 81' lang='lat'><strong><em>3.</em></strong></span> <span class='ocrx_word' id='word_1_354' title='bbox 227 2656 440 2716; x_wconf 81' lang='grc' dir='ltr'><strong><em>η’κόντισεν]</em></strong></span> <span class='ocrx_word' id='word_1_355' title='bbox 464 2670 649 2716; x_wconf 81' lang='grc' dir='ltr'><strong><em>ἠκόντιζεν</em></strong></span> <span class='ocrx_word' id='word_1_356' title='bbox 672 2673 766 2715; x_wconf 69' lang='lat' dir='ltr'><strong><em>Bas„</em></strong></span> <span class='ocrx_word' id='word_1_357' title='bbox 790 2669 956 2717; x_wconf 83' lang='grc' dir='ltr'><strong><em>η’κόντιζε</em></strong></span> <span class='ocrx_word' id='word_1_358' title='bbox 979 2671 1009 2704; x_wconf 80' lang='lat' dir='ltr'>F</span> <span class='ocrx_word' id='word_1_359' title='bbox 1192 2669 1244 2710; x_wconf 80' lang='grc' dir='ltr'><strong><em>εἰς</em></strong></span> <span class='ocrx_word' id='word_1_360' title='bbox 1270 2680 1339 2705; x_wconf 87' lang='lat' dir='ltr'><strong><em>om.</em></strong></span> <span class='ocrx_word' id='word_1_361' title='bbox 1363 2667 1422 2702; x_wconf 80' lang='lat' dir='ltr'><strong><em>FL</em></strong></span> 
     </span>
    </p>
   </div>
   <div class='ocr_carea' id='block_1_4' title="bbox 235 2735 1030 2795">
    <p class='ocr_par' dir='ltr' id='par_1_4' title="bbox 235 2735 1030 2795">
     <span class='ocr_line' id='line_1_45' title="bbox 235 2735 1030 2795; baseline 0.001 -12"><span class='ocrx_word' id='word_1_362' title='bbox 235 2749 318 2785; x_wconf 84' lang='grc'><strong><em>207.</em></strong></span> <span class='ocrx_word' id='word_1_363' title='bbox 350 2749 384 2783; x_wconf 86' lang='grc'><strong><em>4.</em></strong></span> <span class='ocrx_word' id='word_1_364' title='bbox 430 2735 582 2795; x_wconf 72' lang='grc' dir='ltr'><strong><em>ἱεμένων</em></strong></span> <span class='ocrx_word' id='word_1_365' title='bbox 606 2752 701 2794; x_wconf 58' lang='lat' dir='ltr'><strong><em>Bas„</em></strong></span> <span class='ocrx_word' id='word_1_366' title='bbox 725 2751 854 2786; x_wconf 79' lang='lat' dir='ltr'><strong>caeteri</strong></span> <span class='ocrx_word' id='word_1_367' title='bbox 877 2748 1030 2794; x_wconf 79' lang='grc' dir='ltr'><strong><em>ἱεμένων</em></strong></span> 
     </span>
    </p>
   </div>
  </div>
 </body>
</html>
