1820 3249
479 156 591 197 LIB.
621 153 711 196 XX.
770 154 902 196 CAP.
929 158 1001 199 96
1028 155 1479 198 &154⁷

21 270 230 328 476ὅῖφνω
256 272 347 322 τοῖς
375 267 454 337 μὲν
470 266 742 338 ’πυρφόροις
779 270 966 323 συνεχῶς
1003 267 1085 323 τήν
1096 265 1340 337 φυλακήν
1355 266 1480 338 ἔβαλ-

99 333 192 380 λον,
221 332 314 378 τοῖς
344 325 383 370 δ’
418 324 566 376 ἄλλοις
593 324 736 380 βέλεσι
764 328 988 376 παντοίοις
1015 323 1234 381 χρεόμενοι
1262 323 1366 374 τούς
1395 323 1485 367 ἐκεῖ
1509 326 1566 368 75

99 383 412 455 συντρέχοντας
438 383 791 434 κατετίτρωσκον.
851 384 895 425 οἱ
925 383 982 425 δὲ
999 383 1097 436 περὶ
1126 382 1205 425 τόν
1223 381 1482 436 Δημήτριον

99 439 358 484 ἀνελπίστου
388 442 464 495 τῆς
500 438 732 489 ἐπιθέσεως
769 439 1004 494 γενομένης
1034 439 1355 494 ἀγωνιάσαντες
1383 438 1484 490 περὶ

97 502 186 541 τῶν
215 495 660 542 κατασκευασθέντων
688 496 850 550 ἔργων,
882 496 1140 565 συνέτρεχον
1169 496 1238 538 ἐπὶ
1267 511 1348 551 την
1382 493 1485 563 βοή-

97 560 240 598 θειαν.
295 551 510 608 ἀσελήνου
540 552 586 595 δὲ
615 555 692 607 τῆς
721 551 880 603 νυκτός
911 552 1045 623 οὔσης
1075 554 1118 595 οἱ
1149 553 1228 607 μὲν
1257 549 1484 606 πυρφόροι
1515 554 1570 594 80

98 611 338 680 διέλαμπον
367 609 606 680 φερόμενοι
636 611 887 679 βιαίως,οί
913 608 956 652 6’
987 609 1204 665 ὀξυβελεῖς
1233 610 1306 653 καὶ
1336 624 1487 662 πετρο-

96 668 223 724 βόλοι
257 667 339 724 τὴν
367 666 516 721 φοράν
556 665 836 721 ἀπροόρατον
865 665 1033 721 ἔχοντες
1062 665 1254 717 πολλούς
1284 665 1486 721 διέφθει-

95 740 178 779 ρον
204 728 294 768 τῶν
322 723 380 780 μὴ
410 723 670 778 δυναμένων
699 725 894 766 συνιδεῖν
922 722 1004 779 τήν
1033 723 1353 779 ἐπιφερομένην
1381 726 1489 791 πλη-

93 780 191 849 γήν.
247 780 402 836 ἔτυχον
431 781 478 825 δὲ
506 781 582 824 καὶ
600 796 689 822 των
719 779 805 823 άπὸ
834 783 910 835 τῆς
938 783 1132 850 μηχανῆς
1160 781 1348 822 λεπίδων
1375 779 1489 830 τινὲς

95 836 419 881 ἀποπεσοῦσαι·
456 837 840 888 καταψιλωθέντος
862 837 908 880 δὲ
929 842 1010 880 τοῦ
1031 836 1171 880 τόπου
1192 835 1489 891 προςέπιπτον
1518 834 1573 876 85

99 895 143 965 οἱ
160 893 411 964 πυρφόροι
407 898 468 951 τῷ
499 895 740 963 ξυλοφανεῖ
772 897 855 936 τοῦ
871 893 1294 948 κατασκευάσματος.
1331 892 1486 947 διόπερ

99 949 350 1006 ἀγωνιάσας
388 950 412 994 6
442 938 707 1006 Δημήτριος
722 949 912 1021 μήποτε
962 955 1044 994 τοῦ
1093 950 1236 1002 πυρὸς
1286 950 1487 1004 ἐπινεμη-

95 1008 255 1059 θέντος
282 1007 467 1051 ῑόέπασαν
497 1010 644 1063 συμβῇ
684 1006 765 1063 τὴν
803 1024 1003 1064 μηχανην
1038 1010 1346 1078 λυμαγθῆναι,
1376 1005 1486 1049 κατά

95 1064 226 1135 τάχος
261 1063 439 1135 ἐβοήθει
476 1065 550 1108 καὶ
590 1067 651 1120 τῷ
679 1064 1096 1117 ,παρασκευασθέντι
1135 1063 1266 1134 ύδατι
1307 1063 1354 1107 ἐν
1391 1067 1487 1113 ταῖς
1517 1063 1572 1103 90

96 1121 266 1191 στέγαις
310 1120 513 1174 ἐπειρᾶτο
553 1122 790 1173 σβεννύναι
828 1120 909 1176 τὴν
939 1121 1279 1191 ἐπιφερομένην
1327 1119 1486 1190 φλόγα.

93 1176 144 1221 vd
185 1177 233 1221 δὲ
269 1181 520 1221 τελευταῖον
559 1176 776 1231 ἀθροίσας
806 1180 860 1232 τῇ
898 1176 1103 1247 σάλπιγγι
1134 1194 1248 1229 τους
1283 1176 1488 1248 τεταγμέ-

93 1249 202 1285 νους
230 1233 301 1277 ἐπὶ
338 1237 415 1290 τῆς
443 1233 654 1304 κινήσεως
692 1249 784 1277 των
812 1235 954 1290 ἔργων
983 1234 1056 1278 δια
1085 1235 1256 1278 τούτων
1290 1232 1487 1290 ἀπήγαγε

93 1307 172 1343 τας
196 1291 392 1362 μηχανάς
418 1289 541 1342 ἐκτός
552 1290 749 1361 βέλους.
1514 1320 1571 1358 (η

196 1347 377 1391 Έπειτα
389 1347 641 1417 γενομένης
668 1346 834 1417 ἡμέρας
861 1348 1095 1403 προςέταξε
1123 1352 1218 1398 τοῖς
1246 1346 1486 1403 ὑπηρέταις
1515 1373 1571 1417 95

97 1404 308 1476 ἀθροῖσαι
349 1403 404 1448 τὰ
439 1405 543 1460 βέλη
582 1421 637 1447 τα
675 1403 864 1448 πεσόντα
898 1419 1019 1461 παρα
1054 1408 1145 1449 τῶν
1176 1403 1392 1457 Ροδίων,
1437 1404 1487 1448 ἐκ

95 1463 267 1505 τούτων
295 1460 568 1532 βουλόμενος
598 1463 946 1516 συλλογίσασθαι
975 1465 1064 1505 τῶν
1097 1461 1146 1505 ἐν
1173 1466 1242 1533 τῇ
1257 1461 1381 1506 πόλει
1409 1461 1490 1535 τήν

93 1517 395 1587 παρασκευήν.
455 1519 518 1561 ὠν
553 1518 666 1588 ταχὺ
692 1518 742 1561 τὸ
781 1518 1053 1574 προςταχθὲν
1081 1517 1364 1574 ποιησάντων
1393 1518 1492 1575 ἦρι-

94 1573 336 1647 θμήθησαν
363 1572 593 1646 πυρφόροι
621 1574 701 1629 μὲν
730 1580 821 1625 τοῖς
850 1576 1052 1630 μεγέθεσι
1079 1580 1284 1620 παντοῖοι
1313 1578 1494 1627 πλείους
1525 1575 1606 1615 100

94 1647 184 1676 των
213 1630 508 1683 ὀκτακοσίων,
539 1630 755 1687 ὀξυβελεῖς
785 1630 831 1675 6'
865 1631 950 1676 οὐκ
987 1631 1193 1684 ἐλάττους
1223 1649 1314 1676 των
1343 1634 1493 1688 χιλίων

92 1690 406 1734 πεντακοσίων.
462 1689 687 1732 τοσούτων
716 1689 763 1732 δὲ
791 1691 933 1760 βελων
966 1688 1233 1745 ἐνεχθέντων
1262 1689 1310 1732 ἐν
1339 1693 1496 1761 βραχεῖ

94 1745 241 1817 χρόνῳ
278 1743 458 1799 νυκτός,
499 1744 719 1800 ἐθαύμαζε
758 1746 838 1803 τὴν
857 1748 1077 1816 χορηγίαν
1104 1750 1182 1805 τῆς
1218 1745 1388 1798 πόλεως
1418 1746 1493 1790 καὶ

94 1803 177 1859 τήν
220 1803 268 1846 ἐν
307 1801 480 1852 τούτοις
516 1804 759 1855 δαψίλειαν.
818 1802 915 1847 τότε
953 1820 1033 1858 μεν
1062 1807 1147 1847 οὐν
1186 1800 1211 1847 6
1242 1803 1494 1878 Δημήτριος

95 1859 386 1903 κατεσκεύασε
415 1875 470 1902 τα
504 1858 785 1929 πεπονηκότα
813 1864 904 1904 τῶν
933 1860 1074 1916 ε’ργων
1103 1861 1178 1904 καὶ
1207 1863 1306 1915 περί
1333 1877 1378 1904 τε
1409 1877 1492 1916 την
1522 1855 1548 1898 5

96 1915 246 1972 ταφὴν
273 1920 362 1960 τῶν
376 1916 734 1988 τελευτησάντων
763 1917 839 1960 καὶ
867 1916 945 1973 τὴν
974 1919 1216 1973 θεραπείαν
1244 1934 1335 1961 των
1361 1933 1495 1972 τραυ-

97 1977 267 2028 ματιῶν
295 1973 474 2043 ἐγίνετο.
528 1972 642 2028 καθ’
675 1973 729 2017 ὃν
759 1973 812 2030 δη
844 1975 1008 2030 χρόνον
1039 1977 1083 2018 οἱ
1117 1991 1228 2019 κατα
1255 1974 1336 2046 τὴν
1364 1974 1496 2018 πόλιν
1523 1989 1531 2017 -·.

98 2029 263 2086 α’νεσιν
267 2028 488 2087 λαβόντες
525 2032 603 2087 τῆς
640 2028 727 2075 άπὸ
757 2048 848 2079 των
889 2048 1098 2088 μηχανων
1127 2032 1226 2089 βίας
1256 2030 1496 2101 ᾠκοδόμη-
1529 2043 1533 2061 ’·’

98 2097 184 2131 σαν
221 2089 370 2143 τρίτον
409 2093 547 2157 τεῖχος
586 2088 833 2157 μηνοειδές,
870 2087 1272 2159 περιλαμβάνοντες
1316 2092 1372 2161 τῇ
1404 2088 1491 2144 μὲν
1537 2099 1540 2138 ξ

82 2136 358 2217 ’περιφερείᾳ
388 2159 534 2203 παντα
563 2145 642 2188 τὸν
672 2145 992 2190 κινδυνεύοντα
1020 2145 1160 2189 τόπον
1188 2148 1270 2189 τοῦ
1294 2146 1488 2216 τείχους·
1521 2143 1575 2202 10

87 2198 267 2246 'ow
263 2200 311 2246 6
329 2218 464 2260 ηττον
492 2204 567 2245 καὶ
596 2201 751 2260 τάφρῳ
781 2205 943 2263 βαθεία
971 2198 1235 2260 περιέλαβον
1254 2200 1304 2247 τὸ
1327 2217 1493 2248 πεπτω-

98 2336 315 2384 πυρφόροις
338 2339 438 2384 QTY
460 2340 544 2375 Bas.
578 2343 614 2375 et
636 2352 690 2386 γρ.
716 2351 842 2386 margo
872 2341 924 2384 F,
956 2340 1086 2376 caeteri
1107 2339 1346 2397 πετροβόλοις

190 2384 272 2420 476.
324 2386 383 2423 74.
430 2388 613 2431 συνεχῶς]
649 2389 791 2433 σνχνως
821 2388 887 2431 FQ
1142 2385 1340 2432 φυλακήν]
1376 2400 1493 2434 μηχα-

97 2428 630 2532 νηζῧνθβελέξῗἙέΤξωΒξιὲε
655 2482 781 2516 caetori
804 2433 1165 2527 {goggozvfggezqg
1188 2435 1287 2479 Ponit
1309 2435 1377 2515 Ιέ6.
1403 2478 1493 2524 ἐκεῖ]

99 2523 180 2568 εἰκῇ
203 2524 284 2558 FW
465 2527 524 2563 82.
560 2528 635 2561 τιῦν
659 2527 709 2571 μὴ
734 2529 762 2562 Ι
765 2529 845 2562 HV
868 2530 978 2568 Bas,
1010 2528 1139 2562 caeteri
1172 2528 1250 2563 τῶν
1273 2527 1494 2572 μαχομένων

99 2569 164 2606 καὶ
187 2569 237 2615 μή
423 2570 480 2607 85.
504 2574 846 2618 καταψιλωθέντος]
873 2572 978 2609 καθὰ
1000 2573 1234 2618 ψιλωθέντος
1253 2574 1349 2618 Bam

146 2614 187 2651 δὲ
212 2628 281 2651 nm.
306 2617 338 2661 Q
363 2618 447 2652 Bas.
461 2619 564 2663 ,γὰρ
589 2621 620 2654 F
805 2622 863 2656 (Π.
889 2620 1116 2679 βουλόμενος
1139 2620 1178 2656 ἐκ
1202 2632 1348 2655 τουτων
1371 2619 1402 2653 F

192 2662 252 2698 99.
277 2663 472 2710 πυρφόροι
494 2679 536 2711 με
524 2664 575 2710 ν]
603 2667 746 2701 invort‘it
770 2669 800 2701 F
984 2667 1018 2701 2.
1029 2667 1288 2722 ἐνεχθέντων]
1316 2665 1494 2709 έναχθέν-

100 2720 176 2744 των
199 2709 231 2744 F
439 2711 474 2746 4.
498 2712 757 2758 κατεσκεύασε]
783 2715 865 2748 sort.
886 2713 1012 2750 ἐπεσκε
1015 2713 1131 2751 ύασεε
1157 2727 1188 2749 v.
1214 2714 1259 2748 ad
1283 2725 1315 2756 p·
1337 2712 1418 2747 543·
1438 2713 1495 2746 -9·

282 2756 319 2791 6.
344 2759 598 2805 τραυματιῶν]
620 2759 844 2807 τραυμάτων
868 2761 900 2797 F
1084 2761 1143 2798 11.
1173 2759 1407 2807 περιέλαβον]
1431 2771 1495 2796 πε·

100 2800 272 2848 ριέβαλον
298 2804 382 2840 Bas.
