1820 3249
524 147 646 190 LIB.
676 146 785 190 XV1.
843 146 974 189 CAP.
1003 149 1071 190 82.
1096 150 1163 191 83.
1419 149 1530 191 1117

153 265 229 309 κὰὶ
248 263 356 315 τούς
373 263 452 318 μὲν
477 261 576 332 ,περὶ
603 263 693 304 τῶν
712 261 943 304 ἰδιωτικῶν
963 259 1286 333 συμβολαίων
1267 260 1296 317 η“
1323 265 1529 318 κληρονο-

156 326 269 379 μιῶν
309 322 451 365 εἴασεν
489 317 804 387 ἄμεταθέτους,
853 316 956 367 τούς
987 318 1032 360 δὲ
1061 318 1159 371 περὶ
1187 321 1275 360 τῶν
1306 321 1529 390 δημοσίων
1560 324 1614 367 50

154 375 584 432 νενομοθετημένους
621 374 732 429 πρὸς
774 373 854 430 τὴν
895 376 1011 417 ἰδίαν
1046 374 1286 417 ὑπόστασιν
1325 375 1382 425 ὥς
1423 373 1528 418 ποτ’

154 434 295 478 ἐδόκει
321 433 558 489 συμφέρειν
579 431 843 486 διώρθωσεν.
890 430 1114 486 ἐπιστάτης
1145 429 1194 474 δ’
1223 432 1279 486 ἡν
1308 433 1381 474 καὶ
1411 435 1527 485 διορ-

153 491 296 547 θωτής
334 494 428 562 τῆς
447 491 718 559 νομοθεσίας
745 489 947 543 Κέφαλος
976 487 999 532 6
1028 490 1297 542 Κορίνθιος,
1340 487 1450 544 ἀνὴρ
1481 489 1528 531 ἐν

153 549 324 618 παιδείᾳ
361 547 433 590 καὶ
471 545 641 590 συνέσει
678 545 1001 600 δεδοξασμένος
1065 544 1149 589 ἀπο
1188 545 1234 588 δὲ
1263 545 1432 588 τούτων
1462 561 1528 599 γε-
1561 552 1615 594 55

126 604 337 659 ’νόμενος
364 602 470 653 ’τοὺς
506 603 585 658 μὲν
615 604 876 653 Λεοντίνους
917 604 994 653 εἰς’
1013 600 1309 656 Συρακούσας
1348 600 1529 673 μετῴκι-

124 673 240 711 .σεν,
270 663 330 711 εἰς
360 661 406 705 δὲ
432 659 513 715 τήν
547 661 850 715 Καμαριναίαν
889 659 1122 727 οἰκήτορας
1154 659 1374 712 προσθεὶς
1401 657 1530 713 ἐπηύ-

123 740 128 744 ·
151 720 250 773 ξησε
283 717 365 773 τὴν
403 717 543 760 πόλιν.
603 716 802 760 καθόλου
832 717 878 760 δὲ
906 715 1048 759 πάντα
1076 716 1129 759 τοὶ
1158 732 1268 758 κατα
1297 716 1376 771 τὴν
1405 719 1528 758 Σικε-
1557 724 1615 763 83

150 777 251 818 λίαν
280 776 515 844 εἰρηνικῶς
542 773 813 829 καταστήσας
841 773 1012 843 ἐποίησε
1041 789 1118 824 τας
1145 771 1288 822 πόλεις
1317 772 1425 827 ταχὺ
1458 776 1528 814 λα·
1559 781 1614 820 60

124 864 127 867 -
150 835 245 884 βεῖν
271 831 437 901 πολλὴν
467 829 656 898 αὔξησιν
679 830 788 886 πρὸς
819 829 1118 886 εὐδαιμονίαν.
1175 829 1222 872 ἐκ
1251 833 1420 873 πολλοῦ
1444 828 1527 883 γὰρ

149 887 312 943 χρόνον
352 887 426 932 δια
463 887 540 939 τὰς
579 886 749 938 στάσεις
784 888 858 930 καὶ
897 887 1001 938 τοὺς
1039 887 1282 956 ἐμφυλίους
1311 885 1529 955 πολέμους

149 945 210 988 ἔτι
255 946 308 988 δὲ
347 944 398 988 τὸ
443 949 613 1017 πλῆθος
654 949 743 988 τῶν
789 943 1144 1002 ἐπανισταμένων
1186 941 1253 986 άεὶ
1295 941 1528 997 τυράννων

115 1003 197 1044 ἲ-αἱ
224 1002 303 1058 μὲν
330 1000 479 1053 πόλεις
520 1002 670 1057 ἔρημοι
705 1004 794 1044 τῶν
830 1001 1073 1058 οἰκητόρων
1101 1003 1235 1057 ἦσαν,
1286 1002 1332 1043 αἱ
1367 1000 1413 1071 δὲ
1449 1017 1526 1056 χω-

124 1075 224 1111 -ραι
271 1058 343 1102 διὰ
388 1057 468 1115 τὴν
513 1058 670 1114 άργίαν
714 1059 972 1128 ἐξηγρίωντο
1018 1059 1092 1102 καὶ
1132 1073 1314 1112 καρπων
1353 1057 1527 1113 ημέρων
1558 1061 1613 1104 65

148 1114 311 1169 ἄποροι,
347 1115 726 1184 καθειστήκεισαν·
788 1114 884 1158 τότε
932 1116 978 1158 δὲ
1024 1114 1095 1158 δια
1139 1114 1187 1157 τὸ
1231 1119 1402 1168 πλῆθος
1439 1118 1530 1156 τῶν

126 1171 508 1216 ἐπιπολασάντων
537 1172 781 1242 οἰκητόρων
809 1173 883 1215 καὶ
911 1171 983 1215 δια
1012 1171 1089 1227 τὴν
1118 1171 1410 1226 πολυχρόνιον
1439 1170 1530 1214 ἐπι-

72 1230 437 1301 146γεγενημένην
475 1228 653 1285 εἰρήνην
689 1229 1026 1299 ἐξημερωθεῑσαι
1054 1232 1147 1279 ταῖς
1176 1228 1395 1282 ἐργασίαις
1424 1233 1529 1271 πολ-

147 1287 252 1336 λούς
281 1286 356 1329 καὶ
383 1284 695 1337 παντοδαπους
725 1285 957 1356 ἐξήνεγκαν
986 1284 1194 1341 καρπούς.
1253 1284 1441 1335 τούτους
1482 1284 1526 1328 δ’
1560 1292 1615 1329 70

149 1343 194 1385 οἱ
209 1345 468 1386 Σικελιωται
488 1347 719 1393 λυσιτελως
739 1342 1058 1398 πιπράσκοντες
1083 1348 1176 1393 τοῖς
1197 1341 1404 1413 ἐμπόροις
1422 1341 1530 1396 ταχύ

147 1399 509 1470 προςανέδραμον
529 1405 623 1450 ταῖς
645 1399 824 1450 οὐσίαις.
871 1403 1112 1468 τοιγαροῦν
1143 1400 1215 1442 διὰ
1241 1401 1322 1456 τὴν
1352 1399 1398 1441 ἐκ
1432 1398 1530 1442 τού-

146 1471 236 1498 των
266 1454 479 1510 εὐπορίαν
510 1457 649 1499 πολλα
677 1457 751 1500 καὶ
774 1455 937 1511 μεγάλα
956 1455 1283 1512 κατεσκευάσθη
1303 1453 1403 1499 κατ’
1428 1456 1530 1499 ἐκεί-

133 1520 253 1564 νους
280 1528 386 1563 τους
414 1512 602 1567 χρόνους
633 1511 917 1574 ἀναθήματα,
962 1513 1009 1556 ἐν
1048 1514 1126 1569 μὲν
1164 1519 1258 1563 ταῖς
1288 1512 1528 1566 Συρακού-

147 1579 244 1620 σαις
274 1568 298 1612 6
326 1586 438 1613 κατα
467 1570 545 1626 τὴν
574 1573 729 1626 Νῆσον
769 1575 892 1620 οἰκος
926 1569 950 1613 6
986 1568 1350 1642 ἑξηκοντάκλινος
1371 1569 1527 1624 ὀνομα-
1561 1575 1616 1618 75

147 1624 350 1680 ζόμενος,
392 1642 482 1669 των
519 1627 629 1670 κατὰ
664 1643 745 1683 την
775 1628 983 1697 Σικελίαν
1021 1627 1161 1682 ἔργων
1189 1626 1443 1697 ὑπεραίρων
1472 1631 1532 1683 τῷ

101 1721 105 1728 .
147 1683 321 1752 μεγέθει
350 1683 423 1726 καὶ
451 1699 503 1738 τῃ
528 1688 800 1754 κατασκευῇ,
824 1682 896 1753 6³1
934 1684 1219 1727 κατεσκεύασε
1249 1684 1327 1738 μὲν
1355 1672 1533 1738 Ἀγαθο-

144 1743 249 1794 κλῆς
293 1737 316 1782 6
337 1739 602 1809 δυνάστης,
643 1740 715 1784 διὰ
746 1741 792 1784 δὲ
822 1739 870 1783 τὰ
904 1740 1039 1795 βάρος
1068 1745 1158 1783 τῶν
1185 1741 1324 1795 ἔργων
1351 1740 1531 1794 ὑπεραί-

147 1811 240 1848 ρων
269 1794 372 1846 τοῦς
400 1800 490 1840 τῶν
517 1801 637 1840 θεων
667 1796 804 1847 ναοὺς
840 1797 1126 1866 ἐπισημασίας
1157 1798 1303 1853 ἔτυχεν
1333 1797 1418 1840 ὑπο
1450 1801 1532 1840 τοῦ

147 1853 384 1907 δαιμονίου
408 1856 728 1908 κεραυνωθείς,
776 1855 825 1896 οἵ
850 1870 894 1896 τε
934 1854 1053 1908 παρὰ
1081 1854 1160 1897 τὸν
1189 1854 1346 1909 μικρὸν
1376 1855 1529 1909 λιμένα
1561 1862 1613 1900 80

146 1908 323 1964 πύργοι,
350 1908 428 1960 τὰς
458 1909 536 1965 μὲν
565 1910 809 1966 ἐπιγραφὰς
836 1910 1001 1966 ἔχοντες
1032 1911 1113 1961 ἐξ“
1095 1916 1356 1981 ετερογενῶν
1374 1915 1528 1963 λίθων,

147 1967 455 2020 σημαίνοντες
470 1967 516 2010 65
555 1967 635 2023 τήν
663 1972 742 2011 τοῦ
773 1967 1180 2019 κατασκευάσαντος
1211 1966 1372 2037 αὐτούς
1401 1985 1528 2021 προς-

145 2023 348 2093 ηγορίαν
357 2021 692 2094 Ἀγαθοκλέους,
743 2024 905 2079 ὁμοίως
945 2025 990 2067 δὲ
1019 2025 1191 2076 τούτοις
1205 2026 1385 2096 μικρὸν,
1409 2025 1529 2068 6615-

128 2095 228 2132 ,ρον
266 2078 349 2123 ’ὑπὸ
378 2078 575 2135 Ιέρωνος
603 2086 683 2124 τοῦ
713 2081 923 2137 βασιλέως
951 2080 1002 2124 τό
1032 2097 1075 2125 τε
1106 2099 1216 2125 κατα
1246 2099 1325 2137 την
1360 2080 1528 2136 άγορὰν
1560 2089 1613 2129 85

141 2133 408 2191 Ὀλύμπιον,
451 2138 524 2180 καὶ
556 2136 578 2181 6
607 2141 794 2209 πλησίον
823 2142 903 2181 τοῦ
933 2137 1126 2192 θεάτρου
1156 2139 1331 2195 βωμός,
1374 2138 1423 2182 τὸ
1454 2139 1533 2194 μὲν

145 2196 282 2262 μῆκος
313 2193 376 2236 ὠν
405 2195 705 2245 σταδίου,τό
737 2194 784 2238 δ’
815 2195 930 2245 υψος
959 2195 1030 2238 καὶ
1059 2195 1222 2246 πλάτος
1253 2197 1362 2256 ε’χων
1390 2196 1531 2252 τούτῳ

145 2265 254 2292 κατα
283 2249 427 2304 λόγον.
487 2252 535 2296 ἐν
565 2252 611 2296 δε
640 2257 734 2302 ταῖς
762 2251 960 2295 ἐλάττοσι
993 2251 1185 2301 πόλεσιν,
1217 2253 1265 2296 ἐν
1296 2256 1364 2304 αἱς
1396 2253 1423 2308 ἡ
1445 2258 1534 2295 τῶν

142 2303 429 2361 ’Λγυριναίων
457 2314 804 2366 καταριθμεῖται,
835 2313 1108 2365 μετασχοῦσα
1138 2327 1212 2367 της
1231 2309 1327 2354 τότε
1346 2315 1532 2366 κληρου-

147 2418 204 2454 49.
250 2420 446 2457 ἰδιωτικων
469 2423 743 2481 Wessdingius,
777 2424 882 2459 ἰδίων
906 2424 984 2465 FL,
1017 2425 1145 2459 caeteri
1177 2425 1338 2460 ἰδιωτων

148 2464 206 2499 56·
252 2467 469 2514 μετῴκισεν]
494 2483 694 2519 κατῳκισεν
719 2471 769 2513 F,
791 2468 1002 2528 κατῴκησεν
1027 2471 1055 2504 L
1240 2471 1530 2515 Καμαριναίαν]

151 2512 372 2547 Camarinam
396 2516 527 2560 Cospns
711 2517 768 2551 63.
817 2515 896 2561 ἀεὶ]
924 2517 994 2552 αἰεὶ
1018 2517 1084 2550 FT
1269 2519 1326 2553 (55.
1375 2517 1528 2562 ἄποροι]

147 2554 290 2602 ἔφοροι
311 2560 506 2604 Stephanus

239 2617 317 2651 146.
342 2618 398 2652 68.
429 2618 739 2666 ἕξημερωθεῖσαι]
762 2620 1055 2664 ἐξηρεμωθεῖσαι
1078 2621 1107 2655 L
1129 2621 1211 2654 Bas.
1358 2620 1414 2655 69.
1447 2618 1528 2663 ἐξή-

146 2664 293 2717 νεγκαν]
322 2661 486 2708 ἐξήνεγκε
509 2668 537 2701 L
559 2667 642 2702 Bas.
831 2668 887 2701 sl.
925 2665 1085 2711 ἔχοντες]
1109 2665 1229 2710 ἔχουσι
1254 2667 1284 2700 F
1470 2667 1526 2700 83.

145 2707 293 2749 τούτοις
316 2721 383 2744 om.
407 2711 491 2746 Bas.
675 2713 733 2749 85.
780 2710 980 2756 Ὀλύμπιον
1005 2714 1097 2746 FL'I
1120 2716 1224 2756 Bas„
1247 2712 1374 2746 caeteri
1397 2709 1526 2755 Ὀλυμ-

144 2758 250 2790 πεῖον
433 2757 490 2792 88.
537 2756 724 2804 ἐλάττοσι]
763 2758 900 2795 ἐλάττω
926 2761 958 2793 Τ
982 2760 1066 2794 Bas.
1256 2757 1526 2804 Α’γυριναίων]

143 2800 424 2848 Ἀργυῤῥιναίων
446 2805 529 2839 Bas.
