1820 3249
514 167 630 210 LlB.
659 166 749 209 XX.
809 166 941 209 cAl’.
969 171 1039 212 63
1065 170 1513 212 64.1517

142 286 230 341 σθῇ
257 285 321 340 τῷ
356 284 437 326 τοῦ
457 279 662 336 κουρέως
691 277 858 349 σιδήρῳ
893 280 1189 337 παραβάλλειν
1216 281 1268 325 τὰ
1300 279 1514 337 uvpccovw

140 358 194 386 τα
221 341 328 410 μέρη
353 343 436 382 τοῦ
464 337 683 393 σώματος·
719 339 756 380 εἰ
786 337 833 380 δὲ
861 339 935 380 καί
962 354 1065 382 ποτε
1090 340 1211 394 χρεία
1239 338 1410 410 γένοιτο
1433 339 1515 394 τήν

116 395 336 453 ,κεφαλὴν
364 394 710 464 ἀποκείρασθαι,
740 392 936 447 περιέκαε
964 394 1042 445 τοὶς
1069 398 1227 449 τρίχας,
1249 397 1353 452 μίαν
1375 395 1514 466 ασφοὲ-

141 458 262 498 λειαν
301 453 563 506 τυραννίόος
602 449 956 519 ἀποφαινόμενος
999 451 1077 507 τὴν
1127 452 1341 495 ἀπιστίαν.
1406 451 1430 495 6
1469 450 1510 495 δ’
1541 456 1596 495 20

144 513 230 554 ούν
262 507 529 580 Ἀγαθοκλῆς
548 505 687 576 παρὰ
722 506 801 550 τὸν
843 505 980 550 πότον
1015 507 1164 562 λαβὼν
1203 507 1340 562 ῥυτὸν
1377 508 1514 564 μέγαν

141 569 336 636 χρυσοῦν
371 561 489 608 εἶπεν
527 580 586 614 ως
623 561 678 607 οὐ
707 562 922 618 πρότερον
958 562 1122 632 ἀπέστη
1153 582 1228 620 της
1255 581 1515 622 κεραμευτιε

139 627 218 679 κῆς
245 622 412 692 τέχνης,
454 620 534 671 ἕως
571 623 755 664 τοιαῦτα
793 619 1057 673 ἐκπωματων
1086 621 1315 692 πλάσματα
1346 626 1514 676 φιλοτε-

138 682 256 750 χνῶν
292 677 620 746 ἐκεραμεύσατο.
680 674 744 720 ού
772 676 857 731 γάρ
889 693 1120 733 απηρνειτο
1158 695 1238 735 την
1268 678 1514 747 ἐπιστήμην,
1545 676 1600 720 25

141 734 253 779 αλλὰ
285 735 361 778 καὶ
396 731 657 777 τούναντίον
695 733 930 789 ἐκαυχᾶτο,
980 734 1052 776 διὰ
1092 738 1168 790 τῆς
1213 736 1326 785 ἰδίας
1365 734 1521 790 ἀρετῆς

142 789 499 862 αποφαινόμενος
538 788 634 833 ἀντὶ
671 794 750 834 τοῦ
780 790 1095 834 ταπεινοτάτου
1126 792 1229 847 βίου
1257 791 1336 834 τὸν
1366 792 1520 862 ἐπιφα-

140 847 349 892 νέστατον
385 847 697 917 μετειληφέναι.
753 849 826 890 καί
863 863 968 890 ποτε
1005 851 1351 917 πολιορκοῦντος
1381 847 1520 891 αὐτοῦ

141 920 240 948 τινα
268 920 359 947 των
387 902 470 947 οὐκ
500 902 673 956 ἀδόξων
701 901 884 955 πόλεων,
906 904 978 947 καὶ
1008 920 1097 946 των
1127 903 1213 972 α’πό
1242 908 1323 947 τοῦ
1351 907 1519 959 τείχους

141 959 366 1030 βοώντων,
387 963 590 1015 Κεραμεῦ
611 960 684 1003 καὶ
711 964 906 1014 καμινεῦ,
935 958 1040 1004 πότε
1069 977 1175 1012 τους
1191 960 1390 1031 μισθοὺς
1411 961 1517 1004 ἄπο-
1549 960 1604 1001 30

143 1017 299 1068 δώσεις
322 1021 414 1068 τοῖς
443 1016 743 1071 στρατιώταιςς
765 1016 1011 1087 ὑπολαβων
1040 1022 1174 1069 ειπεν,
1191 1017 1330 1061 Όταν
1353 1017 1522 1087 ταύτην

141 1075 284 1126 ἐξέλω.
343 1071 398 1116 οὐ
436 1073 525 1141 μήν
565 1072 675 1115 αλλα
709 1073 781 1115 διὰ
815 1073 897 1128 τήν
934 1073 982 1116 ἐν
1011 1079 1103 1123 τοῖς
1132 1072 1284 1124 πότοις
1318 1073 1522 1128 εὐτραπε-

140 1132 254 1173 λίαν
263 1128 537 1184 κατανοήσας
555 1133 644 1172 τῶν
662 1127 920 1183 μεθυόντων
947 1145 1053 1180 τους
1073 1128 1308 1182 ἀλλοτρίως
1336 1130 1389 1174 τοὶ
1411 1130 1522 1184 πρὸς

139 1187 220 1240 τὴν
256 1186 517 1228 δυναστείαν
553 1185 752 1240 ἔχοντας,
792 1186 1038 1257 παρέλαβεν
1075 1185 1241 1237 αὐτούς
1278 1203 1383 1230 ποτε
1419 1185 1516 1230 κατ’

141 1243 261 1285 ἰδίαν
287 1240 423 1285 παλιν
459 1241 527 1284 ἐπι
561 1242 642 1297 τὴν
677 1242 869 1285 ἑστίασιν
906 1244 979 1285 καὶ
1008 1258 1096 1284 των
1133 1243 1278 1286 ἄλλων
1313 1247 1519 1296 Συρακο-
1547 1243 1603 1287 35

143 1300 251 1342 σίων
290 1297 396 1348 τούς
429 1297 614 1367 μάλιστα
650 1298 1166 1370 πεφρονηματισμένους,
1203 1300 1283 1342 τὸν
1323 1298 1518 1368 αριθμὸν

142 1356 458 1424 πεντακοσίους
493 1353 640 1405 ὄντας·
691 1358 757 1405 οἱς
801 1355 1061 1410 περιστήσας
1096 1359 1186 1398 τῶν
1224 1355 1520 1412 μισθοφόρων

143 1410 248 1462 τούς
284 1408 493 1461 εὐθέτους
530 1410 738 1480 ἅπαντας,
762 1410 994 1484 απέσφαξε.
1059 1411 1240 1467 σφόδρα
1277 1429 1362 1480 γαρ
1394 1413 1522 1456 εὐλα-

145 1471 261 1523 βεῖτο
278 1466 337 1522 μὴ
365 1467 654 1522 χωρισθέντος
683 1465 824 1511 αὐτοῦ
852 1469 913 1519 εἷς
941 1468 1114 1524 Λιβύην
1142 1468 1421 1514 καταλύσωσι
1442 1469 1524 1526 τήν
1552 1469 1609 1513 40

67 1525 135 1565 454
148 1525 405 1579 δυναστείαν
432 1523 791 1580 ἐπικαλεσάμενοι
819 1524 923 1575 τούς
951 1525 1057 1580 μετὰ
1085 1524 1414 1580 Δεινοκράτους
1442 1543 1526 1583 φυ-

172 1574 293 1631 άδας.

142 1598 169 1637 γ
261 1639 432 1680 Τοῦτον
461 1635 508 1679 δε
536 1635 615 1680 τόν
643 1636 809 1692 τρόπον
840 1635 1192 1693 οἷσφαλισαμενος
1223 1638 1277 1681 τὰ
1305 1638 1415 1682 κατὰ
1444 1638 1526 1696 τὴν

140 1691 284 1750 αρχὴν
318 1692 567 1744 ἐξέπλευσεν
606 1693 652 1736 ἐκ
692 1698 782 1737 τῶν
807 1698 1128 1746 Συρακουσων.
1189 1695 1263 1738 καὶ
1300 1698 1526 1750 κομισθεὶς
1555 1700 1613 1738 6-1

148 1752 209 1801 εἰς
225 1749 418 1819 Λιβύην
462 1749 668 1804 κατέλαβε
715 1750 765 1793 τό
815 1749 1110 1805 στρατόπεδον
1157 1751 1204 1795 ἐν
1248 1751 1418 1810 αθυμίᾳ
1453 1755 1528 1796 καὶ
1556 1756 1612 1798 45

149 1804 303 1850 σπανει
331 1809 494 1862 πολλῇ·
525 1805 675 1860 διόπερ
709 1808 873 1875 κρίνων
913 1808 1153 1862 συμφέρειν
1182 1798 1527 1864 διαγωνίζέσθαι,

147 1860 409 1930 παρεκάλεσε
437 1879 542 1913 τους
571 1862 837 1916 στρατιώτας
867 1865 928 1913 εἰς
955 1864 1034 1907 τόν
1062 1866 1286 1918 κίνδυνον,
1317 1869 1389 1910 καὶ
1423 1882 1530 1920 προ-

150 1935 324 1974 αγαγων
343 1919 422 1974 τὴν
442 1918 631 1974 δύναμιν
658 1919 972 1980 ἐκτεταγμένην
996 1925 1278 1975 προεκαλεῖτο
1300 1922 1404 1973 τοὺς
1425 1926 1531 1979 βαρ·

149 1975 316 2044 βαρους
360 1977 421 2025 εἰς
460 1992 611 2030 μαχηυ
669 1980 753 2031 εἰχε
793 1977 840 2019 δὲ
876 1979 1031 2029 πεζοὺς
1078 1978 1157 2032 μὲν
1193 1978 1298 2029 τούς
1334 1979 1530 2031 ἅπαντας

150 2031 521 2087 ὑπολειπομένους
542 2033 755 2087 ’Έλληνας
792 2032 1117 2104 έξακιςχιλίους,
1151 2035 1342 2087 Κελτούς
1379 2037 1424 2079 δὲ
1453 2038 1528 2080 καὶ
1558 2041 1612 2084 50

149 2090 373 2157 Σαμνίτας
397 2089 472 2131 καὶ
511 2088 768 2144 Τυρρηνους
795 2088 966 2133 τούτων
995 2088 1077 2134 οὐκ
1107 2091 1329 2144 έλαττους,
1359 2095 1528 2154 Λίβυας

152 2145 199 2189 δὲ
227 2144 386 2215 μικρὸν
415 2143 730 2195 απολείποντας
754 2149 842 2188 τῶν
872 2148 1055 2201 μυρίων,
1075 2146 1154 2198 οὓς
1180 2147 1393 2203 ἐφέδρους
1415 2166 1529 2193 ειναι

153 2201 400 2271 συνέβαινε,
430 2203 920 2271 συμμεταβαλλομένους
951 2202 1016 2246 αεὶ
1042 2209 1133 2255 τοῖς
1161 2211 1344 2258 καιροῖς.
1398 2209 1529 2278 χωρὶς

154 2258 215 2314 δὲ
229 2256 398 2302 τούτων
426 2257 712 2315 ἠκολούθουν
748 2261 890 2311 ἱππεῖς
918 2261 1049 2315 χίλιοι
1074 2260 1373 2314 πεντακόσιοι,
1403 2265 1527 2320 ζεύγη
1559 2267 1613 2311 55

154 2382 213 2417 17.
244 2379 512 2429 παραβάλλειν]
546 2385 738 2429 παραεβαλ
741 2386 777 2419 ἴν
805 2385 889 2421 Ba<
1074 2386 1130 2421 19.
1163 2386 1353 2433 περιέκαε]
1378 2388 1535 2422 scriben-

155 2428 239 2462 dum
261 2430 442 2473 περιέκαιε
625 2431 682 2465 23.
705 2429 921 2475 πλάσματα]
947 2433 1169 2475 πλασματων
1193 2435 1240 2468 W
1384 2436 1442 2469 29.
1467 2448 1532 2469 κα·-

155 2475 283 2520 μινεῦ]
319 2476 490 2521 κεραμιεῦ
519 2477 602 2510 Bas.
756 2477 814 2511 33.
837 2476 883 2512 τοὶ
907 2489 978 2511 om,
1000 2479 1048 2511 w
1206 2479 1263 2514 35.
1290 2482 1533 2526 Συρακοσίων

156 2521 240 2556 Bas.
401 2521 459 2555 39.
489 2521 608 2557 αὐτοῦ
629 2522 681 2563 εἰς
704 2522 862 2577 Λιβύην]
888 2525 938 2563 εἰς
962 2524 1094 2570 λιβύην
1117 2523 1238 2562 αύτοῦ
1260 2526 1290 2560 F

248 2565 327 2601 45}-
374 2567 430 2601 41.
454 2568 648 2614 κατέλαβε]
671 2569 888 2616 κατελάβετο
913 2571 988 2603 Fw
1015 2575 1048 2604 et
1072 2572 1200 2605 omisso
1223 2570 1265 2607 τὸ
1288 2573 1373 2606 Bas.

203 2611 259 2647 45.
294 2612 458 2657 κρίνων]
482 2616 611 2658 κρίνας
634 2616 708 2650 Fw
893 2616 950 2652 47.
974 2617 1218 2674 προαγαγών]
1248 2616 1478 2663 προαπαγών
1501 2619 1532 2654 F

434 2660 507 2704 εἰς]
545 2659 582 2702 ἐς
614 2661 643 2696 F
827 2661 883 2697 49.
915 2663 1045 2703 πεζούς
1075 2676 1142 2706 μεν
1174 2676 1244 2699 om.
1271 2665 1349 2697 FW

159 2699 454 2747 ὑπολιπομένους
479 2707 508 2739 F
691 2706 748 2743 50.
787 2708 977 2751 Σαμνίτας
1001 2727 1043 2734 ·—
1064 2709 1223 2756 τούτων]
1249 2711 1437 2750 Σαυνίτας
1468 2710 1533 2752 (sic

158 2754 194 2784 et
215 2750 259 2793 F)
283 2751 357 2784 τῶν
380 2753 522 2795 μυρίων
544 2753 578 2787 X
730 2753 788 2791 52.
812 2752 1063 2796 ἀπολιπόντας
1085 2757 1115 2790 F
1262 2756 1319 2791 53.
1352 2767 1533 2801 συμμετα-

156 2795 392 2842 βαλλομένοις
415 2798 445 2832 F
