1820 3249
356 190 466 229 1006
727 186 847 229 LIB
875 186 965 228 XV.
1023 187 1154 230 CAP.
1181 192 1251 232 63.
1286 194 1356 234 64.

355 296 628 357 αὐθημερόν,
668 296 800 350 ὄντας
836 300 1023 372 μυρίους
1062 300 1137 344 καὶ
1176 302 1421 356 διςχιλίους.
1485 301 1728 359 Ἰφικράτης

352 356 432 411 μὲν
454 358 548 405 οὐν,
563 354 835 426 προθύμους
863 356 972 411 ἔχων
999 356 1105 408 τούς
1129 358 1405 410 στρατιώτας,
1435 364 1596 429 προῆγε
1620 361 1724 415 μετά

351 428 429 468 της
462 411 688 468 δυνάμεως
716 412 826 456 κατὰ
856 411 1161 468 σπουδήν.οί
1192 413 1237 457 δὲ
1267 415 1610 472 Λακεδαιμόνιοι
1637 433 1726 460 των

349 471 571 523 πολεμίων
600 469 669 513 ἐπὶ
699 469 804 520 τούς
833 469 965 524 ὅρους
991 474 1072 541 τῆς
1097 474 1358 541 Λακωνικῆς
1385 485 1729 541 καταστρατοπε-

267 534 323 574 30
353 525 575 570 δευόντων
602 526 675 570 καὶ
705 523 834 569 αὐτοὶ
864 526 1078 598 πανδημεὶ
1105 526 1187 595 τήν
1226 527 1273 570 ἐκ
1300 532 1377 584 τῆς
1405 527 1613 585 Σπάρτης
1642 531 1730 582 ἔξο-

351 584 433 627 δον
460 582 750 639 ποιησάμενοι
779 587 978 653 προῆγον
1014 582 1084 626 ἐπὶ
1112 581 1217 634 τοὺς
1246 584 1490 636 ἐναντίους,
1528 590 1622 637 ταῖς
1649 587 1730 641 μὲν

349 653 440 685 των
476 643 753 695 στρατιωτῶν
795 638 1006 708 δυνάμεσι
1032 656 1412 711 τεταπεινωμενοι,
1452 647 1548 693 ταῖς
1580 643 1626 686 δὲ
1654 647 1731 697 τῆς

350 701 491 768 ψυχῆς
521 698 691 768 ἀρεταῖς
720 696 1048 767 τεθαρρηκότες.
1084 698 1128 740 οἱ
1155 696 1234 754 μὲν
1263 704 1346 742 οὐν
1375 700 1472 755 περὶ
1498 700 1576 743 τὸν
1599 697 1732 743 Επα-

266 761 320 803 35
349 754 596 813 μεινώνδαν
617 752 805 812 ὁρῶντες
825 753 912 823 τὴν
940 770 1028 797 των
1056 756 1415 823 Λακεδαιμονίων
1444 754 1592 811 χώραν
1621 758 1730 806 δυς-

353 815 551 868 είςβολον
580 813 743 859 οὐσαν,
787 809 838 853 τὸ
867 810 947 880 μὲν
971 809 1120 878 ἀθρόᾳ
1148 812 1385 881 τηλικαύτῃ
1417 812 1599 869 δυνάμει
1631 828 1730 856 ποι-

353 875 500 912 εῖσθαι
528 866 609 924 τήν
637 866 828 923 ἐμβολὴν
847 866 929 923 οὐχ
955 866 1147 936 ἡγοῦντο
1176 868 1432 924 συμφέρειν,
1462 871 1521 920 εἰς
1549 870 1732 939 τέτταρα

353 925 399 969 δὲ
429 925 535 981 μέρη
576 924 815 979 διελόμενοι
845 927 961 996 σφοῖς
1000 922 1162 974 αὐτούς
1197 941 1308 968 κατα
1337 928 1541 982 πλείονας
1568 924 1732 975 τόπους

266 968 367 1007 ⁶4⁷
354 983 531 1037 ε’κριναν
559 986 783 1025 ποιεῖσθαι
810 979 893 1049 τὴν
920 980 1094 1037 ἔφοδον.
1144 979 1184 1052 ἡ
1202 981 1281 1036 μὲν
1311 984 1395 1025 οὐν
1419 983 1574 1054 πρώτη
1610 983 1732 1039 μερὶς

268 1025 322 1066 40
352 1044 441 1082 τῶν
472 1042 680 1082 Βοιωτῶν
708 1039 811 1094 ι’σην
843 1035 924 1106 τήν
953 1038 1138 1092 πορείαν
1167 1036 1399 1107 ἐποιήσατο
1430 1040 1499 1082 ἐπὶ
1527 1055 1607 1095 την
1625 1043 1732 1082 Σελ-

349 1097 506 1140 λασίαν
543 1093 821 1151 καλουμένην
857 1094 1007 1144 πόλιν,
1044 1094 1119 1137 καὶ
1147 1094 1251 1146 τοὺς
1287 1098 1388 1152 τηδε
1417 1099 1733 1146 κατοικοῦντας

350 1151 560 1208 ἀπέστησε
609 1155 698 1195 τῶν
736 1152 1108 1222 Λακεδαιμονίων
1162 1150 1346 1207 Ἀργεῖοι
1393 1153 1439 1196 δὲ
1478 1152 1588 1196 κατά
1626 1151 1733 1202 τούς

355 1210 491 1263 ὅρους
519 1212 595 1264 τῆς
628 1207 882 1276 Τεγεάτιδος
908 1207 1051 1277 χώρας
1079 1207 1337 1264 ἐμβαλόντες
1365 1213 1570 1279 συνῆψαν
1590 1209 1731 1265 μάχην

268 1270 324 1315 45
353 1271 445 1317 τοῖς
472 1269 724 1337 φρουροῦσι
760 1264 836 1315 τὰς
864 1264 1113 1319 παρόδους,
1151 1266 1226 1309 καὶ
1253 1265 1332 1309 τόν
1359 1282 1404 1310 τε
1432 1265 1626 1337 ηγεμόνα
1655 1269 1733 1319 τῆς

353 1327 572 1396 φρουρᾶς
591 1320 875 1374 Ἀλέξανδρον
906 1323 986 1365 τὸν
1000 1322 1296 1391 Σπαρτιάτην
1327 1320 1501 1366 άνεῖλον
1538 1323 1614 1366 καὶ
1642 1325 1732 1365 τῶν

351 1380 495 1425 άλλων
535 1381 596 1430 είς
639 1380 893 1429 διακοσίους
930 1376 1207 1432 ἀπέκτειναν,
1253 1380 1301 1422 ἐν
1338 1378 1404 1430 οἷς
1432 1379 1631 1450 υπῆρχον
1658 1378 1733 1422 καὶ

351 1439 397 1481 οἱ
433 1440 524 1480 τῶν
564 1439 774 1480 Βοιωτῶν
812 1434 1020 1491 φυγάδες.
1066 1433 1095 1490 ἡ
1139 1437 1185 1479 δὲ
1223 1437 1343 1492 τρίτη
1382 1438 1522 1491 μερίς,
1560 1436 1609 1479 ἐκ
1643 1439 1734 1478 τῶν

349 1493 571 1549 Ἀρκάδων
599 1497 888 1562 συνεστηκυῖα
916 1493 990 1535 καὶ
1017 1490 1282 1546 στρατιώτας
1309 1493 1468 1563 ἔχουσα
1489 1493 1732 1543 πλείστους,

267 1556 323 1600 50
354 1553 433 1602 είςε
417 1551 569 1606 έβαλεν
598 1551 658 1600 εἰς
685 1549 766 1618 τὴν
795 1552 1002 1618 Σκιρῖτιν
1027 1549 1300 1605 καλουμένην
1328 1547 1489 1605 χώραν,
1518 1548 1575 1605 ἣν
1603 1564 1732 1603 παρε-

351 1608 570 1676 φύλαττεν
592 1604 804 1662 Ἰσχόλας,
835 1604 945 1661 ἀνήρ
976 1603 1158 1666 ἀνδρείᾳ
1186 1606 1258 1649 καὶ
1289 1606 1460 1649 συνέσει
1490 1605 1730 1675 διαφέρων,

351 1663 458 1721 μετὰ
486 1667 662 1707 πολλῶν
693 1666 980 1716 στρατιωτῶν.
1027 1667 1157 1713 οὑτος
1187 1662 1233 1705 δὲ
1261 1666 1350 1705 τῶν
1353 1661 1731 1731 ἐπιφανεστάτων

353 1734 630 1774 στρατιωτων
677 1718 948 1763 ἐπετελέσατο
995 1720 1153 1788 πραξιν
1197 1717 1393 1776 ἡρωικήν
1439 1719 1513 1763 καὶ
1560 1717 1731 1787 μνήμης

267 1780 321 1824 55
352 1778 489 1830 ἀξίαν.
532 1777 653 1846 ὁρων
675 1792 760 1831 γαρ
792 1775 858 1822 ὅτι
888 1774 961 1819 διὰ
987 1775 1037 1818 τό
1067 1779 1234 1831 πλῆθος
1260 1779 1350 1819 τῶν
1376 1776 1596 1845 πολεμίων
1620 1773 1730 1818 πάν-

347 1851 418 1885 τες
448 1836 492 1878 οί
522 1832 795 1886 συνάψαντες
821 1831 965 1900 μάχην
992 1830 1370 1902 ἀναιρεθήσονται,
1400 1832 1450 1875 τὸ
1481 1832 1561 1886 μὲν
1589 1836 1730 1875 λιπεῖν

346 1908 430 1949 την
469 1891 517 1934 ἐν
550 1895 645 1942 ταῖς
672 1889 886 1943 παρόδοις
913 1888 1034 1941 τάξιν
1064 1888 1242 1941 ἀνάξιον
1281 1893 1356 1945 τῆς
1384 1888 1591 1944 Σπάρτης
1620 1888 1732 1943 ἔκρι-

347 1965 419 2000 νε,
461 1947 512 1991 τὸ
555 1946 601 1991 δὲ
639 1949 850 1991 διασῶσαι
877 1945 982 1996 τούς
1019 1944 1284 1999 στρατιώτας
1312 1945 1532 2014 χρήσιμον
1554 1946 1731 1989 ἔσεσθαι

349 2023 403 2063 τῃ
434 2005 636 2058 πατρίδι,
667 2002 926 2058 παραδόξως
954 2000 1215 2072 ἀμφοτέρων
1245 2002 1519 2059 προενοήθη,
1550 2001 1625 2045 καὶ
1651 2003 1732 2072 τὴν

267 2068 324 2109 60
352 2062 591 2121 γενομένην
618 2075 724 2104 ποτε
752 2060 851 2114 περὶ
873 2058 1159 2129 Θερμοπύλας
1179 2057 1387 2112 ἀνδρείαν
1414 2063 1495 2103 τοῦ
1521 2058 1733 2114 βασιλέως

352 2120 579 2165 Λεωνίδου
602 2118 839 2172 φιλοτίμως
858 2115 1106 2187 ἐμιμήσατο.
1147 2115 1341 2167 διαλέξας
1358 2132 1442 2172 γαρ
1463 2115 1568 2167 τούς
1586 2115 1731 2168 νέους,

353 2175 541 2227 τούτους
568 2191 647 2231 μεν
677 2174 921 2218 ἀπέστειλεν
950 2175 1009 2225 είς
1036 2173 1116 2230 τὴν
1142 2172 1349 2228 Σπάρτην
1375 2174 1616 2243 χρησίμους
1645 2172 1744 2215 ἐ’σε-”

354 2239 462 2277 σθαι
499 2250 553 2290 τη
583 2230 904 2287 κινδυνευούση
940 2231 1040 2285 περὶ
1074 2234 1162 2274 τῶν
1199 2229 1337 2273 ὅλων·
1376 2229 1506 2280 αὐτὸς
1543 2228 1589 2272 δὲ
1624 2245 1729 2297 μετα

265 2291 323 2335 65
350 2295 441 2336 τῶν
469 2288 776 2348 πρεσβυτέρων
804 2286 1037 2346 φυλάττων
1062 2287 1142 2346 τὴν
1169 2285 1291 2340 τάξιν
1317 2286 1392 2331 καὶ
1419 2284 1608 2337 πολλοὺς
1637 2283 1731 2330 ἀνε-

348 2415 406 2452 34.
428 2414 735 2458 Λακεδαιμονίων
757 2414 982 2458 ΑῈΗῘΚΒΟ,
1001 2412 1128 2448 caeteri
1151 2410 1335 2458 πολεμίων
1469 2411 1528 2446 36.
1553 2409 1728 2457 ἐμβολήν]

338 2462 551 2517 ·εἰςβολὴν]
575 2462 658 2499 Flu
823 2461 882 2496 40.
899 2462 984 2516 ἴσην
1007 2461 1060 2495 nis
1064 2461 1075 2494 i
1100 2458 1345 2500 de1eas‚a1iud
1367 2456 1449 2500 quid
1471 2458 1603 2500 requiri
1626 2458 1729 2491 Reis-

348 2509 411 2543 160
461 2509 660 2551 assentior,
700 2518 898 2553 quanquam
951 2507 981 2542 is
1017 2507 1100 2541 lusit
1146 2505 1458 2546 immemorabilia,
1506 2505 1630 2539 ἰθεῖαν
1669 2503 1728 2537 vel

349 2552 415 2590 δια
439 2556 574 2590 στενῶν
756 2555 814 2589 41.
842 2554 1066 2598 Σελλασίαν]
1091 2547 1279 2588 Ἑλλασίαν
1303 2551 1400 2593 HLQ
1425 2560 1583 2593 semper,
1610 2551 1728 2585 Σελα-

349 2603 436 2637 σίαν
460 2603 476 2636 1
506 2606 541 2635 et
572 2600 648 2644 ipse
682 2611 820 2645 semper
1010 2600 1068 2636 44.
1100 2603 1178 2639 τοῖς
1212 2597 1447 2643 φρουροῦσι]
1483 2594 1570 2640 τούς
1603 2608 1728 2640 φρου-

350 2649 512 2692 ροῦντας
534 2648 600 2681 ΕΚ
782 2646 841 2680 47.
877 2643 1061 2691 ὑπῆρχον]
1086 2646 1180 2691 ἦσαν
1204 2642 1286 2678 FIK
1466 2642 1521 2677 53.
1532 2653 1727 2698 στρατιω-

349 2695 439 2739 των]
466 2693 717 2739 Σπαρτιατων
740 2659 1258 2735 Diar.C1ass.xxx.p.373.‚
1283 2689 1495 2735 στρατηγῶν
1521 2684 1571 2723 ὦν
1596 2689 1727 2723 schae-

349 2742 446 2776 ferns
627 2738 684 2775 55.
720 2736 973 2783 συνάψαντες]
1000 2737 1227 2781 συνάψοντες
1249 2717 1294 2771 'Fl
1477 2734 1534 2769 59.
1559 2733 1728 2779 παραδό-

350 2788 437 2832 ξως]
463 2800 534 2822 ουν
557 2786 653 2820 addit
678 2786 908 2820 Schacferus:
942 2784 1042 2818 aliter
1065 2789 1124 2818 aut
1148 2783 1264 2829 ἔκρινε
1287 2783 1322 2818 in
1346 2781 1566 2838 participium
1590 2785 1728 2816 mutan-

352 2835 436 2869 dum
460 2837 520 2871 aut
543 2834 639 2870 aliud
661 2833 707 2870 ad
731 2831 882 2870 ἔσεσθαι
905 2832 1100 2868 addendum
1124 2841 1157 2865 es
1161 2835 1174 2866 t
1310 2829 1367 2865 60.
1391 2826 1548 2876 ανὸρίαν
1571 2827 1634 2864 ΕΚ
