1820 3249
481 174 754 217 LIB.XV11.
815 174 1480 218 CAP.2.31137

105 289 186 347 τήν
210 287 358 334 Ἀσίαν
385 287 504 358 μετα.
519 290 608 331 τῶν
638 288 803 330 ἱκανῶν
836 288 1132 339 στρατιωτῶν,
1172 286 1280 338 δοὺς
1307 287 1485 338 ἐντολὰς

105 349 290 416 μάλιστα
319 347 396 402 μὲν
426 344 602 413 ἀγαγεῖν
633 348 771 396 ζῶντα
801 343 880 386 τόν
899 343 1134 395 ’,Ἀτταλον
1165 343 1243 386 ἐὰν
1276 343 1322 386 δὲ
1351 349 1483 386 τοῦτο
1513 357 1568 396 70

106 405 165 460 μὴ
186 403 368 477 ᾇύνηται
397 400 761 470 κατεργασασθαι,
794 403 1097 456 δολοφονῆσαι
1124 399 1203 443 τὸν
1232 399 1374 455 ἄνδρα
1404 399 1484 456 τήν

107 464 249 533 ταχίστ
235 477 323 516 ην.
389 462 518 510 οὗτος
555 458 644 530 μὲν
673 462 755 500 οὐν
794 458 948 512 διαβὰς
985 460 1046 508 εἰς
1085 455 1166 528 την
1198 455 1366 508 Ἀσίαν,
1412 459 1484 499 καὶ

110 519 320 586 συμμίξας
348 521 440 567 τοῖς
475 516 572 585 περὶ
602 516 678 558 τὸν
710 516 1000 569 Παρμενίωνα
1029 530 1102 557 και
1131 513 1355 566 Ἀτταλον,
1395 512 1486 557 ἐπε-

106 574 226 645 τήρει
254 573 332 617 τὸν
361 572 519 625 καιρόν
549 589 623 627 της
654 572 1059 626 προκεχειρισμένης
1088 570 1293 641 πράξεως.

215 630 264 673 Ο
293 631 338 673 δὲ
361 629 640 682 Ἀλέξανδρος
669 627 923 682 πυθόμενος
947 627 1138 678 πολλούς
1156 632 1243 670 τῶν
1266 625 1486 697 Ἐλλήνων
1515 605 1568 701 ᾗ,

6 694 42 763 ζ
107 687 350 758 μετεώρους
383 692 495 730 εἰναι
525 687 634 738 πρὸς
662 688 969 740 καινοτομίαν,
1006 686 1066 734 εἰς
1095 684 1261 740 πολλὴν
1293 682 1488 739 ἀγωνίαν
1546 674 1570 700 ⁰

106 744 366 788 ἐνέπιπτεν.
403 743 632 798 Ἀθηναῖοι
681 742 760 797 μὲν
806 759 890 797 γαρ
918 741 1247 810 Δημοσθενους
1283 743 1488 795 δημαγω-

105 818 293 856 γουντος
322 817 430 844 κατα
460 817 549 844 των
573 798 850 843 Μακεδόνων
875 797 956 855 τήν
975 815 1019 841 τε
1040 800 1263 840 Φιλίππου
1273 797 1489 866 τελευτην

108 857 306 913 ἀσμένως
343 857 542 913 ἤκουσαν
579 874 650 899 και
672 860 754 925 τῆς
784 854 1020 912 ηγεμονίας
1049 859 1138 898 τῶν
1163 853 1378 910 Ἑλλήνων
1405 854 1490 897 οὐκ
1520 855 1573 895 80

107 915 348 971 ἐξεχώρουν
377 920 468 965 τοῖς
502 912 754 956 Μακεδόσι’
812 910 1261 968 διαπρεσβευσάμενοι
1302 911 1348 954 δὲ
1378 911 1492 965 πρός

96 971 307 1015 ’Ἄτταλον
336 972 383 1014 ἐν
413 969 680 1026 ἄπορῥήτοις
710 972 988 1012 συνετίθεντο
1025 969 1369 1024 κοινοπραγίαν,
1417 968 1493 1011 καὶ

107 1028 271 1079 πολλας
307 1032 397 1071 τῶν
434 1030 605 1070 πόλεων
638 1027 959 1080 προετρέποντο
990 1030 1064 1081 τῆς
1094 1026 1345 1080 ἐλευθερίας
1376 1023 1495 1067 ἀντέ-

106 1092 287 1141 χεσθαι·
320 1085 506 1128 Αἰτωλοὶ
537 1084 582 1127 ὸὲ
612 1084 817 1137 κατάγειν
845 1100 951 1133 τους
974 1083 1016 1135 ἐξ
1045 1082 1331 1137 Ἀκαρνανίας
1352 1080 1492 1136 φυγά-

108 1145 186 1193 δας
216 1143 486 1197 ἐψηφίσαντο
518 1142 591 1185 διὰ
619 1143 841 1184 Φιλίππου
870 1146 1026 1192 πεῖραν
1056 1138 1288 1209 εἰληφότας
1310 1142 1385 1194 τῆς
1409 1155 1490 1208 φυ-

108 1203 206 1255 γῆς·
233 1198 548 1255 Ἀμβρακιῶται
578 1198 624 1241 ὁὲ
645 1198 896 1249 πεισθέντες
911 1195 1186 1267 Ἀρισταρχῳ
1206 1195 1287 1264 τήν
1306 1211 1385 1251 μεν
1401 1194 1490 1238 ὑπὸ

34 1263 99 1298 162
119 1257 338 1299 Φιλίππου
367 1260 716 1299 κατασταθεῖσαν
746 1271 954 1324 φρουραν
985 1254 1201 1322 ἐξέβαλον,
1231 1251 1310 1308 τὴν
1341 1253 1386 1295 ὁὲ
1416 1251 1493 1294 πό-

109 1317 180 1356 λιν
219 1314 428 1368 ἐποίησαν
464 1315 859 1368 δημοκρατεῖσθαι·
906 1310 1068 1379 ὁμοίως
1110 1309 1156 1354 δὲ
1193 1309 1369 1359 τούτοις
1412 1312 1495 1364 Θη-

111 1372 232 1425 βαῖοι
260 1371 338 1425 τὴν
351 1369 448 1440 μὲν
479 1369 526 1412 ἐν
556 1386 618 1437 τῃ
640 1370 839 1425 Καδμεία
876 1367 1083 1424 φρουρὰν
1114 1368 1311 1422 εκβαλεῖν
1341 1366 1495 1434 ἐψηφί-
1524 1368 1578 1408 90

112 1438 268 1478 σαντο,
307 1429 369 1482 τῷ
402 1425 448 1469 δ’
475 1424 740 1497 Ἀλεξάνδρῳ
771 1427 829 1481 μὴ
861 1429 1100 1480 συγχωρεῖν
1128 1424 1208 1480 τήν
1237 1439 1326 1466 των
1343 1421 1496 1492 Ελλη-

111 1499 205 1527 νων
233 1482 494 1538 ἡγεμονίαν·
521 1480 729 1535 Ἀρκαὸες
759 1483 806 1525 ὸὲ
837 1481 936 1524 οὔτε
960 1483 1161 1537 Φιλίππῳ
1183 1478 1497 1552 συνεχώρησαν

112 1539 193 1594 τήν
232 1539 476 1609 ἡγεμονίαν
524 1540 656 1610 μόνοι
703 1556 793 1582 των
834 1537 1053 1592 ἰΕλλγνων
1098 1537 1193 1580 οὔτ’
1234 1537 1497 1606 Ἀλεξάνδρῳ

107 1596 373 1669 προςέσχον·
415 1613 504 1640 των
536 1594 580 1639 6'
615 1595 761 1638 ἄλλων
793 1596 1164 1650 Πελοποννησίων
1197 1592 1385 1648 Ἀργεῖοι
1421 1593 1497 1635 καὶ

107 1651 266 1697 Ἠλεῖοι
304 1653 379 1697 καὶ
414 1652 756 1708 Λακεδαιμόνιοι
793 1655 866 1695 καί
910 1668 1024 1703 τινες
1074 1651 1213 1706 ἕτεροι
1257 1651 1370 1705 πρὸς
1413 1650 1496 1706 τήν
1525 1647 1580 1692 95

111 1708 383 1781 αὐτονομίαν
402 1709 633 1780 ω’ρμησαν·
664 1714 751 1752 τῶν
784 1710 829 1752 δὲ
858 1707 1218 1778 ὑπεροικοῦντων
1246 1707 1327 1764 τήν
1346 1711 1500 1750 Μακε-

112 1769 286 1812 δονίαν
297 1767 442 1810 ἐθνων
474 1766 557 1810 οὐκ
588 1765 712 1820 ὀλίγα
737 1766 848 1820 πρὸς
870 1764 1112 1809 απόστασιν
1134 1765 1273 1820 ω’ρμα,
1305 1782 1376 1807 και
1395 1767 1501 1807 πολ-

112 1823 165 1894 λή
201 1823 369 1896 ταραχὴ
409 1829 574 1893 κατεῖχε
605 1822 711 1874 τούς
750 1826 867 1893 τῃὸε
882 1827 1200 1872 κατοικοῦντας
1215 1820 1500 1890 βαρβάρους

115 1879 212 1924 ἀλλ’
244 1880 362 1950 ὅμως
391 1879 662 1935 τηλικούτων
691 1879 961 1950 πραγμάτων
990 1881 1063 1923 καὶ
1091 1877 1318 1950 τοσούτων
1343 1878 1500 1934 φόβων

113 1937 388 2008 κατεχόντων
413 1954 494 1992 την
520 1938 743 1990 βασιλείαν
768 1935 1047 1990 Ἀλέξανδρος
1076 1935 1174 1987 νέος
1191 1935 1254 1979 ω“ν
1276 1938 1500 1984 παντελως
1532 1933 1611 1972 100

114 1994 286 2039 ἅπαντα
314 1993 366 2038 τοὶ
397 1993 508 2037 κατὰ
536 1993 615 2050 τὴν
644 1992 784 2064 ἀρχὴν
810 1996 997 2064 δυςχερῆ
1028 1992 1286 2048 παραδόξως
1305 1992 1379 2035 καὶ
1399 2002 1500 2034 συν-

112 2051 256 2108 τόμως
292 2051 598 2107 κατεστησατο.
658 2050 736 2102 οὓς
776 2051 855 2121 μὲν
891 2051 976 2105 γάρ
1014 2055 1167 2093 πειθοῖ
1201 2051 1274 2093 διὰ
1303 2053 1398 2118 τῆς
1409 2047 1501 2103 ὁμι-

112 2110 208 2160 λίας
239 2125 556 2179 προςηγαγετο,
605 2106 684 2159 οὕς
715 2107 760 2151 δὲ
790 2107 932 2179 φόβῳ
950 2107 1264 2175 διωρθωσατο,
1302 2123 1425 2156 τινας
1456 2104 1502 2148 δε
1532 2128 1558 2171 5

113 2167 189 2223 βία
216 2165 536 2223 χειρωσάμενος
563 2163 788 2222 ὑπηκόους
808 2164 1060 2223 ἐποιήσατο.
1105 2162 1311 2219 πρώτους
1333 2163 1378 2208 δὲ
1402 2165 1500 2206 Θετ-
1530 2188 1559 2227 4

1522 1132 1577 1175 85

115 2343 172 2380 70.
218 2346 352 2392 τοῦτο]
376 2348 512 2384 τοῦτον
537 2347 570 2382 F
768 2344 825 2383 75.
878 2362 898 2383 ο
925 2359 995 2382 om.
1021 2348 1076 2382 Τ.
1103 2344 1160 2383 οἷλ.
1187 2343 1227 2382 δε
1251 2347 1336 2381 Bas.

114 2390 173 2425 78.
218 2405 293 2428 των
317 2406 386 2429 om,
410 2395 440 2428 F
600 2393 657 2430 81.
705 2393 1112 2440 διαπρεσβευσαμενοι]
1148 2389 1507 2439 διαπρεσβευόμενοι

117 2437 148 2470 F
326 2438 589 2498 οἶπορῤήτοις]
625 2437 825 2487 οἷποῤῥήτῳ
861 2442 922 2476 FL
1107 2441 1164 2476 82.
1223 2438 1507 2484 κοινοπραγίαν]

117 2487 380 2531 κοινοπραγίας
401 2488 432 2521 F

209 2553 286 2588 162.
319 2555 377 2590 89.
421 2558 469 2604 τῇ
500 2569 570 2593 om.
599 2557 630 2591 L
829 2555 888 2590 90.
936 2552 977 2591 6'
1008 2557 1092 2590 Bas.
1287 2554 1344 2588 92.
1393 2550 1505 2595 μόνοι

118 2609 188 2655 an.
211 2600 295 2634 Bas.
465 2603 522 2638 94.
563 2601 739 2647 Ἀργεῖοι]
762 2599 918 2647 Ἀργεῖοι
941 2601 1008 2646 μὲν
1033 2603 1094 2636 FL
1262 2600 1320 2635 97.
1371 2598 1501 2642 ὥρμα]

119 2657 267 2691 ὥρμησε
290 2647 320 2680 F
502 2650 560 2686 99.
605 2647 859 2693 τηλικούτων]
899 2650 993 2693 μετοὶ
1017 2646 1250 2693 τηλικούτων
1280 2647 1312 2680 F
1337 2650 1373 2680 et
1397 2647 1425 2680 L
1450 2645 1506 2677 υθῑ

119 2692 153 2725 ’1
323 2693 402 2728 100.
449 2694 688 2753 κατεχόντφν]
718 2696 881 2752 κατέχων
902 2697 931 2729 F
955 2701 989 2730 et
1014 2696 1041 2728 L
1065 2695 1122 2729 vel
1145 2695 1178 2728 T
1356 2692 1388 2724 1
1437 2686 1504 2733 τα]

118 2749 158 2772 τε
182 2751 228 2773 τοι
252 2739 335 2776 Bas.
517 2742 585 2786 τήν
610 2740 755 2801 α’ρχὴν]“
792 2740 908 2798 α’ρχήν
933 2743 962 2776 L
1146 2740 1180 2774 4
1228 2735 1422 2782 νπηκόους
1447 2736 1508 2770 ΙΛ

118 2784 199 2819 ¹3³³·
192 2810 222 2826 w
257 2785 436 2828 ἐπηκόους
460 2787 509 2832 F,
541 2791 673 2824 caeteri
694 2790 758 2825 καὶ
784 2786 925 2829 αὐτους
948 2786 1196 2833 mmmmm,
1227 2796 1318 2830 quac
1338 2782 1508 2819 asterisco

119 2831 255 2866 notauit
279 2831 476 2878 Stephanus

1172 2892 1230 2933 723
