1820 3249
473 202 590 244 LIB.
618 199 726 242 xlx.
782 198 912 240 GAP.
942 199 1010 242 35.
1038 201 1105 243 36.
1358 196 1468 242 1378

107 316 293 389 δάμειάν
328 331 374 360 τε
401 314 481 370 τὴν
509 314 724 358 Αἰακίδου
760 311 982 381 θυγατέρα
1020 313 1100 355 τοῦ
1138 308 1347 380 βασιλέως
1381 324 1471 352 των

107 373 393 429 Ἠπειρωτῶν,
420 342 606 439 Πύρῤου
628 370 674 413 δὲ
703 372 783 412 τοῦ
813 370 922 421 πρὸς
934 367 1173 423 Ῥωμαίους
1186 365 1376 437 Ιὕστερον
1394 381 1471 409 πο-

111 430 374 500 λεμήσαντος
396 426 600 483 ἀδελφήν,
621 426 694 470 καὶ
722 425 799 476 τὰς
812 423 1016 468 Ἀττάλου
1034 423 1290 480 θυγατέρας,
1310 421 1471 478 ὁμοίως
1499 425 1553 467 50

113 487 158 531 δὲ
188 488 261 531 καὶ
289 490 377 530 τῶν
401 485 544 528 ἄλλων
571 487 658 526 τῶν
686 481 1041 551 ἀξιολογωτάτων
1070 483 1211 536 φίλων
1239 496 1342 530 τους
1371 491 1470 533 συγ-

110 549 268 612 γενεῖς,
309 540 411 594 ὡ’ςτ’
441 540 737 610 ἀθροισθῆναι
765 538 863 591 περὶ
893 537 1028 593 αὐτὴν
1056 542 1225 593 πλῆθος
1253 535 1330 592 μὲν
1358 535 1470 579 πολὺ

110 599 360 669 σωμάτωνζ
385 595 568 666 ἀχρείων
598 594 637 640 δ’
670 597 729 647 εἷς
757 595 946 650 πόλεμον
975 598 1062 637 τῶν
1091 596 1319 637 πλείστων·
1368 590 1473 636 οὐδὲ

106 656 190 727 γὰρ
219 657 383 712 τροφῆς
407 652 561 698 ἱκανὸν
589 655 644 709 ἠν
670 656 837 705 πλῆθος
864 657 957 702 τοῖς
986 652 1186 720 μέλλουσι
1213 650 1474 720 πολιορκίαν

107 712 341 768 υπομένειν
363 709 668 781 πολυχρόνιον.
715 715 777 752 ὠν
807 707 1009 752 ἁπάντων
1037 706 1258 777 πρόδηλον
1286 706 1473 761 ἐχόντων
1502 706 1556 750 55

109 769 188 813 τὸν
216 770 425 812 κίνδυνον
454 767 583 810 οὐδὲν
610 768 741 823 ἦττον
770 766 961 809 ἐνταῦθα
991 764 1144 819 διέγνω
1175 764 1331 818 μένειν,
1363 763 1475 805 ἐλπί-

110 830 242 880 ζουσα
272 823 381 894 αὐτῇ
416 823 656 890 βοηθήσειν
693 823 801 867 κατά
837 820 1059 865 θάλατταν
1070 819 1299 889 “Eny'voev
1327 835 1371 861 τε
1401 818 1475 862 καὶ

108 881 384 926 Μακεδόνων
419 878 620 931 πολλούς.
678 884 873 936 συνῆσαν
904 877 945 921 δ’
978 876 1088 947 αὐτῇ
1116 880 1203 919 τῶν
1239 874 1279 919 τ’
1311 875 1352 926 ἐξ
1378 871 1475 929 ’Λμ-

108 940 291 995 βρακίας
319 934 482 980 ἱππέων
505 936 615 987 τινὲς
641 938 715 980 καὶ
742 940 831 980 τῶν
859 935 956 990 περὶ
983 933 1062 990 τὴν
1085 931 1223 988 αὐλὴν
1253 933 1475 976 εἰωθότων
1503 932 1557 973 60

110 997 346 1050 διατρίβειν
374 998 647 1064 στρατιωτῶν
678 996 722 1037 οἱ
747 995 948 1043 πλείους,
979 991 1039 1034 ε’τι
1066 990 1112 1033 δὲ
1142 992 1230 1032 τῶν
1258 988 1362 1044 μετὰ
1389 991 1474 1031 Πο-

107 1051 426 1120 λυσπέρχοντος
464 1049 712 1104 ἐλεφάντων
756 1052 800 1094 οἱ
841 1047 1216 1117 καταλειφθέντες·
1267 1049 1356 1088 τῶν
1396 1060 1475 1100 μεν

108 1108 193 1164 γάρ
239 1107 381 1150 ἄλλων
417 1108 588 1174 θηρίων
639 1106 747 1149 κατὰ
792 1105 871 1161 τὴν
915 1103 1158 1171 προτέραν
1178 1102 1367 1171 ἐμβολὴν
1415 1103 1475 1152 εἰς

108 1164 394 1207 Μακεδονίαν
428 1161 718 1215 Κάσσανδρος
761 1160 1062 1213 ἐκεκυριεύκει
1132 1158 1180 1209 ὃς
1230 1157 1324 1201 τότε
1370 1160 1474 1201 διελ-
1502 1163 1559 1203 36

107 1220 205 1264 θών
235 1219 289 1262 τά
314 1217 422 1262 κατὰ
447 1219 716 1287 Περραιβίαν
745 1217 885 1266 στενά,
915 1234 987 1260 και
1003 1231 1355 1285 παραγενομενος
1371 1220 1475 1270 πλη·
1503 1217 1558 1260 65

107 1279 204 1320 σίον
232 1279 309 1332 τῆς
338 1275 531 1343 Πύδνης,
559 1291 639 1331 την
668 1274 746 1329 μὲν
774 1274 902 1319 πόλιν
931 1271 1302 1329 περιεχαράκωσεν
1330 1271 1376 1314 ἐκ
1396 1276 1476 1315 θα-

107 1331 262 1388 λάττης
297 1333 357 1383 εἰς
378 1330 626 1380 θάλατταν,
665 1331 785 1384 παρὰ
814 1331 860 1374 δὲ
888 1334 975 1373 τῶν
1004 1333 1241 1384 συμμαχεῖν
1272 1327 1477 1383 βουλομέ-

106 1406 199 1433 νων
227 1388 508 1457 μετεπέμπετο
539 1391 647 1437 ναῦς
685 1388 759 1430 καὶ
797 1387 898 1442 βέλη
934 1385 1192 1429 παντοδαπὰ
1233 1385 1307 1428 καὶ
1346 1401 1478 1440 μηχα-

109 1445 211 1496 νάς,
251 1443 564 1514 διανοούμενος
607 1447 857 1512 πολιορκεῖν
899 1442 1002 1494 τούς
1051 1440 1146 1496 μετ’
1184 1439 1479 1494 Ὀλυμπιάδος

108 1503 183 1547 καὶ
211 1501 320 1545 κατά
349 1504 432 1556 γῆν
458 1500 533 1543 καὶ
559 1498 668 1543 κατὰ
696 1498 928 1546 θάλατταν.
975 1497 1233 1568 πυθόμενος
1253 1497 1297 1540 δ’
1328 1500 1478 1541 Alam:-
1507 1506 1562 1546 70

111 1561 193 1614 δην
229 1558 305 1601 τὸν
343 1561 429 1600 τῶν
454 1554 732 1627 Ἠπειρωτῶν
771 1554 949 1612 βασιλέα
979 1554 1097 1625 μετὰ
1123 1551 1347 1608 δυνάμεως
1383 1555 1480 1609 μέλ-

109 1620 202 1659 λειν
229 1613 467 1683 βοηθήσειν
499 1610 779 1666 Ὀλυμπιάδι,
810 1611 1054 1666 στρατηγὸν
1080 1610 1310 1679 εξέπεμψεν
1335 1609 1480 1664 Ἀταρ-

107 1672 238 1725 ρίαν,
291 1670 398 1721 δοὺς
447 1668 749 1742 στρατόπεδον
778 1669 851 1713 καὶ
894 1668 1103 1719 συντάξας
1153 1666 1349 1710 ἀπαντᾶν
1387 1672 1480 1718 τοῖς

106 1726 518 1798 Ἠπειρώταις.οὐ
560 1725 667 1793 ταχύ
704 1725 754 1769 τὰ
795 1724 1063 1779 προςταχθεν
1103 1723 1364 1779 ποιήσαντος
1406 1723 1480 1767 καὶ

110 1785 187 1835 τὰς
225 1785 268 1835 ἐξ
299 1781 505 1851 Ἠπείρου
537 1779 762 1836 παρόδους
799 1780 1270 1852 προκαταλαβομένου,
1294 1779 1476 1836 συνέβη
1506 1787 1563 1830 75

110 1840 189 1884 τὸν
224 1841 439 1912 Αἰακίδην
477 1837 699 1910 ἄπρακτον
735 1838 953 1906 γενέσθαι.
1000 1838 1074 1880 καὶ
1102 1836 1195 1907 γάρ
1224 1835 1274 1880 τὸ
1310 1841 1479 1893 πληθος

111 1912 201 1941 των
224 1894 501 1948 Ἠπειρωτων
530 1896 747 1946 ἀκουσίως
776 1891 1057 1963 ἐστράτευσεν
1096 1892 1164 1936 επὶ
1199 1896 1480 1937 Μακεδονίαν

111 1953 186 1998 καὶ
214 1951 367 1996 στάσιν
396 1951 533 1994 ἐποίει
560 1950 670 1994 κατὰ
698 1967 779 2006 την
807 1949 1108 2021 παρεμβολήν·
1140 1948 1163 1993 ὁ
1194 1947 1234 1993 δ’
1267 1952 1478 2021 Αἰακίδης

112 2010 160 2054 ἐκ
189 2008 353 2059 παντός
383 2006 550 2062 τρόπου
579 2007 846 2078 βουλόμενος
873 2010 1073 2077 βοηθεῖν
1077 2003 1352 2061 Ὀλυμπιάδι,
1373 2008 1477 2059 τούς
1507 2015 1562 2057 80

112 2082 192 2135 μεν
222 2062 457 2119 ἀλλοτρίως
481 2064 784 2132 διακειμένους
812 2062 993 2107 ἀπέλυσε
1022 2067 1097 2119 τῆς
1118 2065 1352 2132 στρατείας,
1374 2080 1479 2116 τους

113 2122 162 2166 δὲ
205 2118 561 2177 συγκινδυνεύειν
598 2121 901 2189 βουλομένους
931 2117 1184 2190 ἀναλαβων,
1221 2122 1479 2191 προθυμίαν

112 2178 193 2248 μὲν
215 2175 305 2248 εἶχε
340 2180 421 2221 τοῦ
450 2176 813 2229 διακινδυνεύειν,
850 2174 932 2220 οὐκ
969 2174 1202 2247 ἀξιόμαχος
1237 2175 1279 2220 δ’
1308 2179 1389 2232 ἠν,
1419 2194 1479 2228 ως

113 2234 170 2277 οἱν
201 2232 365 2303 ὀλίγου
381 2233 772 2304 καταλελειμμένου
792 2237 870 2278 τοῦ
898 2233 996 2287 περὶ
1027 2230 1163 2276 αὐτόν
1193 2234 1478 2288 συστήματος

113 2292 157 2334 οἱ
185 2289 231 2333 δὲ
260 2289 541 2360 χωρισθέντες
568 2293 656 2332 τῶν
683 2287 959 2342 Ἠπειρωτων
988 2290 1048 2340 εἷς
1074 2289 1149 2340 τὰς
1177 2291 1388 2359 πατρίδας
1407 2307 1477 2334 κα·
1507 2297 1562 2339 85

113 2349 398 2390 τεστασίασαν
437 2344 607 2389 ἀπόντα
647 2344 725 2389 τὸν
771 2345 971 2415 βασιλέα
1014 2345 1087 2389 καὶ
1123 2361 1255 2390 κοινω
1297 2344 1480 2416 δόγματι

115 2401 263 2459 φυγὴν
292 2400 430 2447 αὐτοῦ
457 2401 742 2460 καταγνόντες
769 2402 879 2459 πρὸς
905 2401 1194 2457 Κάσσανδρον
1221 2391 1481 2460 εποιήσαντο

117 2605 174 2641 48.
220 2604 375 2650 Πύῤῥου
403 2605 463 2651 δὲ]
498 2605 651 2667 Πύῤῥου
675 2620 713 2644 τε
735 2615 853 2643 omnes
1081 2606 1137 2641 51.
1188 2607 1305 2652 φίλων
1340 2619 1408 2642 om.
1433 2609 1481 2643 W

298 2652 354 2686 53.
400 2653 529 2691 ἱκανὸν
552 2652 620 2700 ἦν]
657 2650 704 2699 ἦν
727 2654 859 2691 ἱκανόν
882 2654 913 2688 F
1094 2653 1151 2687 62.
1199 2655 1370 2700 θηρίων]
1396 2655 1478 2689 libri

116 2698 192 2732 ταῖν
222 2699 370 2743 θηρίων
572 2702 630 2736 66.
676 2698 866 2758 θαλάσσης
889 2719 932 2725 -
956 2695 1146 2734 θάλατταν
1176 2699 1204 2732 F
1417 2700 1475 2734 70.

115 2711 310 2780 θάλασσαν
341 2745 372 2779 F
403 2744 482 2779 Bas.
675 2745 740 2783 τὸν
769 2747 844 2782 τῶν
867 2746 969 2789 FW‚
1011 2745 1136 2779 caeteri
1164 2746 1238 2780 τῶν
1419 2745 1476 2779 72.

114 2785 324 2835 Ἄταρρίαν]
370 2787 555 2836 Ἀτταρίαν
596 2791 644 2827 W
878 2791 936 2826 77.
984 2791 1247 2838 Μακεδονίαν]
1297 2792 1475 2828 Μακεδο-

112 2836 194 2879 νίας
217 2836 283 2872 ΤΥ
