<?xml version="1.0" encoding="UTF-8"?>
<!DOCTYPE html PUBLIC "-//W3C//DTD XHTML 1.0 Transitional//EN"
    "http://www.w3.org/TR/xhtml1/DTD/xhtml1-transitional.dtd">
<html xmlns="http://www.w3.org/1999/xhtml" xml:lang="en" lang="en">
 <head>
  <title>
</title>
<meta http-equiv="Content-Type" content="text/html;charset=utf-8" />
  <meta name='ocr-system' content='tesseract 3.04.00' />
  <meta name='ocr-capabilities' content='ocr_page ocr_carea ocr_par ocr_line ocrx_word'/>
</head>
<body>
  <div class='ocr_page' id='page_1' title='image "./p1bibliothecahisto02dioduoft_0182.png"; bbox 0 0 1820 3249; ppageno 0'>
   <div class='ocr_carea' id='block_1_1' title="bbox 325 194 1343 238">
    <p class='ocr_par' dir='ltr' id='par_1_1' title="bbox 325 194 1343 238">
     <span class='ocr_line' id='line_1_1' title="bbox 325 194 1343 238; baseline -0.003 0"><span class='ocrx_word' id='word_1_1' title='bbox 325 197 436 238; x_wconf 74' lang='lat'>1106</span> <span class='ocrx_word' id='word_1_2' title='bbox 690 194 809 236; x_wconf 74' lang='lat' dir='ltr'><em>[AB.</em></span> <span class='ocrx_word' id='word_1_3' title='bbox 843 194 952 236; x_wconf 76' lang='lat' dir='ltr'><strong>xvi.</strong></span> <span class='ocrx_word' id='word_1_4' title='bbox 1009 196 1142 238; x_wconf 80' lang='lat' dir='ltr'>CAP.</span> <span class='ocrx_word' id='word_1_5' title='bbox 1174 200 1242 238; x_wconf 63' lang='lat'>659.</span> <span class='ocrx_word' id='word_1_6' title='bbox 1275 201 1343 238; x_wconf 68' lang='lat'><em>70.</em></span> 
     </span>
    </p>
   </div>
   <div class='ocr_carea' id='block_1_2' title="bbox 218 305 1792 2415">
    <p class='ocr_par' dir='ltr' id='par_1_2' title="bbox 218 305 1792 2415">
     <span class='ocr_line' id='line_1_2' title="bbox 218 305 1706 381; baseline -0.002 -26"><span class='ocrx_word' id='word_1_7' title='bbox 218 312 299 355; x_wconf 87' lang='grc' dir='ltr'><em>1οΟ</em></span> <span class='ocrx_word' id='word_1_8' title='bbox 326 305 563 381; x_wconf 70' lang='grc' dir='ltr'><em>γενόμενος</em></span> <span class='ocrx_word' id='word_1_9' title='bbox 607 309 696 351; x_wconf 75' lang='grc' dir='ltr'><em>τῶν</em></span> <span class='ocrx_word' id='word_1_10' title='bbox 737 309 963 379; x_wconf 86' lang='grc' dir='ltr'><em>πολεμίων</em></span> <span class='ocrx_word' id='word_1_11' title='bbox 1010 308 1214 365; x_wconf 78' lang='grc' dir='ltr'><em>ἐκράτησε</em></span> <span class='ocrx_word' id='word_1_12' title='bbox 1252 313 1341 351; x_wconf 66' lang='grc' dir='ltr'><em>πᾶν</em></span> <span class='ocrx_word' id='word_1_13' title='bbox 1383 312 1706 363; x_wconf 79' lang='grc' dir='ltr'><em>Συρακουσων.</em></span> 
     </span>
     <span class='ocr_line' id='line_1_3' title="bbox 327 363 1709 437; baseline -0.003 -25"><span class='ocrx_word' id='word_1_14' title='bbox 327 365 464 417; x_wconf 80' lang='grc' dir='ltr'><em>εὕθῠς</em></span> <span class='ocrx_word' id='word_1_15' title='bbox 500 365 547 409; x_wconf 86' lang='lat'><em>65</em></span> <span class='ocrx_word' id='word_1_16' title='bbox 584 364 659 408; x_wconf 87' lang='grc' dir='ltr'><em>καὶ</em></span> <span class='ocrx_word' id='word_1_17' title='bbox 696 363 778 420; x_wconf 85' lang='grc' dir='ltr'><em>τήν</em></span> <span class='ocrx_word' id='word_1_18' title='bbox 806 363 1047 437; x_wconf 83' lang='grc' dir='ltr'><em>Μεσσήνην</em></span> <span class='ocrx_word' id='word_1_19' title='bbox 1082 366 1439 436; x_wconf 83' lang='grc' dir='ltr'><em>μετατιθεμένην</em></span> <span class='ocrx_word' id='word_1_20' title='bbox 1455 365 1565 418; x_wconf 78' lang='grc' dir='ltr'><em>πρὸς</em></span> <span class='ocrx_word' id='word_1_21' title='bbox 1594 370 1709 421; x_wconf 88' lang='grc' dir='ltr'><em>Καρ-</em></span> 
     </span>
     <span class='ocr_line' id='line_1_4' title="bbox 328 420 1708 493; baseline -0.001 -26"><span class='ocrx_word' id='word_1_22' title='bbox 328 424 562 493; x_wconf 81' lang='grc' dir='ltr'><em>χηδονίους</em></span> <span class='ocrx_word' id='word_1_23' title='bbox 600 420 877 492; x_wconf 87' lang='grc' dir='ltr'><em>ἀνεκτήσατο.</em></span> <span class='ocrx_word' id='word_1_24' title='bbox 938 423 1011 465; x_wconf 89' lang='grc' dir='ltr'><em>καὶ</em></span> <span class='ocrx_word' id='word_1_25' title='bbox 1048 423 1102 465; x_wconf 81' lang='grc' dir='ltr'><em>τὰ</em></span> <span class='ocrx_word' id='word_1_26' title='bbox 1142 424 1221 478; x_wconf 76' lang='grc' dir='ltr'><em>μὲν</em></span> <span class='ocrx_word' id='word_1_27' title='bbox 1251 422 1360 466; x_wconf 75' lang='grc' dir='ltr'><em>κατα</em></span> <span class='ocrx_word' id='word_1_28' title='bbox 1391 422 1470 478; x_wconf 83' lang='grc' dir='ltr'><em>τήν</em></span> <span class='ocrx_word' id='word_1_29' title='bbox 1500 425 1708 466; x_wconf 82' lang='grc' dir='ltr'><strong><em>Σικελίαν</em></strong></span> 
     </span>
     <span class='ocr_line' id='line_1_5' title="bbox 330 474 1711 535; baseline -0.001 -11"><span class='ocrx_word' id='word_1_30' title='bbox 330 484 379 524; x_wconf 77' lang='grc' dir='ltr'><em>ἐν</em></span> <span class='ocrx_word' id='word_1_31' title='bbox 407 479 581 529; x_wconf 80' lang='grc' dir='ltr'><strong><em>τούτοις</em></strong></span> <span class='ocrx_word' id='word_1_32' title='bbox 616 474 684 534; x_wconf 83' lang='grc' dir='ltr'><em>ἦν.</em></span> <span class='ocrx_word' id='word_1_33' title='bbox 743 478 852 522; x_wconf 81' lang='grc' dir='ltr'><em>κατά</em></span> <span class='ocrx_word' id='word_1_34' title='bbox 885 479 930 522; x_wconf 83' lang='lat'><em>65</em></span> <span class='ocrx_word' id='word_1_35' title='bbox 959 478 1040 535; x_wconf 75' lang='grc' dir='ltr'><em>τήν</em></span> <span class='ocrx_word' id='word_1_36' title='bbox 1069 482 1353 523; x_wconf 80' lang='grc' dir='ltr'><em>Μακεδονίαν</em></span> <span class='ocrx_word' id='word_1_37' title='bbox 1385 482 1598 530; x_wconf 84' lang='grc' dir='ltr'><em>Φίλιππος</em></span> <span class='ocrx_word' id='word_1_38' title='bbox 1626 496 1711 522; x_wconf 89' lang='grc' dir='ltr'><em>πα-</em></span> 
     </span>
     <span class='ocr_line' id='line_1_6' title="bbox 275 535 1710 601; baseline -0.003 -19"><span class='ocrx_word' id='word_1_39' title='bbox 275 543 302 587; x_wconf 89' lang='grc'><strong>5</strong></span> <span class='ocrx_word' id='word_1_40' title='bbox 331 537 488 593; x_wconf 81' lang='grc' dir='ltr'><em>τρικήν</em></span> <span class='ocrx_word' id='word_1_41' title='bbox 525 535 686 591; x_wconf 68' lang='grc' dir='ltr'><em>ἔχθραν</em></span> <span class='ocrx_word' id='word_1_42' title='bbox 710 537 1049 601; x_wconf 79' lang='grc' dir='ltr'><em>διαδεδεγμένος</em></span> <span class='ocrx_word' id='word_1_43' title='bbox 1094 536 1205 590; x_wconf 84' lang='grc' dir='ltr'><em>πρός</em></span> <span class='ocrx_word' id='word_1_44' title='bbox 1239 536 1485 591; x_wconf 81' lang='grc' dir='ltr'><em>Ἰλλυριους</em></span> <span class='ocrx_word' id='word_1_45' title='bbox 1522 538 1591 579; x_wconf 86' lang='grc' dir='ltr'><em>καὶ</em></span> <span class='ocrx_word' id='word_1_46' title='bbox 1630 536 1710 591; x_wconf 80' lang='grc' dir='ltr'><em>τὴν</em></span> 
     </span>
     <span class='ocr_line' id='line_1_7' title="bbox 329 591 1709 663; baseline -0.003 -24"><span class='ocrx_word' id='word_1_47' title='bbox 329 592 554 649; x_wconf 73' lang='grc' dir='ltr'><em>διαφορὰν</em></span> <span class='ocrx_word' id='word_1_48' title='bbox 588 591 857 662; x_wconf 78' lang='grc' dir='ltr'><strong><em>ἀμετάθετον</em></strong></span> <span class='ocrx_word' id='word_1_49' title='bbox 888 592 1020 648; x_wconf 78' lang='grc' dir='ltr'><em>ἔχων,</em></span> <span class='ocrx_word' id='word_1_50' title='bbox 1068 593 1271 649; x_wconf 78' lang='grc' dir='ltr'><em>ἐνέβαλεν</em></span> <span class='ocrx_word' id='word_1_51' title='bbox 1302 596 1361 645; x_wconf 89' lang='grc' dir='ltr'><em>εἰς</em></span> <span class='ocrx_word' id='word_1_52' title='bbox 1371 593 1470 663; x_wconf 80' lang='grc' dir='ltr'><em>τήν</em></span> <span class='ocrx_word' id='word_1_53' title='bbox 1496 592 1709 647; x_wconf 79' lang='grc' dir='ltr'><em>Ἰλλυρίδα</em></span> 
     </span>
     <span class='ocr_line' id='line_1_8' title="bbox 316 647 1711 719; baseline -0.002 -23.97"><span class='ocrx_word' id='word_1_54' title='bbox 316 651 436 708; x_wconf 72' lang='grc' dir='ltr'><em>μετὰ</em></span> <span class='ocrx_word' id='word_1_55' title='bbox 474 653 635 705; x_wconf 83' lang='grc' dir='ltr'><em>πολλῆς</em></span> <span class='ocrx_word' id='word_1_56' title='bbox 676 647 913 704; x_wconf 79' lang='grc' dir='ltr'><em>δυνάμεως</em></span> <span class='ocrx_word' id='word_1_57' title='bbox 982 651 1213 711; x_wconf 86' lang='grc' dir='ltr'><em>πορθήσας</em></span> <span class='ocrx_word' id='word_1_58' title='bbox 1246 651 1296 693; x_wconf 90' lang='lat'><em>65</em></span> <span class='ocrx_word' id='word_1_59' title='bbox 1334 650 1412 719; x_wconf 83' lang='grc' dir='ltr'><em>τὴν</em></span> <span class='ocrx_word' id='word_1_60' title='bbox 1449 649 1596 705; x_wconf 77' lang='grc' dir='ltr'><em>χώραν</em></span> <span class='ocrx_word' id='word_1_61' title='bbox 1635 650 1711 692; x_wconf 87' lang='grc' dir='ltr'><em>καὶ</em></span> 
     </span>
     <span class='ocr_line' id='line_1_9' title="bbox 319 706 1710 776; baseline -0.003 -23.971"><span class='ocrx_word' id='word_1_62' title='bbox 319 706 470 753; x_wconf 78' lang='grc' dir='ltr'><em>πολλὰ</em></span> <span class='ocrx_word' id='word_1_63' title='bbox 506 710 609 749; x_wconf 79' lang='grc' dir='ltr'><em>τῶν</em></span> <span class='ocrx_word' id='word_1_64' title='bbox 633 706 914 762; x_wconf 78' lang='grc' dir='ltr'><strong><em>πολισμάτων</em></strong></span> <span class='ocrx_word' id='word_1_65' title='bbox 931 707 1264 776; x_wconf 78' lang='grc' dir='ltr'><em>χειρωσάμενος</em></span> <span class='ocrx_word' id='word_1_66' title='bbox 1291 706 1396 763; x_wconf 81' lang='grc' dir='ltr'><em>μετὰ</em></span> <span class='ocrx_word' id='word_1_67' title='bbox 1425 711 1600 750; x_wconf 76' lang='grc' dir='ltr'><em>πολλῶν</em></span> <span class='ocrx_word' id='word_1_68' title='bbox 1629 710 1710 749; x_wconf 89' lang='grc' dir='ltr'><em>λα·-</em></span> 
     </span>
     <span class='ocr_line' id='line_1_10' title="bbox 332 762 1713 837; baseline -0.002 -29"><span class='ocrx_word' id='word_1_69' title='bbox 332 765 489 822; x_wconf 89' lang='grc' dir='ltr'><em>φύρων</em></span> <span class='ocrx_word' id='word_1_70' title='bbox 520 763 765 837; x_wconf 76' lang='grc' dir='ltr'><em>ἐπανῆλθεν</em></span> <span class='ocrx_word' id='word_1_71' title='bbox 806 763 865 813; x_wconf 82' lang='grc' dir='ltr'><em>εἰς</em></span> <span class='ocrx_word' id='word_1_72' title='bbox 894 762 974 818; x_wconf 81' lang='grc' dir='ltr'><em>τήν</em></span> <span class='ocrx_word' id='word_1_73' title='bbox 1003 766 1315 835; x_wconf 80' lang='grc' dir='ltr'><em>Μακεδονίαν.</em></span> <span class='ocrx_word' id='word_1_74' title='bbox 1363 764 1487 834; x_wconf 72' lang='grc' dir='ltr'><em>μετὰ</em></span> <span class='ocrx_word' id='word_1_75' title='bbox 1500 765 1545 806; x_wconf 87' lang='lat'><em>65</em></span> <span class='ocrx_word' id='word_1_76' title='bbox 1574 766 1713 806; x_wconf 82' lang='grc' dir='ltr'><em>ταῦτα</em></span> 
     </span>
     <span class='ocr_line' id='line_1_11' title="bbox 252 815 1713 876; baseline -0.001 -12"><span class='ocrx_word' id='word_1_77' title='bbox 252 826 305 864; x_wconf 88' lang='grc'><em>10</em></span> <span class='ocrx_word' id='word_1_78' title='bbox 332 820 567 876; x_wconf 78' lang='grc' dir='ltr'><em>παρελθών</em></span> <span class='ocrx_word' id='word_1_79' title='bbox 613 822 696 871; x_wconf 83' lang='grc' dir='ltr'><em>εἰς</em></span> <span class='ocrx_word' id='word_1_80' title='bbox 718 819 797 875; x_wconf 82' lang='grc' dir='ltr'><em>τήν</em></span> <span class='ocrx_word' id='word_1_81' title='bbox 844 815 1080 863; x_wconf 85' lang='grc' dir='ltr'><em>Θετταλίαν</em></span> <span class='ocrx_word' id='word_1_82' title='bbox 1124 821 1198 864; x_wconf 82' lang='grc' dir='ltr'><em>καὶ</em></span> <span class='ocrx_word' id='word_1_83' title='bbox 1238 836 1343 872; x_wconf 90' lang='grc' dir='ltr'><em>τους</em></span> <span class='ocrx_word' id='word_1_84' title='bbox 1380 820 1626 875; x_wconf 81' lang='grc' dir='ltr'><em>τυράννους</em></span> <span class='ocrx_word' id='word_1_85' title='bbox 1667 818 1713 862; x_wconf 80' lang='grc' dir='ltr'><em>ἐκ</em></span> 
     </span>
     <span class='ocr_line' id='line_1_12' title="bbox 332 875 1712 947; baseline -0.003 -24"><span class='ocrx_word' id='word_1_86' title='bbox 332 883 422 923; x_wconf 73' lang='grc' dir='ltr'><em>τῶν</em></span> <span class='ocrx_word' id='word_1_87' title='bbox 460 877 631 921; x_wconf 86' lang='grc' dir='ltr'><em>πόλεων</em></span> <span class='ocrx_word' id='word_1_88' title='bbox 667 875 865 947; x_wconf 81' lang='grc' dir='ltr'><em>ἐκβαλων</em></span> <span class='ocrx_word' id='word_1_89' title='bbox 917 878 1057 929; x_wconf 78' lang='grc' dir='ltr'><em>ἰδίους</em></span> <span class='ocrx_word' id='word_1_90' title='bbox 1095 882 1189 929; x_wconf 91' lang='grc' dir='ltr'><em>ταῖς</em></span> <span class='ocrx_word' id='word_1_91' title='bbox 1237 877 1428 928; x_wconf 76' lang='grc' dir='ltr'><em>εὐνοίαις</em></span> <span class='ocrx_word' id='word_1_92' title='bbox 1478 876 1712 947; x_wconf 79' lang='grc' dir='ltr'><em>ἐποιήσατο</em></span> 
     </span>
     <span class='ocr_line' id='line_1_13' title="bbox 333 933 1713 990; baseline -0.004 -10"><span class='ocrx_word' id='word_1_93' title='bbox 333 953 440 986; x_wconf 91' lang='grc' dir='ltr'><em>τους</em></span> <span class='ocrx_word' id='word_1_94' title='bbox 472 933 739 984; x_wconf 83' lang='grc' dir='ltr'><em>Θετταλούς·</em></span> <span class='ocrx_word' id='word_1_95' title='bbox 783 934 954 990; x_wconf 81' lang='grc' dir='ltr'><em>ήλπιζε</em></span> <span class='ocrx_word' id='word_1_96' title='bbox 964 933 1070 990; x_wconf 71' lang='grc' dir='ltr'><em>γάρ’</em></span> <span class='ocrx_word' id='word_1_97' title='bbox 1073 934 1277 985; x_wconf 78' lang='grc' dir='ltr'><em>τούτους</em></span> <span class='ocrx_word' id='word_1_98' title='bbox 1314 935 1420 990; x_wconf 77' lang='grc' dir='ltr'><em>ἔχων</em></span> <span class='ocrx_word' id='word_1_99' title='bbox 1457 934 1713 988; x_wconf 79' lang='grc' dir='ltr'><em>συμμάχους</em></span> 
     </span>
     <span class='ocr_line' id='line_1_14' title="bbox 317 988 1711 1048; baseline -0.003 -12"><span class='ocrx_word' id='word_1_100' title='bbox 317 993 408 1036; x_wconf 81' lang='grc' dir='ltr'><em>’καὶ</em></span> <span class='ocrx_word' id='word_1_101' title='bbox 446 990 551 1042; x_wconf 83' lang='grc' dir='ltr'><em>τούς</em></span> <span class='ocrx_word' id='word_1_102' title='bbox 583 988 797 1046; x_wconf 82' lang='grc' dir='ltr'><em>Έλληνας</em></span> <span class='ocrx_word' id='word_1_103' title='bbox 838 991 1000 1048; x_wconf 80' lang='grc' dir='ltr'><em>ῥᾳδίως</em></span> <span class='ocrx_word' id='word_1_104' title='bbox 1039 994 1099 1043; x_wconf 84' lang='grc' dir='ltr'><em>εἰς</em></span> <span class='ocrx_word' id='word_1_105' title='bbox 1138 991 1317 1035; x_wconf 82' lang='grc' dir='ltr'><em>εὔνοιαν</em></span> <span class='ocrx_word' id='word_1_106' title='bbox 1355 991 1711 1046; x_wconf 78' lang='grc' dir='ltr'><em>προτρέψασθαι·</em></span> 
     </span>
     <span class='ocr_line' id='line_1_15' title="bbox 335 1047 1792 1104; baseline -0.003 -11"><span class='ocrx_word' id='word_1_107' title='bbox 335 1049 441 1104; x_wconf 80' lang='grc' dir='ltr'><em>ὅπερ</em></span> <span class='ocrx_word' id='word_1_108' title='bbox 481 1049 555 1090; x_wconf 85' lang='grc' dir='ltr'><em>καὶ</em></span> <span class='ocrx_word' id='word_1_109' title='bbox 594 1047 756 1104; x_wconf 85' lang='grc' dir='ltr'><em>συνέβη</em></span> <span class='ocrx_word' id='word_1_110' title='bbox 791 1049 1006 1103; x_wconf 76' lang='grc' dir='ltr'><em>γενέσθαι.</em></span> <span class='ocrx_word' id='word_1_111' title='bbox 1064 1048 1197 1100; x_wconf 80' lang='grc' dir='ltr'><em>εὐθὺς</em></span> <span class='ocrx_word' id='word_1_112' title='bbox 1234 1048 1318 1104; x_wconf 76' lang='grc' dir='ltr'><em>γαρ</em></span> <span class='ocrx_word' id='word_1_113' title='bbox 1349 1050 1393 1091; x_wconf 79' lang='grc' dir='ltr'><em>οἱ</em></span> <span class='ocrx_word' id='word_1_114' title='bbox 1419 1047 1714 1103; x_wconf 83' lang='grc' dir='ltr'><em>πλησιόχωροι</em></span> <span class='ocrx_word' id='word_1_115' title='bbox 1728 1054 1792 1088; x_wconf 84' lang='grc'><em>137</em></span> 
     </span>
     <span class='ocr_line' id='line_1_16' title="bbox 254 1102 1715 1177; baseline -0.003 -27"><span class='ocrx_word' id='word_1_116' title='bbox 254 1102 306 1146; x_wconf 85' lang='grc'><em>15</em></span> <span class='ocrx_word' id='word_1_117' title='bbox 335 1110 425 1150; x_wconf 78' lang='grc' dir='ltr'><em>τῶν</em></span> <span class='ocrx_word' id='word_1_118' title='bbox 458 1103 675 1160; x_wconf 83' lang='grc' dir='ltr'><em>Ἑλλήνων</em></span> <span class='ocrx_word' id='word_1_119' title='bbox 705 1105 1036 1177; x_wconf 81' lang='grc' dir='ltr'><em>συνενεχθέντες</em></span> <span class='ocrx_word' id='word_1_120' title='bbox 1075 1110 1137 1177; x_wconf 82' lang='grc' dir='ltr'><em>τῇ</em></span> <span class='ocrx_word' id='word_1_121' title='bbox 1168 1122 1257 1149; x_wconf 89' lang='grc' dir='ltr'><em>των</em></span> <span class='ocrx_word' id='word_1_122' title='bbox 1304 1109 1531 1148; x_wconf 77' lang='grc' dir='ltr'><em>Θετταλῶν</em></span> <span class='ocrx_word' id='word_1_123' title='bbox 1575 1105 1715 1159; x_wconf 87' lang='grc' dir='ltr'><em>κρίσει</em></span> 
     </span>
     <span class='ocr_line' id='line_1_17' title="bbox 337 1160 1467 1235; baseline -0.003 -28"><span class='ocrx_word' id='word_1_124' title='bbox 337 1163 600 1235; x_wconf 87' lang='grc' dir='ltr'><em>συμμαχίαν</em></span> <span class='ocrx_word' id='word_1_125' title='bbox 609 1160 856 1233; x_wconf 86' lang='grc' dir='ltr'><em>προθύμως</em></span> <span class='ocrx_word' id='word_1_126' title='bbox 888 1162 1014 1217; x_wconf 78' lang='grc' dir='ltr'><em>πρὸς</em></span> <span class='ocrx_word' id='word_1_127' title='bbox 1031 1163 1167 1206; x_wconf 83' lang='grc' dir='ltr'><em>αὐτόν</em></span> <span class='ocrx_word' id='word_1_128' title='bbox 1198 1162 1467 1218; x_wconf 83' lang='grc' dir='ltr'><em>ἐποιήσαντο.</em></span> 
     </span>
     <span class='ocr_line' id='line_1_18' title="bbox 251 1216 1716 1286; baseline 0 -27"><span class='ocrx_word' id='word_1_129' title='bbox 251 1220 343 1259; x_wconf 60' lang='lat'><em>7⁰&gt;</em></span> <span class='ocrx_word' id='word_1_130' title='bbox 448 1217 540 1262; x_wconf 68' lang='lat' dir='ltr'>&#39;’En:</span> <span class='ocrx_word' id='word_1_131' title='bbox 572 1218 782 1274; x_wconf 86' lang='grc' dir='ltr'><em>ἀρχοντος</em></span> <span class='ocrx_word' id='word_1_132' title='bbox 813 1216 856 1262; x_wconf 84' lang='grc' dir='ltr'><em>δ’</em></span> <span class='ocrx_word' id='word_1_133' title='bbox 881 1217 1089 1276; x_wconf 81' lang='grc' dir='ltr'><em>Ἀθήνησι</em></span> <span class='ocrx_word' id='word_1_134' title='bbox 1112 1219 1381 1263; x_wconf 83' lang='grc' dir='ltr'><em>Πυθοδότου</em></span> <span class='ocrx_word' id='word_1_135' title='bbox 1407 1219 1615 1286; x_wconf 86' lang='grc' dir='ltr'><em>Ρωμαῖοι</em></span> <span class='ocrx_word' id='word_1_136' title='bbox 1641 1232 1716 1259; x_wconf 87' lang='grc' dir='ltr'><em>κα-</em></span> 
     </span>
     <span class='ocr_line' id='line_1_19' title="bbox 336 1272 1716 1332; baseline -0.004 -11"><span class='ocrx_word' id='word_1_137' title='bbox 336 1276 548 1332; x_wconf 85' lang='grc' dir='ltr'><em>τέστησαν</em></span> <span class='ocrx_word' id='word_1_138' title='bbox 576 1275 774 1327; x_wconf 75' lang='grc' dir='ltr'><em>ὑπάτους</em></span> <span class='ocrx_word' id='word_1_139' title='bbox 804 1274 944 1319; x_wconf 81' lang='grc' dir='ltr'><em>Γάὶον</em></span> <span class='ocrx_word' id='word_1_140' title='bbox 975 1277 1200 1320; x_wconf 84' lang='grc' dir='ltr'><em>Πλαύτιον</em></span> <span class='ocrx_word' id='word_1_141' title='bbox 1228 1278 1302 1320; x_wconf 88' lang='grc' dir='ltr'><em>καὶ</em></span> <span class='ocrx_word' id='word_1_142' title='bbox 1336 1278 1468 1319; x_wconf 92' lang='grc' dir='ltr'><em>Τίτον</em></span> <span class='ocrx_word' id='word_1_143' title='bbox 1497 1272 1716 1317; x_wconf 74' lang='grc' dir='ltr'><em>Μάλλιον.</em></span> 
     </span>
     <span class='ocr_line' id='line_1_20' title="bbox 254 1331 1718 1404; baseline -0.004 -26"><span class='ocrx_word' id='word_1_144' title='bbox 254 1335 328 1374; x_wconf 80' lang='lat'><em>20</em></span> <span class='ocrx_word' id='word_1_145' title='bbox 326 1335 408 1378; x_wconf 77' lang='grc' dir='ltr'><em>ἐπὶ</em></span> <span class='ocrx_word' id='word_1_146' title='bbox 437 1334 484 1376; x_wconf 88' lang='lat'><em>65</em></span> <span class='ocrx_word' id='word_1_147' title='bbox 514 1331 683 1376; x_wconf 82' lang='grc' dir='ltr'><em>τούτων</em></span> <span class='ocrx_word' id='word_1_148' title='bbox 717 1333 939 1404; x_wconf 85' lang='grc' dir='ltr'><em>Τιμολέων</em></span> <span class='ocrx_word' id='word_1_149' title='bbox 965 1334 1344 1403; x_wconf 79' lang='grc' dir='ltr'><em>καταπληξάμενος</em></span> <span class='ocrx_word' id='word_1_150' title='bbox 1371 1332 1613 1376; x_wconf 84' lang='grc' dir='ltr'><em>Διονύσιον</em></span> <span class='ocrx_word' id='word_1_151' title='bbox 1640 1331 1718 1373; x_wconf 85' lang='grc' dir='ltr'><em>τὸν</em></span> 
     </span>
     <span class='ocr_line' id='line_1_21' title="bbox 338 1388 1720 1459; baseline -0.004 -24"><span class='ocrx_word' id='word_1_152' title='bbox 338 1390 559 1459; x_wconf 86' lang='grc' dir='ltr'><em>τύραννον</em></span> <span class='ocrx_word' id='word_1_153' title='bbox 588 1390 755 1433; x_wconf 74' lang='grc' dir='ltr'><em>ἔπεισεν</em></span> <span class='ocrx_word' id='word_1_154' title='bbox 784 1389 918 1433; x_wconf 84' lang='grc' dir='ltr'><em>αὐτὸν</em></span> <span class='ocrx_word' id='word_1_155' title='bbox 945 1394 1223 1442; x_wconf 84' lang='grc' dir='ltr'><em>παραδοῦναι</em></span> <span class='ocrx_word' id='word_1_156' title='bbox 1251 1390 1332 1446; x_wconf 84' lang='grc' dir='ltr'><em>τήν</em></span> <span class='ocrx_word' id='word_1_157' title='bbox 1360 1389 1638 1457; x_wconf 89' lang='grc' dir='ltr'><em>ἀκρόπολιν,</em></span> <span class='ocrx_word' id='word_1_158' title='bbox 1644 1388 1720 1430; x_wconf 85' lang='grc' dir='ltr'><em>καὶ</em></span> 
     </span>
     <span class='ocr_line' id='line_1_22' title="bbox 337 1443 1719 1517; baseline -0.004 -25"><span class='ocrx_word' id='word_1_159' title='bbox 337 1465 419 1504; x_wconf 79' lang='grc' dir='ltr'><em>την</em></span> <span class='ocrx_word' id='word_1_160' title='bbox 449 1445 599 1517; x_wconf 80' lang='grc' dir='ltr'><em>ἀρχὴν</em></span> <span class='ocrx_word' id='word_1_161' title='bbox 615 1445 894 1502; x_wconf 72' lang='grc' dir='ltr'><em>ἀποθέμενον)</em></span> <span class='ocrx_word' id='word_1_162' title='bbox 921 1445 1127 1490; x_wconf 79' lang='grc' dir='ltr'><em>ἀπελθειν</em></span> <span class='ocrx_word' id='word_1_163' title='bbox 1157 1450 1217 1499; x_wconf 89' lang='grc' dir='ltr'><em>εἰς</em></span> <span class='ocrx_word' id='word_1_164' title='bbox 1243 1448 1598 1504; x_wconf 74' lang='grc' dir='ltr'><em>Πελοπόννησον</em></span> <span class='ocrx_word' id='word_1_165' title='bbox 1612 1443 1719 1487; x_wconf 82' lang='grc' dir='ltr'><em>ὑπό-</em></span> 
     </span>
     <span class='ocr_line' id='line_1_23' title="bbox 341 1499 1716 1573; baseline -0.004 -24"><span class='ocrx_word' id='word_1_166' title='bbox 341 1506 537 1549; x_wconf 87' lang='grc' dir='ltr'><em>σπονδον</em></span> <span class='ocrx_word' id='word_1_167' title='bbox 577 1503 730 1559; x_wconf 76' lang='grc' dir='ltr'><em>ἔχοντα</em></span> <span class='ocrx_word' id='word_1_168' title='bbox 769 1504 822 1546; x_wconf 82' lang='grc' dir='ltr'><em>τὰ</em></span> <span class='ocrx_word' id='word_1_169' title='bbox 859 1505 951 1573; x_wconf 77' lang='grc' dir='ltr'><em>ἰ’δια</em></span> <span class='ocrx_word' id='word_1_170' title='bbox 990 1521 1199 1560; x_wconf 76' lang='grc' dir='ltr'><em>χρήματα.</em></span> <span class='ocrx_word' id='word_1_171' title='bbox 1245 1506 1391 1554; x_wconf 81' lang='grc' dir='ltr'><em>οὑτως</em></span> <span class='ocrx_word' id='word_1_172' title='bbox 1431 1503 1510 1558; x_wconf 75' lang='grc' dir='ltr'><em>μὲν</em></span> <span class='ocrx_word' id='word_1_173' title='bbox 1541 1504 1625 1545; x_wconf 84' lang='grc' dir='ltr'><em>οὐν</em></span> <span class='ocrx_word' id='word_1_174' title='bbox 1655 1499 1716 1544; x_wconf 83' lang='grc' dir='ltr'><em>δι’</em></span> 
     </span>
     <span class='ocr_line' id='line_1_24' title="bbox 341 1560 1722 1630; baseline -0.004 -24"><span class='ocrx_word' id='word_1_175' title='bbox 341 1561 588 1614; x_wconf 74' lang='grc' dir='ltr'><em>ἀνανδρίαν</em></span> <span class='ocrx_word' id='word_1_176' title='bbox 616 1561 690 1604; x_wconf 86' lang='grc' dir='ltr'><em>καὶ</em></span> <span class='ocrx_word' id='word_1_177' title='bbox 719 1561 1003 1630; x_wconf 88' lang='grc' dir='ltr'><em>ταπεινότητα</em></span> <span class='ocrx_word' id='word_1_178' title='bbox 1033 1566 1172 1617; x_wconf 79' lang='grc' dir='ltr'><em>ψυχῆς</em></span> <span class='ocrx_word' id='word_1_179' title='bbox 1201 1561 1286 1629; x_wconf 88' lang='grc' dir='ltr'><em>τήν</em></span> <span class='ocrx_word' id='word_1_180' title='bbox 1303 1577 1347 1604; x_wconf 88' lang='grc' dir='ltr'><em>τε</em></span> <span class='ocrx_word' id='word_1_181' title='bbox 1368 1560 1629 1628; x_wconf 81' lang='grc' dir='ltr'><em>περιβόητον</em></span> <span class='ocrx_word' id='word_1_182' title='bbox 1652 1575 1722 1600; x_wconf 88' lang='grc' dir='ltr'><em>τν-</em></span> 
     </span>
     <span class='ocr_line' id='line_1_25' title="bbox 255 1616 1722 1689; baseline -0.005 -25"><span class='ocrx_word' id='word_1_183' title='bbox 255 1620 309 1664; x_wconf 76' lang='lat'><em>25</em></span> <span class='ocrx_word' id='word_1_184' title='bbox 341 1620 526 1675; x_wconf 85' lang='grc' dir='ltr'><em>ραννίδα</em></span> <span class='ocrx_word' id='word_1_185' title='bbox 555 1617 628 1660; x_wconf 83' lang='grc' dir='ltr'><em>καὶ</em></span> <span class='ocrx_word' id='word_1_186' title='bbox 659 1618 908 1689; x_wconf 74' lang='grc' dir='ltr'><em>δεδεμένην,</em></span> <span class='ocrx_word' id='word_1_187' title='bbox 951 1617 1010 1669; x_wconf 79' lang='grc' dir='ltr'><em>ὠς</em></span> <span class='ocrx_word' id='word_1_188' title='bbox 1041 1619 1232 1673; x_wconf 69' lang='grc' dir='ltr'><em>ἔφασαν,</em></span> <span class='ocrx_word' id='word_1_189' title='bbox 1260 1617 1477 1689; x_wconf 71' lang='grc' dir='ltr'><em>ἀδάμαντι</em></span> <span class='ocrx_word' id='word_1_190' title='bbox 1507 1616 1583 1659; x_wconf 82' lang='grc' dir='ltr'><em>τόν</em></span> <span class='ocrx_word' id='word_1_191' title='bbox 1613 1617 1722 1670; x_wconf 86' lang='grc' dir='ltr'><em>εἰρη-</em></span> 
     </span>
     <span class='ocr_line' id='line_1_26' title="bbox 341 1672 1722 1747; baseline -0.003 -29"><span class='ocrx_word' id='word_1_192' title='bbox 341 1676 475 1747; x_wconf 85' lang='grc' dir='ltr'><em>μένον</em></span> <span class='ocrx_word' id='word_1_193' title='bbox 504 1673 671 1729; x_wconf 88' lang='grc' dir='ltr'><em>τρόπον</em></span> <span class='ocrx_word' id='word_1_194' title='bbox 708 1673 888 1718; x_wconf 84' lang='grc' dir='ltr'><em>ἀπέλιπε</em></span> <span class='ocrx_word' id='word_1_195' title='bbox 924 1676 998 1718; x_wconf 86' lang='grc' dir='ltr'><em>καὶ</em></span> <span class='ocrx_word' id='word_1_196' title='bbox 1033 1677 1294 1731; x_wconf 79' lang='grc' dir='ltr'><em>κατεβίωσεν</em></span> <span class='ocrx_word' id='word_1_197' title='bbox 1332 1673 1636 1728; x_wconf 79' lang='grc' dir='ltr'><em>ἀπορούμενος</em></span> <span class='ocrx_word' id='word_1_198' title='bbox 1676 1672 1722 1714; x_wconf 84' lang='grc' dir='ltr'><em>έν</em></span> 
     </span>
     <span class='ocr_line' id='line_1_27' title="bbox 342 1729 1721 1803; baseline -0.003 -28"><span class='ocrx_word' id='word_1_199' title='bbox 342 1734 577 1803; x_wconf 80' lang='grc' dir='ltr'><em>Κορίνθῳ,</em></span> <span class='ocrx_word' id='word_1_200' title='bbox 625 1730 703 1774; x_wconf 86' lang='grc' dir='ltr'><em>τὸν</em></span> <span class='ocrx_word' id='word_1_201' title='bbox 748 1730 792 1775; x_wconf 88' lang='grc' dir='ltr'><em>δ’</em></span> <span class='ocrx_word' id='word_1_202' title='bbox 832 1733 949 1775; x_wconf 83' lang='grc' dir='ltr'><em>ἰ’διον</em></span> <span class='ocrx_word' id='word_1_203' title='bbox 993 1734 1094 1801; x_wconf 88' lang='grc' dir='ltr'><em>βίον</em></span> <span class='ocrx_word' id='word_1_204' title='bbox 1135 1734 1209 1775; x_wconf 87' lang='grc' dir='ltr'><em>καὶ</em></span> <span class='ocrx_word' id='word_1_205' title='bbox 1244 1732 1322 1787; x_wconf 78' lang='grc' dir='ltr'><em>τὴν</em></span> <span class='ocrx_word' id='word_1_206' title='bbox 1356 1729 1599 1786; x_wconf 71' lang='grc' dir='ltr'><em>μεταβολήν</em></span> <span class='ocrx_word' id='word_1_207' title='bbox 1630 1729 1721 1784; x_wconf 75' lang='grc' dir='ltr'><em>ἔσχε</em></span> 
     </span>
     <span class='ocr_line' id='line_1_28' title="bbox 341 1787 1721 1858; baseline -0.004 -25"><span class='ocrx_word' id='word_1_208' title='bbox 341 1788 616 1844; x_wconf 78' lang='grc' dir='ltr'><em>παράδειγμα</em></span> <span class='ocrx_word' id='word_1_209' title='bbox 636 1793 729 1838; x_wconf 85' lang='grc' dir='ltr'><em>τοῖς</em></span> <span class='ocrx_word' id='word_1_210' title='bbox 746 1787 1039 1844; x_wconf 88' lang='grc' dir='ltr'><em>καυχωμένοις</em></span> <span class='ocrx_word' id='word_1_211' title='bbox 1063 1787 1271 1858; x_wconf 84' lang='grc' dir='ltr'><em>ἀφρόνως</em></span> <span class='ocrx_word' id='word_1_212' title='bbox 1291 1788 1357 1831; x_wconf 78' lang='grc' dir='ltr'><em>ἐπὶ</em></span> <span class='ocrx_word' id='word_1_213' title='bbox 1379 1793 1472 1838; x_wconf 87' lang='grc' dir='ltr'><em>ταῖς</em></span> <span class='ocrx_word' id='word_1_214' title='bbox 1492 1787 1721 1841; x_wconf 81' lang='grc' dir='ltr'><em>εὐτυχίαις.</em></span> 
     </span>
     <span class='ocr_line' id='line_1_29' title="bbox 258 1843 1722 1902; baseline -0.003 -12"><span class='ocrx_word' id='word_1_215' title='bbox 258 1854 312 1893; x_wconf 81' lang='lat'><em>30</em></span> <span class='ocrx_word' id='word_1_216' title='bbox 343 1845 367 1890; x_wconf 84' lang='lat'><em>6</em></span> <span class='ocrx_word' id='word_1_217' title='bbox 395 1847 481 1902; x_wconf 73' lang='grc' dir='ltr'><em>γαρ</em></span> <span class='ocrx_word' id='word_1_218' title='bbox 522 1846 632 1900; x_wconf 74' lang='grc' dir='ltr'><em>ἔχων</em></span> <span class='ocrx_word' id='word_1_219' title='bbox 666 1848 945 1899; x_wconf 86' lang='grc' dir='ltr'><em>τετρακοσίας</em></span> <span class='ocrx_word' id='word_1_220' title='bbox 983 1845 1172 1901; x_wconf 86' lang='grc' dir='ltr'><em>τριήρεις</em></span> <span class='ocrx_word' id='word_1_221' title='bbox 1202 1844 1296 1900; x_wconf 78' lang='grc' dir='ltr'><em>μετ’</em></span> <span class='ocrx_word' id='word_1_222' title='bbox 1325 1844 1476 1900; x_wconf 72' lang='grc' dir='ltr'><em>ὄλιγον</em></span> <span class='ocrx_word' id='word_1_223' title='bbox 1505 1843 1552 1886; x_wconf 81' lang='grc' dir='ltr'><em>ἐν</em></span> <span class='ocrx_word' id='word_1_224' title='bbox 1580 1846 1722 1900; x_wconf 75' lang='grc' dir='ltr'><em>μικρῷ</em></span> 
     </span>
     <span class='ocr_line' id='line_1_30' title="bbox 342 1901 1718 1973; baseline -0.003 -27"><span class='ocrx_word' id='word_1_225' title='bbox 342 1901 595 1958; x_wconf 79' lang='grc' dir='ltr'><em>στρογγύλῳ</em></span> <span class='ocrx_word' id='word_1_226' title='bbox 628 1905 766 1973; x_wconf 87' lang='grc' dir='ltr'><em>πλοίῳ</em></span> <span class='ocrx_word' id='word_1_227' title='bbox 803 1901 1090 1946; x_wconf 84' lang='grc' dir='ltr'><em>κατέπλευσεν</em></span> <span class='ocrx_word' id='word_1_228' title='bbox 1121 1906 1178 1953; x_wconf 84' lang='grc' dir='ltr'><em>εἰς</em></span> <span class='ocrx_word' id='word_1_229' title='bbox 1208 1919 1289 1959; x_wconf 86' lang='grc' dir='ltr'><em>την</em></span> <span class='ocrx_word' id='word_1_230' title='bbox 1322 1902 1572 1954; x_wconf 83' lang='grc' dir='ltr'><em>Κόρινθον,</em></span> <span class='ocrx_word' id='word_1_231' title='bbox 1603 1902 1718 1953; x_wconf 81' lang='grc' dir='ltr'><em>περί-</em></span> 
     </span>
     <span class='ocr_line' id='line_1_31' title="bbox 341 1958 1720 2031; baseline -0.002 -29"><span class='ocrx_word' id='word_1_232' title='bbox 341 1964 528 2031; x_wconf 83' lang='grc' dir='ltr'><em>βλεπτον</em></span> <span class='ocrx_word' id='word_1_233' title='bbox 557 1960 672 2029; x_wconf 72' lang='grc' dir='ltr'><em>ἔχων</em></span> <span class='ocrx_word' id='word_1_234' title='bbox 692 1975 773 2016; x_wconf 89' lang='grc' dir='ltr'><em>την</em></span> <span class='ocrx_word' id='word_1_235' title='bbox 802 1964 876 2014; x_wconf 83' lang='grc' dir='ltr'><em>τῆς</em></span> <span class='ocrx_word' id='word_1_236' title='bbox 903 1962 1143 2015; x_wconf 83' lang='grc' dir='ltr'><em>μεταβολῆς</em></span> <span class='ocrx_word' id='word_1_237' title='bbox 1170 1958 1430 2015; x_wconf 85' lang='grc' dir='ltr'><em>ὑπερβολήν.</em></span> <span class='ocrx_word' id='word_1_238' title='bbox 1497 1958 1720 2013; x_wconf 87' lang='grc' dir='ltr'><em>Τιμολέων</em></span> 
     </span>
     <span class='ocr_line' id='line_1_32' title="bbox 342 1998 1719 2086; baseline -0.002 -27"><span class='ocrx_word' id='word_1_239' title='bbox 342 2017 389 2060; x_wconf 82' lang='grc' dir='ltr'><em>δὲ</em></span> <span class='ocrx_word' id='word_1_240' title='bbox 435 2014 706 2071; x_wconf 74' lang='grc' dir='ltr'><em>παραλαβών</em></span> <span class='ocrx_word' id='word_1_241' title='bbox 753 2015 834 2072; x_wconf 83' lang='grc' dir='ltr'><em>τήν</em></span> <span class='ocrx_word' id='word_1_242' title='bbox 877 2021 1014 2073; x_wconf 85' lang='grc' dir='ltr'><em>νῆσον</em></span> <span class='ocrx_word' id='word_1_243' title='bbox 1053 2018 1126 2059; x_wconf 82' lang='grc' dir='ltr'><em>καὶ</em></span> <span class='ocrx_word' id='word_1_244' title='bbox 1169 2018 1367 2086; x_wconf 79' lang='grc' dir='ltr'><em>φρούρια</em></span> <span class='ocrx_word' id='word_1_245' title='bbox 1405 2016 1456 2058; x_wconf 80' lang='grc' dir='ltr'><em>τοὶ</em></span> <span class='ocrx_word' id='word_1_246' title='bbox 1495 1998 1719 2085; x_wconf 80' lang='grc' dir='ltr'><em>Λίονυσίῳ</em></span> 
     </span>
     <span class='ocr_line' id='line_1_33' title="bbox 341 2070 1721 2130; baseline -0.003 -13"><span class='ocrx_word' id='word_1_247' title='bbox 341 2072 560 2128; x_wconf 88' lang='grc' dir='ltr'><em>πρότερον</em></span> <span class='ocrx_word' id='word_1_248' title='bbox 586 2072 875 2116; x_wconf 85' lang='grc' dir='ltr'><em>υπακούοντα</em></span> <span class='ocrx_word' id='word_1_249' title='bbox 897 2074 974 2124; x_wconf 80' lang='grc' dir='ltr'><em>τὰς</em></span> <span class='ocrx_word' id='word_1_250' title='bbox 1004 2073 1104 2127; x_wconf 76' lang='grc' dir='ltr'><em>μὲν</em></span> <span class='ocrx_word' id='word_1_251' title='bbox 1108 2074 1218 2117; x_wconf 78' lang='grc' dir='ltr'><em>κατὰ</em></span> <span class='ocrx_word' id='word_1_252' title='bbox 1254 2078 1329 2130; x_wconf 80' lang='grc' dir='ltr'><em>τῆς</em></span> <span class='ocrx_word' id='word_1_253' title='bbox 1358 2072 1498 2129; x_wconf 82' lang='grc' dir='ltr'><em>νήσου</em></span> <span class='ocrx_word' id='word_1_254' title='bbox 1529 2070 1721 2126; x_wconf 83' lang='grc' dir='ltr'><em>ἀκροπό-</em></span> 
     </span>
     <span class='ocr_line' id='line_1_34' title="bbox 259 2127 1721 2199; baseline -0.004 -23"><span class='ocrx_word' id='word_1_255' title='bbox 259 2133 312 2176; x_wconf 83' lang='grc'><em>35</em></span> <span class='ocrx_word' id='word_1_256' title='bbox 342 2136 430 2182; x_wconf 88' lang='grc' dir='ltr'><em>λεις</em></span> <span class='ocrx_word' id='word_1_257' title='bbox 459 2130 532 2174; x_wconf 82' lang='grc' dir='ltr'><em>καὶ</em></span> <span class='ocrx_word' id='word_1_258' title='bbox 562 2147 614 2173; x_wconf 90' lang='grc' dir='ltr'><em>τα</em></span> <span class='ocrx_word' id='word_1_259' title='bbox 643 2135 879 2184; x_wconf 83' lang='grc' dir='ltr'><em>τυραννεῖα</em></span> <span class='ocrx_word' id='word_1_260' title='bbox 907 2131 1164 2182; x_wconf 78' lang='grc' dir='ltr'><em>κατέσκαψε,</em></span> <span class='ocrx_word' id='word_1_261' title='bbox 1194 2148 1256 2174; x_wconf 82' lang='grc' dir='ltr'><em>τοι</em></span> <span class='ocrx_word' id='word_1_262' title='bbox 1265 2148 1284 2180; x_wconf 87' lang='grc' dir='ltr'><em>ς</em></span> <span class='ocrx_word' id='word_1_263' title='bbox 1294 2130 1348 2173; x_wconf 90' lang='lat'><em>65</em></span> <span class='ocrx_word' id='word_1_264' title='bbox 1366 2130 1599 2199; x_wconf 83' lang='grc' dir='ltr'><em>φρουρίοις</em></span> <span class='ocrx_word' id='word_1_265' title='bbox 1621 2127 1721 2171; x_wconf 50' lang='grc' dir='ltr'><em>ἀπέε</em></span> 
     </span>
     <span class='ocr_line' id='line_1_35' title="bbox 344 2185 1721 2242; baseline -0.002 -11"><span class='ocrx_word' id='word_1_266' title='bbox 344 2191 456 2231; x_wconf 84' lang='grc' dir='ltr'><em>δωκε</em></span> <span class='ocrx_word' id='word_1_267' title='bbox 484 2187 564 2242; x_wconf 82' lang='grc' dir='ltr'><em>τήν</em></span> <span class='ocrx_word' id='word_1_268' title='bbox 594 2186 858 2241; x_wconf 79' lang='grc' dir='ltr'><em>ἐλευθερίαν.</em></span> <span class='ocrx_word' id='word_1_269' title='bbox 910 2185 1048 2238; x_wconf 79' lang='grc' dir='ltr'><em>εὐθὺς</em></span> <span class='ocrx_word' id='word_1_270' title='bbox 1070 2188 1115 2231; x_wconf 88' lang='lat'><em>65</em></span> <span class='ocrx_word' id='word_1_271' title='bbox 1133 2187 1206 2231; x_wconf 85' lang='grc' dir='ltr'><em>καὶ</em></span> <span class='ocrx_word' id='word_1_272' title='bbox 1224 2191 1528 2242; x_wconf 80' lang='grc' dir='ltr'><em>νομογραφεῖν</em></span> <span class='ocrx_word' id='word_1_273' title='bbox 1546 2185 1721 2242; x_wconf 82' lang='grc' dir='ltr'><em>ἤρξατο,</em></span> 
     </span>
     <span class='ocr_line' id='line_1_36' title="bbox 342 2243 1720 2300; baseline -0.001 -13"><span class='ocrx_word' id='word_1_274' title='bbox 342 2245 481 2296; x_wconf 85' lang='grc' dir='ltr'><em>τιθεὶς</em></span> <span class='ocrx_word' id='word_1_275' title='bbox 519 2244 871 2299; x_wconf 81' lang='grc' dir='ltr'><em>δημοκρατικούς</em></span> <span class='ocrx_word' id='word_1_276' title='bbox 900 2245 1086 2300; x_wconf 87' lang='grc' dir='ltr'><em>νόμους,</em></span> <span class='ocrx_word' id='word_1_277' title='bbox 1129 2245 1201 2288; x_wconf 86' lang='grc' dir='ltr'><em>καὶ</em></span> <span class='ocrx_word' id='word_1_278' title='bbox 1231 2243 1283 2286; x_wconf 82' lang='grc' dir='ltr'><em>τά</em></span> <span class='ocrx_word' id='word_1_279' title='bbox 1313 2243 1413 2296; x_wconf 87' lang='grc' dir='ltr'><em>περὶ</em></span> <span class='ocrx_word' id='word_1_280' title='bbox 1441 2247 1530 2286; x_wconf 77' lang='grc' dir='ltr'><em>τῶν</em></span> <span class='ocrx_word' id='word_1_281' title='bbox 1564 2246 1720 2286; x_wconf 82' lang='grc' dir='ltr'><em>ἰδιωτι-</em></span> 
     </span>
     <span class='ocr_line' id='line_1_37' title="bbox 341 2299 1723 2357; baseline -0.002 -11.996"><span class='ocrx_word' id='word_1_282' title='bbox 341 2306 436 2345; x_wconf 78' lang='grc' dir='ltr'><em>κῶν</em></span> <span class='ocrx_word' id='word_1_283' title='bbox 465 2304 745 2357; x_wconf 87' lang='grc' dir='ltr'><em>συμβολαίων</em></span> <span class='ocrx_word' id='word_1_284' title='bbox 783 2303 931 2344; x_wconf 88' lang='grc' dir='ltr'><em>δίκαια</em></span> <span class='ocrx_word' id='word_1_285' title='bbox 966 2302 1039 2345; x_wconf 87' lang='grc' dir='ltr'><em>καὶ</em></span> <span class='ocrx_word' id='word_1_286' title='bbox 1075 2299 1210 2344; x_wconf 76' lang='grc' dir='ltr'><em>τᾶλλα</em></span> <span class='ocrx_word' id='word_1_287' title='bbox 1246 2299 1389 2343; x_wconf 76' lang='grc' dir='ltr'><em>πάντα</em></span> <span class='ocrx_word' id='word_1_288' title='bbox 1417 2299 1629 2355; x_wconf 78' lang='grc' dir='ltr'><em>ἀκριβῶς</em></span> <span class='ocrx_word' id='word_1_289' title='bbox 1640 2299 1723 2343; x_wconf 88' lang='grc' dir='ltr'><em>διέ-</em></span> 
     </span>
     <span class='ocr_line' id='line_1_38' title="bbox 340 2355 1722 2415; baseline -0.002 -12"><span class='ocrx_word' id='word_1_290' title='bbox 340 2359 454 2412; x_wconf 81' lang='grc' dir='ltr'><em>ταξε,</em></span> <span class='ocrx_word' id='word_1_291' title='bbox 483 2359 687 2415; x_wconf 86' lang='grc' dir='ltr'><em>πλείστην</em></span> <span class='ocrx_word' id='word_1_292' title='bbox 717 2361 934 2415; x_wconf 86' lang='grc' dir='ltr'><em>φροντίδα</em></span> <span class='ocrx_word' id='word_1_293' title='bbox 963 2363 1040 2415; x_wconf 83' lang='grc' dir='ltr'><em>τῆς</em></span> <span class='ocrx_word' id='word_1_294' title='bbox 1061 2359 1257 2415; x_wconf 80' lang='grc' dir='ltr'><em>ἰσότητος</em></span> <span class='ocrx_word' id='word_1_295' title='bbox 1274 2356 1555 2413; x_wconf 86' lang='grc' dir='ltr'><em>ποιούμενος.</em></span> <span class='ocrx_word' id='word_1_296' title='bbox 1601 2355 1722 2401; x_wconf 86' lang='grc' dir='ltr'><em>κατέ-</em></span> 
     </span>
    </p>
   </div>
   <div class='ocr_carea' id='block_1_3' title="bbox 337 2503 1719 2609">
    <p class='ocr_par' dir='ltr' id='par_1_3' title="bbox 337 2503 1716 2598">
     <span class='ocr_line' id='line_1_39' title="bbox 338 2503 1716 2562; baseline 0 -23"><span class='ocrx_word' id='word_1_297' title='bbox 338 2504 421 2540; x_wconf 85' lang='grc'><em>100.</em></span> <span class='ocrx_word' id='word_1_298' title='bbox 467 2504 653 2550; x_wconf 81' lang='grc' dir='ltr'><em>πολεμίων</em></span> <span class='ocrx_word' id='word_1_299' title='bbox 677 2506 800 2549; x_wconf 79' lang='lat' dir='ltr'>FQx,</span> <span class='ocrx_word' id='word_1_300' title='bbox 833 2504 962 2541; x_wconf 80' lang='lat' dir='ltr'><strong>caeteri</strong></span> <span class='ocrx_word' id='word_1_301' title='bbox 985 2505 1148 2541; x_wconf 77' lang='grc' dir='ltr'><em>πολιτῶν</em></span> <span class='ocrx_word' id='word_1_302' title='bbox 1325 2506 1359 2540; x_wconf 93' lang='grc'><em>1.</em></span> <span class='ocrx_word' id='word_1_303' title='bbox 1405 2503 1716 2562; x_wconf 79' lang='grc' dir='ltr'><em>μετατιθεμένην]</em></span> 
     </span>
     <span class='ocr_line' id='line_1_40' title="bbox 337 2550 1719 2609; baseline 0.001 -24"><span class='ocrx_word' id='word_1_304' title='bbox 337 2552 460 2586; x_wconf 85' lang='lat' dir='ltr'><strong>malim</strong></span> <span class='ocrx_word' id='word_1_305' title='bbox 483 2552 792 2609; x_wconf 83' lang='grc' dir='ltr'><em>μετατεθειμένην</em></span> <span class='ocrx_word' id='word_1_306' title='bbox 959 2550 1015 2586; x_wconf 86' lang='grc'><em>10.</em></span> <span class='ocrx_word' id='word_1_307' title='bbox 1049 2550 1089 2588; x_wconf 78' lang='grc' dir='ltr'><em>ἐκ</em></span> <span class='ocrx_word' id='word_1_308' title='bbox 1111 2552 1210 2597; x_wconf 73' lang='grc' dir='ltr'><em>τῶν]</em></span> <span class='ocrx_word' id='word_1_309' title='bbox 1233 2552 1309 2589; x_wconf 77' lang='grc' dir='ltr'><em>ταῖν</em></span> <span class='ocrx_word' id='word_1_310' title='bbox 1332 2552 1392 2587; x_wconf 88' lang='lat' dir='ltr'><em>FL</em></span> <span class='ocrx_word' id='word_1_311' title='bbox 1565 2553 1622 2587; x_wconf 86' lang='lat'><em>13.</em></span> <span class='ocrx_word' id='word_1_312' title='bbox 1659 2550 1719 2587; x_wconf 79' lang='grc' dir='ltr'><em>εὐ-</em></span> 
     </span>
    </p>
   </div>
   <div class='ocr_carea' id='block_1_4' title="bbox 337 2596 727 2642">
    <p class='ocr_par' dir='ltr' id='par_1_4' title="bbox 337 2596 727 2642">
     <span class='ocr_line' id='line_1_41' title="bbox 337 2596 727 2642; baseline 0.003 -9"><span class='ocrx_word' id='word_1_313' title='bbox 337 2596 436 2642; x_wconf 75' lang='grc' dir='ltr'><em>θύς]</em></span> <span class='ocrx_word' id='word_1_314' title='bbox 463 2596 560 2635; x_wconf 76' lang='grc' dir='ltr'><em>εύθν</em></span> <span class='ocrx_word' id='word_1_315' title='bbox 586 2600 619 2633; x_wconf 86' lang='grc' dir='ltr'><em>Τ</em></span> <span class='ocrx_word' id='word_1_316' title='bbox 643 2601 727 2636; x_wconf 83' lang='lat' dir='ltr'>Bas.</span> 
     </span>
    </p>
   </div>
   <div class='ocr_carea' id='block_1_5' title="bbox 329 2664 1719 2889">
    <p class='ocr_par' dir='ltr' id='par_1_5' title="bbox 329 2664 1719 2889">
     <span class='ocr_line' id='line_1_42' title="bbox 430 2664 1719 2714; baseline -0.001 -13"><span class='ocrx_word' id='word_1_317' title='bbox 430 2668 599 2702; x_wconf 73' lang='grc'><em>137.1-1.</em></span> <span class='ocrx_word' id='word_1_318' title='bbox 646 2665 848 2714; x_wconf 84' lang='grc' dir='ltr'><em>Ελλήνων]</em></span> <span class='ocrx_word' id='word_1_319' title='bbox 875 2664 1039 2708; x_wconf 81' lang='grc' dir='ltr'><em>ἀλλήλων</em></span> <span class='ocrx_word' id='word_1_320' title='bbox 1062 2668 1093 2702; x_wconf 99' lang='lat' dir='ltr'>F</span> <span class='ocrx_word' id='word_1_321' title='bbox 1267 2667 1564 2714; x_wconf 80' lang='grc' dir='ltr'><em>συνενεχθέντες]</em></span> <span class='ocrx_word' id='word_1_322' title='bbox 1589 2679 1719 2710; x_wconf 81' lang='grc' dir='ltr'><em>συναχ-</em></span> 
     </span>
     <span class='ocr_line' id='line_1_43' title="bbox 339 2706 1718 2760; baseline -0.001 -12"><span class='ocrx_word' id='word_1_323' title='bbox 339 2706 388 2748; x_wconf 72' lang='grc' dir='ltr'><em>θέ</em></span> <span class='ocrx_word' id='word_1_324' title='bbox 374 2725 468 2755; x_wconf 87' lang='grc' dir='ltr'><em>ντες</em></span> <span class='ocrx_word' id='word_1_325' title='bbox 490 2714 618 2757; x_wconf 77' lang='lat' dir='ltr'><strong>FLQT</strong></span> <span class='ocrx_word' id='word_1_326' title='bbox 643 2717 727 2749; x_wconf 73' lang='lat' dir='ltr'><strong>Bas.</strong></span> <span class='ocrx_word' id='word_1_327' title='bbox 911 2714 967 2750; x_wconf 87' lang='grc'><em>17.</em></span> <span class='ocrx_word' id='word_1_328' title='bbox 1016 2714 1243 2751; x_wconf 84' lang='grc' dir='ltr'><em>Πυθοδότου</em></span> <span class='ocrx_word' id='word_1_329' title='bbox 1270 2717 1348 2760; x_wconf 80' lang='lat' dir='ltr'><em>QX,</em></span> <span class='ocrx_word' id='word_1_330' title='bbox 1375 2716 1501 2750; x_wconf 78' lang='lat' dir='ltr'><strong>caeteri</strong></span> <span class='ocrx_word' id='word_1_331' title='bbox 1530 2713 1718 2749; x_wconf 80' lang='grc' dir='ltr'><em>Πυθοδώ-</em></span> 
     </span>
     <span class='ocr_line' id='line_1_44' title="bbox 335 2759 1716 2805; baseline -0.001 -10"><span class='ocrx_word' id='word_1_332' title='bbox 335 2772 404 2803; x_wconf 81' lang='grc' dir='ltr'><em>ρου</em></span> <span class='ocrx_word' id='word_1_333' title='bbox 600 2761 657 2798; x_wconf 84' lang='grc'><em>19.</em></span> <span class='ocrx_word' id='word_1_334' title='bbox 705 2760 899 2805; x_wconf 78' lang='grc' dir='ltr'><em>Μάλλιον]</em></span> <span class='ocrx_word' id='word_1_335' title='bbox 946 2759 1096 2796; x_wconf 74' lang='grc' dir='ltr'><em>Μάλιον</em></span> <span class='ocrx_word' id='word_1_336' title='bbox 1129 2762 1158 2795; x_wconf 87' lang='lat' dir='ltr'>F</span> <span class='ocrx_word' id='word_1_337' title='bbox 1355 2763 1412 2796; x_wconf 82' lang='lat'><em>29.</em></span> <span class='ocrx_word' id='word_1_338' title='bbox 1460 2761 1716 2804; x_wconf 79' lang='grc' dir='ltr'><em>τετρακοσίας]</em></span> 
     </span>
     <span class='ocr_line' id='line_1_45' title="bbox 330 2805 1716 2855; baseline 0.001 -15"><span class='ocrx_word' id='word_1_339' title='bbox 330 2807 546 2848; x_wconf 82' lang='grc' dir='ltr'><em>τριακοσίας</em></span> <span class='ocrx_word' id='word_1_340' title='bbox 582 2808 612 2850; x_wconf 75' lang='lat' dir='ltr'>Q</span> <span class='ocrx_word' id='word_1_341' title='bbox 806 2807 864 2842; x_wconf 55' lang='grc' dir='ltr'><em>δὲ.</em></span> <span class='ocrx_word' id='word_1_342' title='bbox 909 2807 974 2853; x_wconf 77' lang='grc' dir='ltr'><em>τῆς</em></span> <span class='ocrx_word' id='word_1_343' title='bbox 997 2807 1135 2854; x_wconf 85' lang='grc' dir='ltr'><em>νήσου]</em></span> <span class='ocrx_word' id='word_1_344' title='bbox 1170 2808 1237 2850; x_wconf 67' lang='grc' dir='ltr'><em>τὰς</em></span> <span class='ocrx_word' id='word_1_345' title='bbox 1260 2807 1398 2855; x_wconf 81' lang='grc' dir='ltr'><em>νήσους</em></span> <span class='ocrx_word' id='word_1_346' title='bbox 1419 2809 1468 2851; x_wconf 80' lang='lat' dir='ltr'><em>L,</em></span> <span class='ocrx_word' id='word_1_347' title='bbox 1510 2805 1579 2853; x_wconf 81' lang='grc' dir='ltr'><em>τήν</em></span> <span class='ocrx_word' id='word_1_348' title='bbox 1601 2819 1716 2852; x_wconf 85' lang='grc' dir='ltr'><em>νησον</em></span> 
     </span>
     <span class='ocr_line' id='line_1_46' title="bbox 329 2853 606 2889; baseline 0 -1"><span class='ocrx_word' id='word_1_349' title='bbox 329 2853 606 2889; x_wconf 81' lang='lat' dir='ltr'>Rhodomannus</span> 
     </span>
    </p>
   </div>
  </div>
 </body>
</html>
