1820 3249
527 662 903 712 ΔΙΟΔΩΡΟΤ
941 662 1079 704 ΤΟΥ
1112 663 1586 709 ΣΙΚΕΛΙΩΤΟΤ
1753 679 1820 716 400

370 768 1071 838 ΒΙΒΛΙΟΘΗΚῙΙΣ
1168 770 1750 820 ΙΣΤΟΡΙΚῘΙΣ

685 902 689 906 -
762 878 997 914 ΒΙΒΛΟΣ
1042 864 1358 916 ΕΙΚΟΣΤΗ.

381 1073 590 1159 Τοῖς’
554 1109 614 1160 εἷς
646 1107 730 1159 -τοὲς
759 1108 951 1164 ἴστορίας
985 1108 1244 1167 ὑπερμήκεις
1284 1110 1551 1167 δημηγορίας
1579 1126 1747 1181 παρεμ-

372 1165 610 1236 βάλλουσιν
647 1164 677 1222 ἢ
703 1171 886 1217 πυκναῖς
924 1168 1164 1237 χρωμένοις
1204 1168 1447 1222 ῥητορείαις
1487 1169 1663 1218 δικαίως
1693 1167 1748 1210 ἄν

320 1228 346 1271 5
375 1239 439 1279 τις
469 1222 765 1293 ἐπιτιμήσειεν.
826 1222 880 1267 ου’
921 1223 1060 1279 μόνον
1088 1223 1173 1280 γὰρ
1211 1224 1259 1266 τὸ
1290 1224 1462 1294 συνεχὲς
1493 1228 1567 1293 τῇς
1597 1223 1748 1280 διηγή-

377 1292 484 1332 σεως
514 1280 586 1323 διὰ
626 1279 716 1351 τὴν
739 1277 944 1336 ἀκαιρίαν
982 1285 1071 1324 τῶν
1107 1280 1450 1350 ἐπειςαγομένων
1478 1281 1620 1350 λόγων
1649 1284 1746 1324 δια-

376 1341 571 1389 σπῶσιν
610 1336 721 1381 ἄλλα
758 1338 832 1380 καὶ
873 1340 963 1380 τῶν
1005 1339 1244 1394 φιλοτίμως
1285 1336 1468 1407 ἐχόντων
1517 1336 1630 1392 πρὸς
1670 1336 1749 1392 τὴν

292 1400 344 1440 10
373 1398 463 1437 τῶν
500 1392 698 1448 πράξεων
737 1394 982 1463 ἐπίγνωσιν.
1042 1396 1186 1441 καίτοι
1214 1409 1262 1449 γε
1289 1393 1393 1445 τοὺς
1413 1394 1750 1438 ἐπιδείκνυσθαι

369 1449 671 1522 βουλομένους
709 1450 847 1508 λόγου
873 1451 1078 1507 ’δύναμιν
1101 1451 1236 1504 ἔξεστι
1276 1450 1376 1495 κατ’
1407 1446 1525 1522 ἰδίαν
1569 1454 1751 1520 ’δημηγο-

370 1509 468 1562 ρίας
504 1507 578 1552 καὶ
606 1508 944 1578 πρεσβευτικοὺς
974 1509 1132 1565 λόγους
1162 1508 1223 1551 ἔτι
1265 1508 1310 1551 δὲ
1339 1508 1528 1566 ἐγκώμια
1557 1510 1630 1552 καὶ
1658 1508 1759 1561 ψό-“

367 1581 475 1620 γους
514 1564 588 1608 καὶ
627 1565 762 1609 τᾶλλα
790 1582 845 1609 τα
884 1570 1065 1610 τοιαῦτα
1102 1564 1427 1609 συντάττεσθαι.
1487 1568 1552 1636 τῇ
1568 1567 1650 1621 γοὶρ
1682 1567 1749 1609 οἰ-

368 1623 558 1679 κονομία
596 1626 685 1666 τῶν
711 1622 856 1678 λόγων
884 1622 1171 1695 χρησάμενοι,
1201 1624 1275 1666 καὶ
1303 1623 1378 1674 τὰς
1407 1620 1642 1673 ὑποθέσεις
1669 1639 1750 1678 χω-

289 1681 342 1724 15
373 1683 442 1732 ρὶς
472 1678 677 1734 ἑκατέρας
705 1679 1058 1750 ἐξεργασαμενοι,
1097 1679 1206 1724 κατὰ
1231 1680 1366 1736 λόγον
1394 1679 1452 1722 ἂν
1470 1680 1529 1723 ἐν
1557 1679 1750 1736 αμφοτέ-

370 1752 470 1790 ραις
498 1740 594 1786 ταῖς
631 1738 942 1793 πραγματείαις
972 1736 1254 1792 ευδοκιμοῖεν.
1312 1741 1396 1780 νῦν
1434 1735 1478 1780 δ’
1508 1737 1619 1780 ε’νιοι
1655 1740 1752 1779 πλε-

373 1791 611 1846 ονάσαντες
680 1794 726 1837 ἐν
791 1799 884 1845 τοῖς
957 1795 1206 1851 ῥητορικοῖς
1273 1792 1427 1849 λόγοις
1486 1793 1752 1850 προςθήκην

369 1848 633 1922 ἐποιήσαντο
677 1850 762 1921 τὴν
810 1850 918 1922 ὅλην
967 1854 1166 1904 ἱστορίαν
1206 1854 1300 1923 τῆς
1329 1853 1608 1923 δημηγορίας.
1671 1854 1750 1894 λυ-

370 1917 444 1956 πεῖ
471 1908 512 1956 δ’
544 1906 600 1954 οὗ
630 1906 773 1966 μόνον
799 1907 849 1952 τὸ
879 1912 1026 1960 κακῶς
1054 1908 1239 1979 γραφέν,
1273 1906 1381 1951 ἀλλὰ
1407 1908 1480 1951 καὶ
1509 1909 1557 1951 τὸ
1589 1894 1752 1952 δοκοῦν

288 1973 344 2014 20
373 1969 421 2012 ἐν
448 1973 541 2020 τοῖς
569 1966 718 2019 ἄλλοις
757 1965 1052 2022 ἐπιτετεῦχθαι
1081 1964 1231 2009 τόπων
1263 1966 1338 2009 καὶ
1376 1967 1541 2019 καιρῶν
1569 1968 1645 2034 τῆς
1684 1966 1750 2008 οἰ-

373 2027 491 2077 κείας
518 2023 675 2077 τάξεως
704 2023 1005 2080 διημαρτηκός.
1038 2023 1107 2066 διό
1139 2023 1214 2066 καὶ
1241 2026 1330 2065 τῶν
1355 2020 1752 2077 αναγινωσκόντων

370 2080 449 2134 τὰς
477 2079 684 2133 τοιαύτας
713 2082 1005 2136 πραγματείας
1046 2081 1089 2123 οἱ
1115 2096 1193 2134 μεν
1221 2078 1540 2135 ὑπερβαίνουσι
1568 2094 1646 2128 τας
1673 2079 1753 2147 ῥη-

371 2141 565 2207 τορείας,
603 2137 687 2182 κᾶν
723 2137 833 2188 ὅλως
873 2137 1171 2191 ἐπιτετεῦχθαι
1205 2136 1410 2188 δόξωσιν,
1444 2151 1487 2177 οι
1526 2134 1572 2177 δε
1602 2133 1673 2178 διὰ
1701 2133 1751 2176 τὸ

374 2200 512 2266 μῆκος
540 2196 614 2240 καὶ
641 2194 721 2251 τὴν
752 2192 974 2266 ἀκαιρίαν
986 2197 1065 2236 τοῦ
1093 2194 1379 2262 συγγραφέως
1409 2190 1660 2243 ἐκλυθέντες
1678 2189 1755 2241 τὰς

288 2252 346 2297 25
375 2252 516 2324 ψυχὰς
544 2251 602 2302 τὸ
642 2266 855 2307 παραπαν
892 2250 1155 2306 αφίστανται
1195 2253 1272 2305 τῆς
1319 2246 1628 2304 αναγνώσεως,
1670 2245 1754 2291 οὐκ

372 2309 541 2365 αλόγως
576 2312 709 2352 τοῦτο
748 2309 997 2377 πάσχοντες
1067 2307 1114 2351 τὸ
1155 2323 1238 2360 γαρ
1264 2310 1353 2379 τῆς
1392 2306 1585 2359 ἱστορίας
1628 2303 1754 2372 γένος

372 2366 543 2410 ἁπλοῦν
572 2365 662 2409 ἐστι
699 2365 774 2409 καὶ
810 2378 1007 2422 συμφυές
1035 2362 1177 2421 ἐαυτῷ
1205 2363 1279 2407 καὶ
1307 2363 1355 2407 τὸ
1387 2362 1580 2407 σύνολον
1615 2360 1750 2418 ἐμψύ-

464 2491 545 2527 406.
569 2491 673 2527 inscr-
693 2492 765 2528 τοῦ
780 2510 823 2517 -
847 2489 1010 2534 εἰκοστή]
1040 2490 1084 2524 Σ.
1109 2487 1280 2532 ὶστοριων
1303 2489 1428 2535 βίβλος
1450 2501 1472 2523 κ
1496 2488 1579 2522 Bas·

420 2538 455 2573 1.
480 2551 546 2579 τας
568 2550 637 2573 οιιι.
662 2539 708 2572 W
889 2537 924 2572 8.
960 2535 1049 2572 οὶλλοὶ
1073 2535 1159 2579 καὶ]
1192 2546 1317 2570 manca
1339 2537 1428 2569 haec
1460 2546 1533 2568 esse
1556 2533 1646 2568 vidit
1671 2534 1748 2569 Ste-

376 2585 513 2629 phanus
696 2585 731 2622 9.
761 2583 885 2620 καίτοι
907 2584 970 2628 γε]
1008 2582 1131 2618 καίτοι
1153 2581 1184 2615 F
1366 2580 1668 2624 επιδείκνυσθαι]
1692 2579 1750 2615 ἒν-

376 2632 599 2689 δείκννιὶθαι
620 2631 651 2666 F
833 2629 889 2665 15.
913 2628 1158 2673 εὐδοκιμοῖεν]
1185 2624 1412 2672 εὐδοκίμουν
1436 2627 1536 2662 TXY
1559 2628 1662 2668 Bas„
1685 2625 1747 2664 εὕ-

375 2689 562 2768 δοκιμὲἕεν
585 2723 616 2757 F
797 2720 855 2757 18.
877 2717 1055 2776 γραφέν]
1086 2718 1242 2766 γράφειν
1275 2731 1393 2754 omnes
1573 2717 1629 2753 19.
1653 2721 1748 2762 τοῖς]

376 2770 437 2809 ἐπὶ
459 2774 536 2813 τοῖς
557 2769 634 2806 FW
770 2768 829 2805 22.
864 2763 958 2809 ὅλως
980 2777 1049 2802 om·
1074 2767 1122 2801 W
1242 2766 1299 2804 27.
1323 2765 1458 2814 εαυτῷ]
1482 2761 1587 2814 αΰτῳ
1608 2766 1638 2801 F
1663 2766 1743 2801 Bas.
