1820 3249
507 196 624 238 LIB.
656 196 745 242 XV,
807 197 939 241 CAP.
969 199 1038 241 68.
1067 200 1510 248 69.1011

133 307 429 364 στρατόπεδον
455 307 747 364 συνεστήσατο
776 305 968 360 ἀνδρῶν
982 308 1178 378 μυρίων·
1205 308 1313 365 μετά
1343 310 1389 354 δὲ
1410 312 1514 355 ταῦ·
1542 315 1598 357 25

131 383 186 410 τα
215 367 574 432 Λακεδαιμονίων
610 365 683 408 καὶ
710 367 797 408 τῶν
827 364 971 407 ἄλλων
1002 363 1241 435 συμμάχων
1270 382 1510 422 παραγενο-

132 423 275 478 μένων
312 423 372 472 εἰς
409 420 642 476 Κόρινθον
681 420 981 491 συνήχθησαν
1002 423 1046 464 οἱ
1083 421 1329 491 σύμπαντες
1358 426 1512 494 διςμυ-

131 481 246 549 ρίων
272 476 354 521 οὐκ
382 477 599 529 ἐλάττους.
640 479 784 532 ἔδοξεν
814 483 897 521 οὐν
925 476 1073 529 αὐτοῖς
1097 477 1410 534 ὀχυρῶσασθαι
1433 497 1511 532 τας

127 533 355 588 παρόδους
387 535 460 578 καὶ
497 534 760 578 διακωλύειν
788 552 890 586 τους
919 535 1145 586 Βοιωτούς
1179 539 1255 592 τῆς
1285 537 1346 587 εἰς
1375 540 1510 580 Πελο-
1540 544 1594 583 30

127 591 355 647 πόννησον
391 593 598 659 εἰςβολῆς.
653 591 886 647 ἀρξάμενοι
927 591 968 634 δ’
1007 590 1093 635 απὸ
1125 596 1355 660 Κεγχρεῶν
1391 595 1513 649 μέχρι

127 651 319 717 Λεχαίου
350 647 632 703 σταυρώμασι
670 650 740 692 καὶ
773 650 973 702 βαθείαις
1000 647 1187 704 τάφροις
1217 648 1512 719 διελάμβανον

126 705 208 750 τόν
237 703 399 748 τόπον·
447 704 555 760 ταχὺ
596 704 641 749 δὲ
671 709 760 748 τῶν
796 705 936 760 ἔργων
973 706 1331 760 συντελουμένων
1361 705 1435 750 διά
1467 723 1511 750 τε

123 777 207 818 την
231 762 511 817 πολυχειρίαν
546 762 635 805 καὶ
648 761 724 813 τὰς
753 765 1006 818 προθυμίας
1043 766 1131 805 τῶν
1162 761 1339 815 ἀνδρῶν
1375 763 1510 834 ἔφθα-

118 831 210 862 -σαν
246 819 350 868 τούς
391 818 617 870 Βοιωτους
653 822 796 862 πάντα
836 821 974 863 τόπον
1013 817 1325 874 ὀχυρώσαντες.
1385 819 1409 863 ὁ
1458 817 1504 863 δ’
1537 823 1592 865 35

119 873 471 945 Ἐπαμεινώνδας
498 874 620 931 ἣκων
640 891 745 929 μετα
775 879 850 936 τῆς
880 877 1105 929 δυνάμεως
1133 877 1412 929 ἐπεσκέψατο,
1433 877 1526 921 καὶ

122 931 398 986 κατανοήσας
437 930 769 988 εὐεφοδώτατον
804 938 916 976 εἰναι
952 933 1090 976 τόπον
1119 931 1228 976 καθ’
1260 932 1313 976 ὃν
1343 935 1386 976 οἱ
1416 938 1508 976 Λα-

121 988 397 1043 κεδαιμόνιοι
429 989 791 1043 παρεφύλαττον,
827 989 876 1033 τό
909 1007 990 1044 μεν
1017 994 1196 1044 πρῶτον
1223 993 1506 1060 προεκαλεῖτο

121 1045 227 1097 τούς
251 1046 487 1098 πολεμίους
515 1047 574 1096 εἰς
603 1045 861 1098 παράταξιν,
883 1045 1036 1101 σχεδόν
1063 1049 1347 1115 τριπλασίους
1376 1045 1507 1098 ὄντας

121 1109 226 1155 τοῖς
253 1101 496 1158 πλήθεσιν,
543 1101 726 1153 οὐδενὸς
771 1104 818 1146 δὲ
856 1108 1104 1158 τολμῶντος
1140 1102 1263 1154 ἐκτὸς
1301 1106 1383 1147 τοῦ
1426 1120 1505 1147 τει·
1532 1104 1588 1148 40

120 1162 326 1230 χίσματος
354 1163 614 1212 παρελθεῖν,
645 1157 744 1202 αλλ’
776 1158 862 1203 άπὸ
890 1164 972 1203 τοῦ
999 1159 1316 1229 χαρακώματος
1345 1159 1505 1230 ἀμυνο-

120 1216 267 1287 με’νων
295 1213 520 1264 ἁπάντων,
549 1220 737 1284 προςῆγε
764 1215 844 1271 τήν
873 1219 976 1271 βίαν
1004 1223 1095 1268 τοῖς
1122 1219 1354 1270 πολεμίοις.
1393 1234 1502 1260 κατα

118 1272 263 1318 πάντα
294 1288 374 1327 μεν
403 1274 486 1315 οὐν
514 1271 594 1316 τόν
619 1272 759 1316 τόπον
789 1274 984 1328 ἐγίνοντο
1013 1275 1270 1340 προςβολαὶ
1270 1275 1500 1345 καρτεραί,

119 1329 302 1386 μάλιστα
335 1328 382 1371 δε
411 1329 520 1372 κατὰ
549 1332 949 1397 Λακεδαιμονίους,
990 1329 1216 1386 εύεφόδων
1253 1328 1396 1373 ὄντων
1427 1347 1501 1374 και
1531 1329 1585 1372 45

120 1383 439 1456 δυςφυλάκτων
473 1389 560 1428 τῶν
600 1385 758 1429 τόπων.
803 1387 988 1442 μεγάλης
1028 1389 1073 1431 δὲ
1105 1389 1352 1458 φιλοτιμίας
1380 1403 1502 1442 γενο-

118 1443 249 1499 μένης
272 1440 383 1512 παρ’
415 1439 683 1496 αμφοτέροις
710 1441 1060 1497 Ἐπαμεινώνδας
1089 1444 1196 1499 ἔχων
1215 1442 1318 1498 μεθ’
1342 1444 1503 1487 ἑαυτοῦ

117 1500 224 1550 τούς
256 1496 461 1551 ἀρίστους
488 1502 577 1541 τῶν
615 1501 821 1554 Θηβαίων
849 1500 974 1555 μόγις
1004 1500 1205 1570 ἐβιάσατο
1235 1517 1340 1551 τους
1368 1505 1503 1544 Λακε-

118 1557 401 1609 δαιμονίους·
436 1553 653 1606 διακόψας
689 1555 736 1598 δὲ
775 1555 855 1611 τὴν
895 1555 1100 1612 φυλακήν
1138 1554 1285 1599 αὐτῶν
1313 1557 1387 1600 καὶ
1421 1559 1502 1613 τὴν

117 1612 308 1665 δύναμιν
357 1611 580 1666 διαγαγὼν
628 1615 875 1681 παρῆλθεν
903 1615 961 1664 εἰς
1008 1613 1087 1669 τὴν
1140 1612 1496 1669 Πελοπόννησον,
1529 1614 1583 1656 50

71 1688 74 1695 ·
115 1666 467 1721 διαπραξάμενος
494 1668 624 1736 ἔργον
654 1668 787 1712 οὐδεν
815 1672 903 1711 τῶν
931 1670 1396 1739 προκατειργασμένων
1424 1687 1498 1713 κα-

114 1725 406 1778 ταδεὲστερον.
438 1723 573 1774 εὐθύς
601 1724 648 1767 δε
678 1724 747 1768 ἐπὶ
782 1729 1000 1793 Τροιζῆνα
1028 1726 1100 1768 καὶ
1126 1723 1393 1780 Ἐπίδαυρον
1422 1743 1497 1770 πο-
1527 1729 1583 1767 69

115 1781 289 1836 ρευθεὶς
325 1779 405 1837 τὴν
444 1781 524 1836 μὲν
554 1781 730 1849 χώραν
755 1781 941 1838 ἐδῄωσε,
983 1786 1070 1825 τῶν
1112 1783 1158 1825 δὲ
1202 1781 1374 1826 πόλεων
1414 1782 1498 1827 οὐκ

113 1837 318 1895 ἠδυνήθη
347 1841 560 1893 κρατῆσαι
589 1839 661 1880 διὰ
685 1836 734 1881 τὸ
765 1855 968 1910 φρουρας
991 1839 1102 1908 ἔχειν
1130 1838 1399 1894 ἀξιολόγους,
1420 1844 1496 1882 Σι-
1526 1838 1580 1881 55

113 1899 268 1940 κυῶνα
297 1893 344 1937 δε
381 1894 452 1942 καὶ
489 1896 712 1938 Φλιοῦντα
744 1897 818 1937 καί
850 1912 972 1945 τινας
1001 1894 1147 1946 πόλεις
1178 1895 1498 1952 καταπληξάμε-

114 1969 196 2004 νος
223 1949 531 2005 προςηγάγετο.
569 1951 836 2005 στρατεύσας
868 1951 912 1995 δ’
943 1952 1011 1996 ἐπὶ
1036 1952 1279 2006 Κόρινθον,
1311 1954 1385 1997 καὶ
1406 1958 1496 1996 τῶν

114 2010 374 2080 Κορινθίων
413 2006 755 2060 ἐπεξελθόντων,
800 2021 981 2064 νικησας
1020 2009 1142 2078 μάχῃ
1183 2010 1369 2060 τούτους
1415 2011 1495 2078 μὲν

114 2065 238 2116 ἐντός
266 2069 356 2107 τῶν
383 2068 535 2119 τειχῶν
570 2065 825 2116 συνεδίωξε,
870 2069 960 2108 τῶν
990 2065 1036 2109 δὲ
1067 2069 1279 2109 Βοιωτῶν
1308 2066 1382 2110 δια
1414 2066 1495 2124 τὴν
1525 2068 1580 2108 60

114 2121 347 2191 εὐημερίαν
375 2121 665 2190 μετεωρισθὲν
668 2138 777 2173 των,
810 2124 884 2164 καί
912 2138 1045 2165 τινων
1072 2125 1313 2177 προχείρως
1342 2127 1498 2180 τολμη-

114 2177 285 2223 σάντων
325 2176 398 2221 διὰ
436 2182 512 2232 τῆς
551 2178 690 2234 πύλης
730 2179 789 2228 εἰς
823 2177 904 2245 τὴι
945 2178 1075 2222 πόλιν
1106 2180 1413 2235 εἰςβιάζεσθαι,
1453 2181 1498 2223 οἱ

111 2236 193 2292 μὲν
222 2237 462 2287 Κορίνθιοι
493 2236 709 2284 δείσαντες
737 2233 987 2289 ἐτράπησαν
1016 2237 1076 2286 εἷς
1105 2237 1184 2286 τοὶς
1215 2238 1376 2288 οἰκίας,
1407 2239 1496 2280 Χα-

111 2293 239 2348 βρίας
267 2290 365 2335 δ’ὁ
394 2294 484 2334 τῶν
508 2288 755 2347 Ἀθηναίων
784 2291 1024 2348 στρατηγός
1051 2292 1284 2349 ἐμφρόνως
1307 2292 1396 2350 ἅμα
1421 2293 1495 2336 καὶ

108 2467 169 2504 2Ί.
196 2468 398 2514 διςμυρίων
421 2482 491 2505 ουκ
523 2468 696 2512 ἐλάττους
718 2470 883 2514 ΑΡΙΚΒ,
905 2471 1035 2506 caeteri
1067 2466 1138 2506 ov'n
1166 2468 1340 2513 ἐλάττους
1364 2471 1492 2515 διςμυ-

112 2515 202 2557 piano
337 2516 395 2551 31.
418 2518 604 2572 βαθείαις]
629 2519 818 2564 6023&qu
955 2518 1013 2552 32
1038 2518 1346 2574 συντελουμένων]
1372 2516 1492 2553 ἐπιτε-

111 2558 298 2604 λουμένων
320 2561 350 2594 L
464 2562 521 2597 34.
545 2563 679 2608 πάντα]
705 2565 791 2599 adde
813 2560 877 2597 τόν
1017 2563 1074 2598 38.
1099 2562 1141 2598 τό
1166 2562 1246 2608 μὲν]
1275 2565 1338 2599 καὶ
1362 2563 1402 2601 τὸ
1423 2563 1491 2607 μὲν

110 2607 172 2640 AF
307 2606 362 2640 51.
387 2605 524 2663 οὕδεν]
551 2609 705 2650 ουδενὸς
730 2610 912 2650 Reiskine,
941 2608 1001 2649 qui
1023 2621 1090 2643 non
1114 2610 1306 2644 offenderat
1335 2612 1378 2644 ad
1404 2611 1490 2644 illud

109 2652 180 2686 vol.
197 2650 224 2685 I.
248 2663 281 2695 p.
299 2652 356 2685 26.
376 2653 431 2688 55.
458 2651 536 2690 υπό
560 2657 626 2701 τῆς
648 2653 781 2695 Ἴσιδος
806 2654 916 2690 ου’δὲν
941 2667 1053 2710 ηττον
1076 2669 1150 2690 των
1176 2653 1297 2690 ἄλλων
1322 2653 1492 2699 ἀξιωθῆ-

109 2710 174 2732 ναι
195 2697 312 2739 τιμῶν
335 2698 496 2734 ἰσοθέων
677 2703 734 2737 53.
757 2698 898 2744 εὐθύς]
923 2697 1018 2735 εύθύ
1045 2702 1074 2734 L
1219 2702 1276 2737 56.
1305 2704 1491 2738 Φλιοῦντα

108 2744 325 2779 Palmeriue:
351 2744 431 2778 libri
457 2748 645 2782 Φαιοῦντα
788 2747 846 2782 56.
869 2747 986 2791 τινας]
1013 2747 1187 2783 edendum
1209 2748 1358 2784 fortasse
1380 2746 1491 2788 ἄλλας

245 2787 366 2825 63.δ’
391 2785 531 2837 ὁτῶν]
557 2790 694 2829 δὲὸΕ

1117 2847 1215 2893 65*
