1820 3249
380 122 489 163 1⁰64
761 117 872 159 LlB.
902 116 1354 161 XV1.cAP.24.25.

381 235 519 275 λωσεν
548 227 631 275 οὖν
660 228 778 286 αὐτῷ
809 228 920 273 διότι
948 227 1053 280 τοὺς
1080 229 1284 300 Δελφοὺς
1311 229 1633 284 καταλαβέσθαι
1663 229 1742 273 διέ

298 292 352 334 35
380 303 542 358 γνωκε,
584 287 659 332 καὶ
694 290 768 357 τῆς
807 287 1070 339 προστασίας
1105 284 1181 329 ἐαν
1209 285 1417 341 ἐγκρατης
1443 286 1741 358 γένηται,τὰ

383 343 575 414 δόγματα
602 346 690 387 τῶν
714 340 1042 411 Ἀμφικτυόνων
1079 340 1309 397 ἄκυρεόσει.
1368 342 1392 386 6
1422 341 1467 386 6'
1493 341 1744 411 Ἀρχίδαμος

384 398 698 468 ἀποδεξάμενος
726 398 804 441 τὸν
832 397 967 469 λόγον
986 402 1187 467 φανερῶς
1208 399 1287 454 μὲν
1307 415 1415 443 κατα
1434 398 1482 443 vd
1503 398 1646 453 παρόν
1664 399 1745 442 οὐκ

383 456 515 529 ἐφησε
542 453 791 526 βοηθήσειν
823 454 969 512 λαθρα
998 455 1044 498 δὲ
1072 453 1215 500 πάντα
1244 454 1522 510 συμπραξειν,
1550 458 1747 524 χορηγῶν

299 517 352 560 40
381 514 454 557 καὶ
493 511 688 581 χρήματα
722 511 796 555 καὶ
833 511 1149 581 μισθοφόρους.
1208 511 1230 555 6
1269 512 1315 556 δὲ
1345 513 1591 581 Φιλόμηλος
1627 527 1745 564 παρα

378 569 458 624 μὲν
483 568 643 612 τούτου
670 569 970 612 πεντεκαίδεκα
996 568 1184 612 τάλαντα
1213 568 1386 624 λαβών,
1427 570 1517 625 ἰδία
1546 568 1592 611 δὲ
1620 584 1747 621 προς-

379 626 473 677 θεις
503 623 584 669 οὐκ
616 623 777 669 ἐλαττω
819 624 1009 677 τούτων,
1059 626 1366 695 μισθοφόρους
1396 641 1441 669 τε
1480 612 1630 677 ξένους
1664 624 1749 679 ἐμι-

382 681 584 725 σθωσατο
614 681 687 725 καὶ
714 684 803 724 τῶν
834 680 1024 724 Φωκέων
1053 681 1215 734 ἐπέλεξε
1244 684 1421 736 χιλίους,
1451 680 1530 733 οὓς
1548 678 1748 736 ὠνόμασε

381 737 626 789 πελταστάς
686 737 899 791 ἀθροίσας
929 737 975 782 δὲ
1005 742 1278 807 στρατιωτῶν
1315 742 1484 794 πλῆθος
1511 737 1585 782 καὶ
1619 753 1749 781 κατα·

299 798 354 842 45
383 794 622 851 λαβόμενος
648 792 696 837 τό
725 798 952 849 μαντεῖον,
990 794 1096 845 τούς
1127 811 1172 838 τε
1203 796 1423 849 Θρακίδας
1451 792 1748 864 καλουμένους

381 855 470 894 τῶν
493 853 681 920 Δελφῶν
719 850 1081 903 ἐναντιουμένους
1110 850 1260 900 ἀνεῖλε
1289 852 1363 895 καὶ
1389 867 1466 902 τας
1495 849 1646 901 οὐσίας
1675 849 1749 894 αὐ-

382 910 472 951 τῶν
500 906 725 977 ἐδήμευσε·
755 905 860 959 τούς
891 906 936 951 δ’
970 906 1130 958 α’λλους
1158 905 1276 962 ὁρῶν
1301 907 1749 977 καταπεπληγμένους,

383 963 616 1018 παρεκαλει
652 962 870 1018 θαρρεῖν,
909 962 968 1014 ὦς
1010 962 1190 1015 οὐδενός
1220 963 1428 1034 ἐσομένου
1457 965 1556 1019 περὶ
1585 960 1750 1014 αυτούς

301 1023 355 1064 50
385 1022 544 1064 δεινοῦ.
588 1021 893 1089 διαβοηθείσης
931 1021 977 1064 δὲ
1003 1024 1078 1076 τῆς
1106 1021 1201 1075 περὶ
1229 1020 1279 1063 τὸ
1309 1019 1428 1076 ἱερὸν
1456 1020 1748 1091 καταλήψεως,

380 1075 569 1147 Λοκροὶ
586 1076 665 1144 μὲν
701 1077 746 1119 οῖ
774 1077 957 1145 πλησίον
987 1079 1209 1128 οἰκοῦντες
1234 1080 1493 1132 παραχρῆμα
1522 1076 1750 1130 ἐστράτευ-

382 1146 487 1178 σαν
507 1132 575 1176 ἐπὶ
613 1131 692 1176 τὸν
733 1131 993 1189 Φιλόμηλον.
1050 1133 1284 1204 γενομένης
1323 1134 1369 1177 δὲ
1404 1134 1503 1188 περὶ
1545 1132 1751 1201 Δελφούς

379 1188 531 1245 μάχης,
561 1189 606 1232 οἱ
624 1188 703 1244 μὲν
722 1190 891 1243 Λοκροι
901 1190 1162 1262 λειφθέντες
1188 1207 1263 1234 και
1290 1190 1480 1241 πολλοὺς
1506 1186 1751 1259 αποβαλόν-

380 1261 451 1297 τες
478 1248 567 1288 τῶν
595 1249 869 1298 στρατιωτῶν
892 1246 1064 1319 ἔφυγον
1095 1248 1155 1297 είς
1182 1247 1262 1301 τὴν
1292 1248 1468 1295 οἰκείαν,
1497 1244 1521 1290 6
1552 1245 1598 1289 δὲ
1623 1245 1753 1289 Φιλό-

300 1303 354 1347 55
383 1306 531 1374 μηλος
544 1301 747 1358 ἐπαρθεὶς
775 1305 829 1358 τῇ
856 1303 971 1359 νίκη,
1000 1303 1077 1354 τοὶς
1104 1306 1193 1346 τῶν
1218 1303 1549 1374 Ἀμφικτυόνων
1578 1300 1750 1358 ἀποφα-

386 1371 472 1409 σεις
509 1357 554 1402 ἐκ
593 1373 638 1401 τε
672 1362 761 1401 τῶν
790 1362 960 1414 στηλῶν
989 1358 1161 1411 ἐξέκοψε
1189 1360 1263 1402 καὶ
1293 1359 1347 1402 τὰ
1375 1359 1474 1412 περὶ
1504 1361 1592 1401 τῶν
1621 1375 1749 1402 κατα-

386 1416 518 1459 δίκων
545 1430 777 1484 γραμματα
811 1415 1056 1458 κατέλυσεν.
1103 1413 1235 1466 αὐτὸς
1264 1415 1309 1458 δε
1339 1416 1516 1458 διέδωκε
1534 1414 1668 1470 λόγον
1692 1415 1751 1466 ὥς

385 1470 484 1515 οὔτε
515 1474 652 1514 συλᾶν
680 1470 730 1514 vd
763 1476 966 1523 μαντεῖον
996 1472 1226 1527 διέγνωκεν
1259 1470 1336 1515 οἰῑ
1388 1467 1524 1527 αλλην
1544 1472 1750 1527 οὐδεμίαν

383 1526 644 1583 παράνομον
670 1528 828 1599 πρᾶξιν
856 1533 1076 1572 συντελεῖν
1106 1527 1408 1584 βεβούλευται,
1460 1545 1536 1583 της
1566 1528 1612 1572 δε
1644 1545 1751 1582 προ-

300 1585 354 1626 60
381 1588 558 1653 γονικῆς
586 1585 849 1653 προστασίας
875 1582 1158 1655 ἄμφιςβητῶν
1185 1585 1260 1628 καὶ
1287 1585 1362 1636 τὰς
1382 1587 1470 1628 τῶν
1494 1584 1750 1640 Ἀμφικτυό-

383 1657 475 1684 νων
513 1639 691 1691 αδίκους
732 1637 977 1710 ἁποφασεις
1024 1640 1249 1697 ακυρῶσαι
1291 1641 1559 1698 βουλόμενος
1596 1644 1755 1698 βοηθεῖ

383 1701 473 1748 τοῖς
501 1698 700 1750 πατρίοις
727 1695 880 1752 νόμοις
907 1701 997 1740 τῶν
1031 1698 1230 1741 Φωκέων.

299 1760 356 1801 25
498 1755 553 1796 Οἱ
592 1753 637 1796 δὲ
674 1753 859 1797 Βοιωτοὶ
897 1754 1181 1805 συνελθόντες
1220 1755 1280 1805 εἷς
1317 1753 1546 1810 ἐκκλησίαν
1589 1752 1753 1809 ἐψηφί-

299 1815 353 1856 65
385 1820 515 1853 σαντο
544 1812 725 1864 βοηθεῖν
753 1813 814 1851 τῶ
844 1812 1050 1866 μαντείῳ,
1092 1810 1166 1855 καὶ
1195 1815 1458 1881 παραχρῆμα
1488 1810 1752 1864 στρατιώτας

382 1866 634 1921 ἐξέπεμψαν.
681 1853 849 1908 τούτων
879 1866 924 1910 δὲ
952 1866 1261 1923 πραττομένων
1291 1867 1315 1909 ὁ
1342 1866 1586 1936 Φιλόμηλος
1613 1868 1751 1922 τεῖχός

382 1938 427 1965 τε
454 1921 730 1991 περιεβάλετο
768 1926 829 1978 τῷ
863 1923 967 1979 ἱερῶ
1001 1924 1075 1967 καὶ
1103 1922 1409 1995 μισθοφόρους
1438 1923 1620 1992 ἤθροισε
1648 1927 1752 1967 πολ-

382 1979 511 2030 λούς,
543 1966 812 2047 αναβιβασας
838 1978 941 2029 τούς
969 1980 1158 2034 μισθοὺς
1187 1981 1261 2023 καὶ
1289 1980 1493 2049 ποιήσας
1506 1978 1752 2035 ἡμιολίους,

381 2035 454 2078 καὶ
482 2039 575 2083 τῶν
605 2033 794 2077 Φωκέων
819 2034 1026 2103 ἐπιλέγων
1044 2035 1148 2088 τούς
1168 2035 1373 2106 ἀρίστους
1394 2036 1650 2091 κατέγραφε,
1678 2037 1753 2080 καὶ

297 2098 353 2137 70
382 2090 488 2147 ταχὺ
528 2089 717 2146 δύναμιν
756 2089 986 2146 αξιόλογον
1021 2091 1243 2148 ἤθροισεν.
1301 2091 1383 2136 οὐκ
1426 2092 1630 2144 ἐλάττους
1665 2109 1750 2149 γαρ

380 2152 467 2191 τῶν
503 2149 867 2217 πεντακιςχιλίων
891 2152 1164 2202 στρατιωτῶν
1202 2149 1331 2220 ae'xmv'
1344 2146 1619 2204 προεκαθητο
1660 2153 1750 2192 τῶν

380 2208 583 2259 Δελφῶν,
614 2202 804 2271 φοβερὸς
835 2202 895 2246 ὢν
924 2204 1005 2260 ἤδη
1034 2210 1126 2256 τοῖς
1143 2206 1252 2259 πρός
1274 2204 1409 2249 αὐτὸν
1428 2209 1629 2274 πολεμεῖν
1648 2209 1750 2262 βου-

358 2262 591 2315 ’λομένοιςκ
649 2275 754 2315 μετα
794 2260 841 2303 δὲ
881 2265 1015 2304 ταῦτα
1056 2261 1316 2317 στρατεύσας
1355 2263 1413 2312 εἰς
1442 2277 1521 2317 την
1548 2265 1637 2305 τῶν
1666 2267 1820 2305 Ao-101

380 2321 501 2370 κρῶν
529 2332 693 2372 χωραν,
724 2316 796 2358 καὶ
825 2317 988 2372 πολλὴν
1016 2321 1090 2374 τῆς
1116 2320 1318 2373 πολεμίας
1345 2322 1424 2373 γῆς
1453 2316 1645 2387 δῃώσας,
1675 2335 1750 2362 uoc-

299 2373 351 2417 75
382 2370 822 2426 τεστρατοπεδεὺσατο
852 2375 1035 2428 πλησίον
1064 2378 1263 2429 ποταμοῦ
1291 2391 1411 2425 τινος
1434 2373 1612 2443 ρέοντος
1631 2375 1749 2429 παρὰ

381 2429 605 2484 φρούριον
644 2427 821 2483 ὀχυρόν.
891 2429 1030 2489 τούτῳ
1073 2431 1119 2474 δὲ
1157 2431 1401 2499 προςβολὰς
1445 2430 1748 2501 ποιησαμένος,

381 2486 453 2530 καὶ
492 2485 550 2542 μὴ
592 2484 834 2540 δυνάμενος
871 2485 1009 2539 ἑλεῖν,
1053 2491 1128 2542 τῆς
1166 2488 1242 2542 μὲν
1283 2487 1537 2543 πολιορκίας
1575 2485 1748 2546 ἀπέστη,

380 2650 434 2686 40.
479 2649 638 2685 τάλαντα
670 2652 818 2697 λαβών]
867 2653 992 2707 λαβών
1017 2652 1177 2690 τάλαντα
1201 2655 1259 2690 ΙΙ.
1282 2656 1637 2692 132s1,56.
1683 2670 1746 2692 κα-

379 2697 563 2743 ταδίκωι]
616 2700 824 2734 καταδικῶν
862 2699 965 2734 ι”οιιίι
999 2700 1130 2744 Cospus
1365 2701 1420 2739 72.
1477 2704 1645 2747 πολεμεῖν
1677 2714 1748 2739 om.

380 2744 461 2781 Bae.
