1820 3249
546 164 662 205 Lm.
685 163 802 206 xlx.
859 164 990 206 CAP.
1009 168 1093 209 11.
1118 168 1555 214 12.134Ί

179 278 334 333 λεὐτῆς
361 274 709 332 παρεκελεύσατο
736 275 952 345 μηδέποτε
987 281 1260 345 συγχωρῆσαι
1281 281 1455 332 γυναικὶ
1476 284 1553 338 τῆς

178 336 415 404 βασιλείας
437 337 724 387 προστατεῖν
778 349 831 375 τα
867 332 948 386 μὲν
991 350 1075 377 ουν
1112 333 1220 379 κατὰ
1265 338 1552 382 Μακεδονίαν

174 394 339 434 τοῦτον
366 389 445 435 τόν
472 388 638 443 τρόπον
670 390 951 446 διοικηθέντα
981 389 1206 446 πρόδηλον
1235 388 1317 447 εἶχε
1346 392 1427 448 τήν
1456 394 1547 438 ἐσο-

173 447 310 503 μένην
332 444 590 517 μεταβολήν.
645 467 670 483 --
715 483 719 489 .

288 503 412 547 Κατὰ
443 502 495 546 δὲ.
528 502 608 571 τὴν
631 486 777 546 Ἀσίαν
805 485 1013 571 Ευμένης
1041 503 1119 557 μὲν
1148 503 1256 559 ἔχων
1283 521 1399 575 τόυς
1414 523 1547 561 αργυ-
1577 489 1632 526 12

176 560 390 614 ράσπιδας
417 557 690 611 Μακεδόνας
717 559 814 602 καὶ
827 559 905 604 τὸν
939 558 1251 614 αφηγούμενον
1281 560 1427 605 αὐτῶν
1451 564 1566 606 'Av-
1563 544 1631 583 &5

170 618 343 686 τιγένην
370 620 660 684 παρεχείμασε
682 615 760 671 μὲν
785 620 879 685 τῆς
893 618 1218 670 Βαβυλωνίας’
1201 634 1248 661 εν
1270 624 1363 669 ταῖς
1388 617 1544 674 ὀνομα-

171 673 369 728 ζομέναις
400 676 560 727 Καρῶν
588 673 768 742 κώμαις,
798 672 909 727 πρὸς
939 674 984 716 δὲ
1006 674 1228 718 Σέλευκον
1246 676 1320 717 καὶ
1343 675 1545 720 Πύθωνα

168 730 369 800 πρέσβεις
406 728 676 782 ἀπέστειλεν,
716 728 850 781 α’ξιῶν
886 732 1069 785 βοηθεῖν
1098 736 1188 781 τοῖς
1216 734 1442 787 βασιλεῦσι
1471 735 1545 778 καὶ

167 783 282 857 μετ
303 785 442 830 αὐτοῦ
474 789 868 856 συναγωνίσασθαι
906 786 1016 856 πρὸς
1049 786 1314 857 ’4ντίγονον.
1371 790 1543 833 τούτων
1572 803 1628 843 90

167 841 228 891 δ’·
249 840 272 886 ὁ
292 844 381 898 μὲν
412 843 585 888 Πύθων
611 848 688 899 τῆς
718 844 909 898 Μηδίας,
938 842 962 886 ὁ
993 841 1037 886 δ’
1069 843 1212 897 ἕτερος
1225 848 1330 913 τῆς
1338 848 1544 900 Βαβυλω-

163 886 282 950 νίας
296 899 527 972 σατράπης
562 899 837 944 ἀπεδέδεικτο
877 896 983 943 καθ’
1022 898 1076 944 ὃν
1109 900 1267 956 καιρὸν
1301 900 1330 957 ἡ
1362 903 1544 958 δευτέρα

164 956 374 1010 διαίρεσις
403 957 589 1028 ἐγενήθη
617 961 707 1000 τῶν
731 961 1006 1009 σατραπειῶν
1029 956 1077 1000 ἐν
1105 959 1446 1030 Τριπαραδείσῳ.
1499 962 1545 1004 οἵ

165 1012 232 1055 δὲ
244 1015 342 1067 περὶ,
376 1015 601 1057 Σέλευκον
637 1019 730 1064 τοῖς
770 1014 849 1070 μὲν
880 1016 1143 1083 βασιλεῦσιν
1176 1015 1346 1070 ε’φασαν
1384 1016 1542 1072 βούλε-

165 1074 272 1113 σθαι
308 1070 575 1125 παρέχεσθαι
611 1072 777 1138 χρείας,
821 1069 1012 1138 Εὐμένει
1047 1071 1194 1125 μέντοι
1229 1088 1278 1130 γε
1318 1073 1537 1128 μηδέποθ’
1567 1083 1623 1125 95

160 1123 398 1181 ὑπομενεῖν
423 1132 663 1176 ποιοῦντας
690 1126 740 1169 τὸ
769 1125 1167 1181 προςταττόμενον,
1200 1145 1254 1172 ου
1286 1130 1541 1182 Μακεδόνες

160 1182 449 1235 συνελθόντες
485 1182 763 1239 κατέγνωσαν
791 1182 1012 1225 θάνατον·
1055 1184 1196 1227 πολλα
1226 1184 1272 1227 δὲ
1300 1187 1408 1239 πρὸς
1435 1187 1540 1231 ταύ-

157 1255 257 1294 την
269 1239 368 1297 τήν
408 1241 668 1294 προαίρεσιν
719 1239 1022 1310 διαλεχθέντες
1044 1240 1380 1295 συνεξέπεμψαν
1422 1242 1534 1298 παρ’

160 1295 308 1339 αὐτῶν
334 1297 605 1367 πρεσβευτην
634 1295 745 1350 πρὸς
763 1293 1010 1365 Ἀντιγένην
1034 1297 1107 1341 καὶ
1137 1314 1243 1347 τους
1273 1296 1538 1354 αργνροῖσπι-
1568 1312 1648 1352 100

159 1354 264 1404 δας,
303 1352 528 1405 αξιοῦντες
563 1351 804 1409 αφιστάναι
832 1357 907 1408 τῆς
934 1351 1169 1421 ηγεμονίας
1195 1353 1387 1411 Εὐμένη.
1447 1362 1537 1401 τῶν

160 1409 228 1452 δὲ
245 1409 523 1453 Μακεδόνων
560 1427 615 1454 ov
655 1410 957 1464 προςεχόντων
986 1415 1077 1459 τοῖς
1112 1410 1284 1464 λόγοις,
1306 1411 1537 1480 Εὐμένης

159 1465 389 1518 ἐπαινέσας
413 1467 558 1510 αὐτῶν
586 1484 666 1522 την
703 1469 961 1519 προθυμίαν
991 1465 1186 1518 ἀνέζευξε
1214 1484 1320 1522 μετα
1352 1474 1428 1538 τῆς
1460 1473 1536 1514 δυ-

157 1521 342 1578 νάμεως,
373 1524 444 1566 καὶ
473 1524 790 1579 παραγευηθεις
819 1523 887 1566 ἐπὶ
916 1522 994 1565 τόν
1025 1526 1177 1578 Τίγριν
1201 1524 1400 1595 ποταμὸν
1416 1543 1535 1571 κατε-

157 1580 500 1631 στρατοπέδευσε
529 1584 604 1635 τῆς
633 1583 901 1640 Βαβυλῶνος
930 1577 1101 1634 απέχων
1130 1581 1334 1631 σταδίους
1361 1599 1531 1635 τριακο-
1563 1590 1588 1631 5

156 1637 294 1709 σίους
351 1638 426 1680 καὶ
455 1638 670 1691 πρόθεσιν
700 1653 780 1705 μεν
809 1641 920 1706 εῖχεν
947 1637 1006 1686 εἰς
1027 1640 1182 1680 Σοῦσα
1211 1643 1434 1682 ποιεῖσθαι
1454 1640 1533 1696 τὴν

155 1696 352 1746 πορείαν,
380 1693 699 1749 διανοούμενος
731 1710 808 1743 τας
837 1694 883 1736 ἐκ
916 1696 1004 1735 τῶν
1038 1691 1128 1735 ἄνω
1154 1699 1430 1746 σατραπειῶν
1460 1699 1533 1740 δυ-

154 1748 306 1804 νάμεις
343 1751 692 1821 μεταπέμπεσθαι
743 1750 818 1793 καὶ
866 1754 959 1799 τοῖς
1002 1751 1246 1804 βασιλικοῖς
1285 1755 1533 1819 θησαυροῖς

153 1808 402 1877 χρήσασθαι
431 1808 539 1862 πρὸς
579 1807 656 1858 τὰς
687 1805 1024 1858 κατεπειγούσας
1053 1808 1209 1861 χρείας.
1267 1805 1530 1873 ἠναγκάζετο

155 1863 202 1906 δε
231 1863 308 1907 τὸν
337 1864 536 1919 ποταμόν
567 1866 809 1931 διαβαίνειν
840 1863 912 1906 διὰ
940 1862 990 1906 τό
1019 1862 1106 1933 τήν
1125 1863 1204 1933 μὲν
1233 1863 1419 1908 κατόπιν
1449 1865 1528 1922 χῶ-
1560 1879 1612 1921 10

155 1936 242 1972 ραν
269 1925 670 1975 προνενομεῦσθαι,
718 1920 797 1975 τὴν
827 1920 873 1963 δὲ
902 1919 1042 1974 πέραν
1081 1918 1287 1974 ἀκέραιον
1317 1919 1430 1965 εἶναι
1457 1924 1532 1967 καὶ

156 1978 350 2028 δαψιλεῖς
382 1976 604 2021 δύνασθαι
638 1976 902 2032 παρέχεσθαι
932 1976 1101 2031 τροφὰς
1138 1981 1199 2019 τῶ
1241 1980 1530 2048 στρατοπέδῳ.

74 2044 144 2078 327
155 2032 481 2089 συναγαγόντος
501 2031 584 2078 οὖν
603 2033 742 2082 αὐτοῦ
764 2039 894 2076 πλοῖα
907 2022 1183 2088 πανταχόθεν
1204 2049 1315 2087 προς
1336 2035 1417 2091 τὴν
1437 2036 1529 2080 δια-

154 2093 306 2144 βασιν,
339 2093 382 2134 οἱ
409 2092 508 2147 περὶ
537 2091 759 2134 Σέλευκον
787 2091 860 2133 καὶ
891 2089 1092 2133 Πύθωνα
1113 2090 1406 2135 κατέπλευσαν
1429 2095 1528 2137 δυσὶ

150 2145 233 2201 ’μὲν
255 2145 478 2203 τριήρεσι,
509 2152 740 2198 κοντωτοῖς
770 2147 815 2190 δὲ
837 2149 1060 2190 πλείοσιν·
1095 2147 1157 2190 ἔτι
1184 2164 1268 2203 γαρ
1298 2148 1351 2191 τοὶ
1382 2148 1528 2219 σκάφη
1560 2165 1611 2208 15

150 2207 316 2247 ταῦτα
312 2209 482 2262 περιῆν
519 2205 568 2248 ἐκ
605 2208 693 2249 τῶν
727 2202 806 2248 ’ὑπ’
843 2201 1125 2260 Ἀλεξάνδρου
1155 2206 1527 2262 ναυπηγηθέντων

151 2370 209 2409 81-
248 2351 494 2419 προστατεῖν]
509 2372 750 2418 προστάττειν
772 2375 823 2417 F,
845 2377 1084 2420 προσταττεῖν
1102 2375 1191 2417 VW,
1215 2375 1344 2409 caeteri
1366 2388 1526 2430 προστα-

151 2418 261 2467 τῆσαι
441 2421 496 2456 83.
548 2421 688 2466 εἷχε]’
676 2422 752 2466 ε’σχε
782 2422 813 2454 F
1004 2420 1060 2456 85.
1107 2399 1256 2464 αὕτ’ῶν]
1293 2418 1411 2457 αὐτόν
1444 2419 1524 2457 Bas.

258 2464 263 2467 ’
333 2466 390 2501 88.
435 2469 605 2502 πείθωνα
628 2469 659 2501 F
684 2467 821 2523 saqpius
1010 2467 1067 2501 89.
1115 2466 1232 2502 αὐτοῦ
1244 2468 1256 2512 ]
1294 2466 1418 2502 ανταῖν
1442 2470 1525 2503 Bm

333 2513 390 2546 91.
437 2512 693 2556 απεδέδεικτο]
720 2513 958 2549 ἀποδέδεικτο
983 2514 1014 2546 F
1203 2513 1260 2547 95.
1308 2511 1525 2559 υπομενεῖν]

150 2551 347 2598 νπομένειν
371 2570 488 2593 omnes
669 2560 726 2595 ⁰8.
774 2560 1072 2604 συνεξέπεμψαν]
1112 2560 1348 2603 συνέπεμψαν
1372 2563 1452 2594 Bas.

151 2600 299 2658 αὐτῶν]
328 2600 440 2639 αυτόν
464 2606 506 2648 F,
532 2606 656 2640 caeteri
682 2604 806 2641 αὐτῶν
976 2606 1033 2640 99.
1079 2603 1280 2650 Ἀντιγένην
1303 2607 1472 2640 Bas.l1ic
1490 2613 1524 2641 et

148 2649 306 2690 i11f‹1·in.,s
330 2651 459 2685 caeteri
481 2664 618 2696 semper
639 2650 749 2697 Ἀντιγ
733 2652 816 2698 γένη
955 2652 989 2687 8.
1036 2652 1333 2698 κατεπειγούσας]
1359 2651 1523 2697 ἐπειγού-

149 2706 215 2743 σας
238 2696 320 2729 Bas.
500 2698 556 2731 11.
606 2696 645 2734 δὲ
668 2699 806 2743 πέραν]
842 2696 883 2734 δ’
911 2696 1038 2744 ἑτέραν
1062 2699 1203 2742 Fva

240 2763 412 2800 327.15.
459 2763 511 2799 ἔτι
544 2785 589 2790 -
620 2767 677 2800 16.
711 2781 762 2801 vu
770 2766 803 2810 ⁵]
842 2762 938 2812 ἦσαν
971 2766 1009 2802 δὲ
1033 2766 1080 2802 τά
1107 2779 1160 2802 σκ.
1183 2768 1301 2803 ταῦτα
1322 2768 1398 2803 τῶν
1421 2763 1520 2812 παρ’

145 2810 286 2855 1⁴*va
449 2812 506 2848 16.
552 2825 686 2859 περιην
705 2814 930 2858 Stephanus:
953 2814 1035 2849 libri
1057 2815 1141 2858 περὶ
1163 2815 1246 2898 γῆν*
1257 2810 1304 2860 ἦν

1138 2871 1246 2914 86*
