1820 3249
471 183 1144 234 LlB.XV111.cAP.24.25.
1380 187 1486 229 1281

122 296 310 371 ἡλικίαις
346 290 633 371 ἀθροίσαντες
678 296 739 347 εἷς
776 296 961 352 μυρίους
996 296 1245 368 κατέφυγον
1282 299 1343 349 εἰς
1383 297 1490 350 τούς

124 373 243 410 ορειι
247 373 324 407 ους
359 356 432 400 καὶ
459 360 627 410 τραχεῖς
659 353 844 404 τόπους,
884 356 942 404 εἰς
972 353 1049 405 οὓς
1078 357 1205 398 τέκνα
1234 357 1306 397 καὶ
1333 361 1485 410 γυναῖ-
1518 353 1573 396 75

122 429 203 464 κας
232 414 306 456 καὶ
333 413 434 462 τούς
458 409 750 480 γεγηρακότας
777 411 851 453 καὶ
878 411 928 454 τό
957 415 1043 454 τῶν
1068 411 1297 467 χρημάτων
1319 416 1490 479 πλῆθος

123 468 353 513 ἀπέθεντο·
391 469 465 512 καὶ
491 467 568 518 τὰς
594 484 676 531 μεν
705 466 959 523 ἀνωχύρους
987 467 1133 518 πόλεις
1160 469 1374 520 ἐξέλιπον,
1411 468 1489 520 τοὶς

123 525 169 570 δὲ
209 524 437 596 ὀχυρότητι
476 519 773 580 διαφερούσας
813 530 1031 593 φρουραῖς
1060 524 1106 570 ἀ
1092 524 1300 580 ’ξιολόγοις
1331 528 1489 569 διαλα-

123 581 274 638 βόντες
311 581 530 654 εὐτόλμως
566 582 784 635 ὑπέμενον
820 597 900 634 την
938 586 1026 624 τῶν
1060 585 1279 635 πολεμίων
1301 582 1484 650 ἔφοδον.
1517 585 1571 625 80

122 641 167 683 οἱ
197 640 241 683 δὲ
273 639 372 692 περὶ
397 639 475 682 τόν
501 637 778 691 Ἀντίπατρον
801 640 872 680 καὶ
893 638 1118 690 Κράτερον
1138 620 1406 693 είςβαλόντες
1428 641 1487 690 εἰς
1515 642 1572 683 25

119 695 200 765 τήν
211 697 426 738 Αἰτωλιαν
437 696 510 738 καὶ
524 694 601 745 τὰς
618 692 902 749 εὐχειρώτους
922 693 1068 745 πόλεις
1088 694 1275 749 ὁρῶντες
1286 694 1489 751 ἐρήμους,

121 751 330 810 ὥρμησαν
348 751 416 795 ἐπὶ
441 751 545 802 τοὺς
567 750 951 806 ἀνακεχωρηκότας
969 754 1027 802 εἰς
1046 751 1122 802 τὰς
1142 754 1392 806 δυςχωρίας.
1438 752 1488 795 τὸ

119 809 198 864 μὲν
225 810 309 852 οὐν
337 813 514 861 πρῶτον
539 825 582 852 οι
604 810 856 858 Μακεδόνες
883 807 992 862 πρὸς
1014 806 1176 858 τόπους
1196 807 1385 863 ὀχυροὺς
1414 809 1487 852 καὶ
1517 811 1571 854 85

118 870 285 921 τραχεῖς
301 864 548 938 βιαζόμενοι
567 865 759 916 πολλους
784 869 871 907 τῶν
897 869 1170 918 στρατιωτῶν
1190 864 1429 934 ἀπέβαλον·
1460 864 1488 922 ἡ

118 922 203 991 γὰρ
227 922 365 977 τόλμα
381 926 469 965 τῶν
487 923 696 965 Αἰτωλῶν
717 924 1025 976 προςλαβοῦσα
1054 922 1133 977 τὴν
1159 921 1206 964 ἐν
1224 927 1315 973 τοῖς
1338 919 1488 973 τόποις

120 976 362 1047 ὀχυρότητα
396 979 556 1048 ρᾳδίως
583 977 772 1034 ἠμύνετο
803 978 907 1028 τοὺς
935 978 1007 1021 δια
1036 978 1116 1034 τὴν
1143 979 1403 1047 προπέτειαν
1427 980 1487 1029 εἰς

120 1033 398 1105 ἀβοηθητους
423 1023 660 1103 κινδύνους
687 1037 1033 1088 προπίπτοντας’
1058 1035 1165 1090 μετά
1184 1035 1229 1078 δὲ
1247 1040 1382 1079 ταῦτα
1398 1039 1488 1079 τῶν
1516 1040 1572 1082 90

117 1092 214 1144 περὶ
245 1089 475 1146 Κράτερον
504 1091 655 1146 στεγνὰ
694 1090 1140 1144 κατασκευασάντων,
1181 1092 1255 1135 καὶ
1292 1103 1489 1135 συνανα-

117 1147 368 1202 γκαζόντων
403 1148 508 1198 τούς
539 1149 771 1202 πολεμίους
797 1146 874 1202 μέν
877 1163 942 1190 ειν
970 1147 1050 1190 τόν
1076 1152 1267 1203 χειμῶνα
1297 1149 1369 1192 καὶ
1399 1151 1488 1192 δια-

38 1210 342 1258 277καρτερεῖν
371 1204 418 1248 ἐν
448 1210 539 1255 τοῖς
567 1203 978 1278 χιονοβολουμένοις
1012 1204 1087 1247 καὶ
1125 1208 1292 1273 τροφῆς
1320 1205 1489 1264 ἐνδεεῖς,

118 1262 179 1312 εἰς
202 1262 306 1312 τούς
330 1259 542 1332 ἐσχάτους
571 1258 714 1318 ἦλθον
742 1260 991 1312 κινδύνους.
1049 1258 1289 1316 αναγκαῖον
1319 1262 1402 1317 γὰρ
1433 1265 1489 1318 ἡν

115 1334 142 1374 η
163 1317 446 1386 καταβάντας
476 1317 560 1362 απὸ
598 1335 686 1361 των
725 1316 862 1374 ὀρέων
897 1319 1243 1385 διαγωνίσασθαι
1269 1319 1378 1373 πρὸς
1407 1321 1487 1363 6v-
1518 1317 1573 1362 95

115 1373 267 1429 νοέμεις
299 1376 649 1425 πολλαπλασίους
678 1375 750 1417 καὶ
787 1386 1056 1430 στρατηγους
1091 1374 1319 1431 ἐπιφανεῖς
1355 1375 1383 1430 ἢ
1420 1376 1489 1430 μέ-

115 1447 275 1481 νοντας
291 1448 352 1474 υπ
360 1429 558 1482 ’ἐνδείας
577 1448 649 1475 και
669 1435 840 1500 κρυμοῦ
859 1433 1174 1503 διαφθαρῆναι.
1232 1432 1315 1497 ήδη
1337 1432 1380 1476 δ’
1412 1432 1491 1475 αύ-

114 1490 205 1529 τῶν
235 1487 630 1543 ἀπογινωσκόντων
667 1487 748 1543 τὴν
785 1490 1003 1555 σωτηρίαν
1040 1487 1286 1543 αὐτόματός
1313 1506 1377 1540 τις
1405 1488 1490 1532 λύ-

118 1555 185 1593 σις
221 1547 308 1587 τῶν
342 1549 492 1589 κακῶν
528 1544 693 1616 ἐφάνη,
733 1543 931 1597 καθάπερ
968 1548 1087 1587 θεων
1115 1561 1236 1595 τινος
1264 1545 1490 1596 ἐλεοῦντος

117 1598 264 1643 αὐτῶν
298 1617 379 1656 την
413 1600 636 1673 εὐψυχίαν.
707 1599 950 1655 Ἀντίγονος
987 1617 1072 1655 γαρ
1114 1601 1138 1644 ὁ
1177 1617 1403 1655 πεφευγως
1442 1603 1489 1646 ἐκ
1519 1611 1600 1652 100

94 1660 192 1726 ,τῆς
215 1654 360 1708 Ἀσίας
397 1660 606 1724 συμμίξας
636 1662 726 1708 τοῖς
755 1673 854 1711 περι
884 1657 960 1699 τὸν
982 1656 1269 1710 Ἀντίπατρον
1298 1659 1490 1710 ἐδίδαξεν

116 1711 282 1764 αὐτοὺς
317 1714 415 1767 περὶ
454 1718 530 1782 τῆς
569 1713 671 1769 ὅλης
707 1715 908 1769 ἐπιβολῆς
960 1717 1044 1756 τοῦ
1090 1716 1361 1769 Περδίκκου,
1416 1715 1490 1758 καὶ

116 1767 228 1813 διότι
249 1769 329 1826 τήν
349 1770 634 1824 Κλεοπάτραν
660 1771 859 1838 γαμήσας
889 1766 1026 1820 εὐθὺς
1056 1770 1148 1826 ἥξει
1175 1787 1280 1841 μετα
1310 1775 1385 1827 τῆς
1416 1773 1489 1815 δυ-

114 1825 283 1879 νάμεως
312 1827 374 1878 είς
401 1829 694 1870 Μακεδονίαν
719 1826 777 1878 ὠς
806 1825 1011 1883 βασιλεὺς
1039 1828 1111 1870 καὶ
1134 1844 1214 1896 την
1250 1826 1489 1900 ηγεμονίαν

115 1881 261 1926 αὐτῶν
289 1884 618 1954 παραιρήσεται.
679 1885 723 1926 οἱ
750 1885 796 1928 δὲ
823 1884 920 1937 περὶ
948 1884 1025 1926 τὸν
1055 1883 1285 1939 Κράτερον
1303 1885 1376 1928 καὶ
1394 1883 1485 1928 Ἀν-
1515 1889 1541 1932 5

99 1940 326 2006 ’τίπατρου
365 1941 439 1983 διὰ
467 1940 516 1983 τὸ
549 1939 801 1995 παραδοξον
828 1945 903 1994 τῆς
924 1943 1240 2010 προςαγγελίας
1268 1946 1487 1985 καταπλα-

115 1992 279 2050 γέντες,
326 1996 627 2066 συνήδρευσαν
658 1996 762 2052 μετὰ
792 2002 881 2040 τῶν
908 1995 1148 2067 ἡγεμόνων.
1204 2000 1488 2068 προτεθείσης

118 2051 202 2093 οὐν
229 2054 389 2123 βουλῆς
415 2053 515 2126 περὶ
542 2052 712 2096 τούτων
745 2053 890 2106 ἔδοξεν
918 2051 1239 2108 ὁμογνωμόνως
1268 2057 1378 2106 πρὸς
1407 2056 1487 2110 μὲν

113 2108 339 2159 Αἰτωλούς
366 2107 441 2177 ἐφ’
470 2106 535 2160 οἷς
562 2107 619 2166 ἦν
648 2110 838 2154 δυνατὸν
868 2112 1145 2181 διαλυθῆναι,
1173 2110 1251 2162 τοὶς
1280 2112 1325 2155 δὲ
1356 2113 1484 2155 δυνά·
1517 2120 1569 2160 10

115 2179 209 2218 μεις
237 2165 345 2209 κατὰ
373 2163 501 2222 τάχος
531 2171 746 2238 περαιοῦν
781 2169 841 2218 εἰς
879 2166 959 2222 τὴν
990 2165 1156 2218 Ἀσίαν,
1204 2168 1278 2211 καὶ
1311 2172 1373 2227 τῷ
1409 2185 1488 2240 μεν

110 2220 323 2292 Κρατέρῳ
358 2238 457 2292 την
471 2226 548 2280 τῆς
579 2221 727 2275 Ἀσίας
755 2222 994 2294 ᾑγεμονίαν
1021 2224 1312 2277 περιτιθέναι,
1349 2228 1411 2281 τῷ
1441 2224 1487 2295 δ’

110 2267 374 2335 Ἀντιπάτρῳ
411 2295 510 2351 την
526 2284 601 2335 τῆς
629 2278 868 2336 Εὐρώπης·
908 2279 1182 2350 πρεσβεύειν
1200 2281 1247 2325 δὲ
1276 2281 1349 2324 καὶ
1377 2280 1488 2336 πρὸς

116 2323 389 2390 Πτολεμαῖόν
417 2335 516 2391 περὶ
543 2339 872 2394 κοινοπραγίας,
901 2335 1009 2382 ὅντα
1037 2342 1119 2382 τοῦ
1136 2353 1217 2394 μεν
1235 2339 1488 2395 Περδίκκου

113 2499 171 2536 77.
219 2498 458 2584 ἀνωχύρους]
484 2504 697 2563 ανοχύρονς
728 2519 846 2542 omnes
1029 2507 1086 2543 81.
1134 2506 1380 2556 εἰςβαλόντες]
1415 2508 1487 2549 εἰς-

116 2544 243 2589 βάνῑες
266 2551 351 2593 QB
355 2561 404 2586 as.
542 2554 599 2589 86.
640 2553 847 2601 ἀπέβαλον]
869 2551 1077 2602 α’πέβαλλον
1103 2555 1150 2590 W
1288 2555 1345 2591 89.
1377 2567 1487 2598 προς-

1284 2614 1328 2636 ον
1358 2599 1435 2636 ἑνοι

114 2636 318 2695 πίπτρντας
341 2647 457 2695 omne?
638 2645 696 2679 92.
742 2644 1110 2691 χιονοβολουμένοις]
1131 2613 1366 2701 χιονοβόλοῖς
1388 2648 1418 2680 F
1439 2613 1457 2642 ς

210 2682 289 2716 277.
320 2682 377 2717 94.
425 2687 524 2733 απὸ]
558 2689 598 2725 ἐκ
620 2691 728 2726 Fvw
911 2692 946 2727 2.
992 2690 1145 2746 ἐπιβολῇ
1147 2706 1165 2731 ς
1194 2694 1486 2726 Rhodomannus:

115 2727 199 2762 libri
223 2726 417 2774 ἐπιβουλῆς
550 2734 585 2769 3.
608 2735 674 2777 τῆς
693 2735 897 2781 δυνάμεως]
921 2737 1113 2781 δυνάμεως
1134 2738 1198 2771 FV
1333 2737 1489 2778 7·⁷19⁰·

115 2776 296 2818 τεθείσης]
321 2777 582 2823 προς-τεθείσης
601 2781 678 2814 Fw
860 2784 917 2817 12.
964 2782 1196 2830 περιτιθέναι
1213 2783 1336 2824 FVW,
1361 2780 1489 2817 caeteri

113 2823 356 2867 περιτεθῆναι
537 2825 593 2860 13.
639 2824 680 2862 δε
704 2827 789 2873 καὶ]
823 2826 862 2865 δὲ
886 2829 917 2863 F

1154 2886 1210 2928 82
