1820 3249
316 188 426 228 1116
661 183 1339 230 L113.XV1‚GAP.74.-75

231 304 286 343 60
314 294 526 340 νον.οὐ
566 296 654 367 μὴν
690 295 715 341 6
745 296 948 368 βασιλεὺς
987 297 1109 354 ἔληγε
1144 300 1222 353 τῆς
1261 294 1551 367 φιλοτιμίας,
1582 295 1690 339 ἀλλὰ

317 351 563 409 διελόμενος
591 353 668 404 τὰς
696 354 904 410 δυνάμεις
936 355 996 405 εἰς
1024 355 1156 398 πλείω
1188 354 1296 409 μέρη
1323 357 1512 408 συνεχῶς
1535 352 1580 396 ἐκ
1601 354 1693 398 δια-

315 412 447 467 δοχῆς
475 410 733 482 ἐτειχομαχει
772 412 845 455 καὶ
881 409 990 455 καθ’
1033 411 1195 467 ἡμέραν
1232 411 1305 454 καὶ
1342 410 1526 464 νύκτωρ.
1585 426 1694 462 τρις-

315 468 503 522 μυρίους
550 465 596 510 δ’
644 468 753 524 ἔχων
791 466 1056 538 στρατιωτας
1092 469 1166 511 καὶ
1202 470 1340 535 βελῶν
1377 467 1450 510 καὶ
1488 470 1692 521 μηχανῶν

230 526 285 568 65
313 527 659 581 πολιορκητικῶν
687 529 880 593 πλῆθος,
925 524 987 568 ε’τι
1025 525 1070 568 δὲ
1100 523 1175 575 τὰς
1203 523 1336 574 ἄλλας
1366 522 1558 579 μηχανὰς
1589 523 1693 566 ἀνυ-

229 583 286 624 Ί5
313 582 604 638 περβλὴτονς,
650 581 879 625 κατεπόνει
917 579 1022 632 τούς
1059 580 1475 636 πολιορκουμένους
1532 583 1607 634 τῆς
1648 578 1694 648 65

313 639 572 693 πολιορκίας
600 640 901 708 πολυχρονίου
928 638 1185 693 γενομένης,
1231 639 1306 681 καὶ
1342 641 1431 680 τῶν
1470 653 1577 680 κατα
1614 636 1694 690 τήν

315 695 444 738 πόλιν
472 699 650 741 πολλῶν
684 695 764 752 μὲν
792 694 1149 750 αναιρουμένων,
1193 693 1275 737 οὐκ
1305 692 1465 749 ὀλίγων
1493 693 1538 736 65
1568 710 1698 747 τραυ-

228 756 285 796 70
315 751 632 821 ματιζομένων,
668 755 759 795 τῶν
788 751 830 795 δ’
863 752 1115 821 ἐπιτηδείων
1143 750 1432 803 ἐκλιπόντων,
1471 749 1698 804 προςδόκι-

311 825 394 864 μος
423 825 480 878 ην
507 806 536 865 ἡ
565 812 642 864 τῆς
671 807 836 859 πόλεως
866 807 1040 859 ἅλωσις.
1100 806 1155 852 οὐ
1184 807 1270 863 μὴν
1298 807 1337 877 ἡ
1354 806 1460 863 τύχη
1495 823 1542 862 γε
1575 824 1699 860 περι-

311 867 397 935 εῖδε
425 864 505 921 τὴν
531 869 621 908 τῶν
650 864 1000 909 κινδυνευόντων
1030 867 1286 934 σωτηρίαν,
1311 863 1418 907 αλλὰ
1446 863 1699 917 παράδοξον

313 921 464 973 αὐτοῖς
502 921 792 965 κατεσκεύασε
833 921 1059 978 βοήθειαν.
1126 926 1202 977 τῆς
1214 938 1316 992 γαρ
1364 924 1446 964 τοῦ
1487 922 1699 975 βασιλέως

314 977 534 1048 αὐξήσεως
572 979 912 1048 διαβεβοημένης
949 979 1061 1022 κατὰ
1097 978 1190 1047 τὴν
1214 975 1383 1029 Ἀσίαν,
1421 975 1455 1028 ῑὸ
1495 976 1699 1046 βασιλεὺς

229 1032 284 1075 75
313 1034 604 1090 υφορώμενος
642 1052 723 1091 την
755 1039 838 1079 τοῦ
874 1037 1095 1079 Φιλίππου
1135 1034 1347 1090 δύναμιν,
1393 1034 1553 1089 ἔγραψε
1589 1033 1699 1105 πρὸς

311 1091 416 1143 τοὺς
456 1091 524 1135 ἐπὶ
561 1093 758 1163 θαλάττῃ
798 1091 1021 1162 σατράπας
1055 1096 1238 1149 βοηθεῖν
1275 1094 1530 1161 Περινθίοις
1569 1091 1699 1135 παντὶ

313 1148 474 1192 σθένει.
538 1148 691 1204 διόπερ
723 1150 768 1193 οἱ
796 1149 1014 1203 σατραπαι
1045 1148 1430 1205 συμφρονήσαντες
1459 1146 1699 1203 ἐξέπεμψαν

312 1207 372 1256 εἰς
400 1205 482 1263 τήν
512 1206 739 1260 Πέρινθον
775 1206 1072 1277 μισθοφόρων
1099 1210 1269 1261 πλῆθος
1298 1206 1371 1249 καὶ
1400 1204 1597 1260 χρήματα
1628 1206 1699 1247 δα-

317 1266 423 1331 ψιλῇ
461 1263 532 1306 καὶ
572 1268 695 1306 σῖτον
732 1262 887 1307 ἱκανὸν
923 1265 996 1307 καὶ
1026 1263 1128 1319 βέλη
1156 1263 1231 1307 καὶ
1258 1261 1394 1305 τᾶλλα
1421 1263 1563 1304 πάντα
1592 1260 1703 1330 προς

233 1319 289 1359 80
317 1319 397 1388 τὴν
426 1323 508 1363 τοῦ
534 1319 730 1376 πολέμου
757 1322 919 1390 χρείαν.
978 1319 1139 1375 ὁμοίως
1170 1319 1216 1386 65
1245 1319 1318 1362 καὶ
1341 1319 1572 1372 Βυζάντιοι
1597 1318 1702 1369 τούς

316 1374 523 1429 ἀρίστους
563 1381 653 1420 τῶν
696 1376 800 1431 παρ’
842 1377 1012 1427 ἑαυτοῖς
1051 1375 1277 1432 ηγεμόνων
1313 1376 1387 1419 καὶ
1426 1378 1703 1429 στρατιωτῶν

315 1432 624 1485 ἐξαπέστειλαν.
685 1432 938 1489 ἐφαμίλλων
974 1434 1020 1477 δὲ
1057 1437 1146 1476 τῶν
1184 1431 1426 1502 δυνάμεων
1451 1431 1701 1488 γενομένων

314 1490 390 1534 καὶ
429 1493 511 1534 τοῦ
548 1488 745 1544 πολέμου
789 1490 1182 1561 καινοποιηθέντος
1219 1487 1354 1532 παλιν
1397 1507 1424 1545 η
1468 1490 1701 1543 πολιορκία

231 1546 286 1590 85
316 1548 571 1602 φιλοτιμίαν
601 1547 844 1617 ἐλαμβανεν
876 1545 1217 1617 ἀνυπέρβλητον.
1279 1546 1302 1589 ὁ
1330 1546 1409 1601 μὲν
1437 1546 1520 1602 γὰρ
1553 1548 1702 1589 Φίλιπ-

313 1618 399 1655 πος
438 1609 531 1655 τοῖς
571 1609 715 1658 κριοῖς
755 1604 932 1648 τύπτων
971 1604 1023 1647 τὰ
1063 1606 1180 1660 τείχη
1207 1606 1428 1674 συνεχῶς
1453 1603 1699 1672 κατέβαλλε,
1742 1620 1745 1623 ·

314 1661 390 1704 καὶ
420 1660 492 1705 δια
520 1663 610 1704 τῶν
638 1660 858 1716 ὀξυβελῶν
896 1659 1109 1731 ανείργων
1137 1658 1242 1711 τούς
1269 1660 1337 1703 ἐπὶ
1366 1663 1454 1702 τῶν
1483 1659 1701 1711 ἐπαλξεων

316 1716 407 1788 ἅμα
436 1717 515 1773 μὲν
543 1717 616 1761 δια
643 1722 733 1761 τῶν
761 1716 1052 1762 πεπτωκότων
1079 1720 1232 1772 τειχῶν
1262 1715 1450 1770 ἁθρόοις
1468 1722 1560 1767 τοῖς
1577 1728 1702 1771 στρα·

314 1773 492 1826 τιιόταις
528 1775 789 1828 εἰςέπιπτεν,
833 1792 922 1829 αμα
960 1775 1006 1818 δὲ
1037 1773 1110 1817 διὰ
1137 1777 1227 1819 τῶν
1255 1771 1479 1828 κλιμακων
1507 1772 1624 1842 πρὸς
1647 1789 1702 1816 τα

232 1831 288 1871 90
315 1830 627 1902 γεγυμνωμένα
657 1835 746 1874 τῶν
773 1835 929 1886 τειχῶν
958 1831 1236 1901 προςέβαινε·
1263 1829 1333 1874 διὸ
1363 1830 1436 1873 καὶ
1461 1834 1539 1899 τῆς
1564 1847 1701 1886 μαχης

318 1888 366 1931 ἐκ
394 1887 536 1944 χειρὸς
565 1887 700 1944 οὔσης
731 1889 776 1932 οἱ
803 1889 883 1943 μὲν
903 1887 1198 1957 ἀπέθνησκον,
1230 1889 1275 1930 οῖ
1295 1887 1341 1929 65
1358 1885 1579 1942 τραύμασι
1601 1892 1702 1930 πολ-

316 1948 410 1995 λοῖς
439 1945 730 2016 περιέπιπτον
786 1961 839 1988 τα
881 1944 926 1989 65
963 1948 1038 2000 τῆς
1073 1947 1196 2000 νίκης
1222 1943 1390 1987 ἔπαθλα
1418 1948 1700 1998 προεκαλεῖτο

316 2000 394 2052 τὰς
422 2006 510 2044 τῶν
540 2000 872 2071 α’γωνιζομένων
903 2000 1215 2071 ανδραγαθίας.
1275 2002 1318 2043 οἱ
1346 2000 1424 2055 μὲν
1451 2001 1535 2055 γὰρ
1556 2005 1701 2044 Maxe-

233 2051 288 2094 95
319 2056 444 2109 δόνες
472 2058 712 2111 ἐλπίζοντες
744 2057 985 2128 εὐδαίμονα
1001 2058 1130 2102 πόλιν
1149 2057 1409 2112 διαρπασειν
1428 2058 1500 2100 καὶ
1518 2060 1700 2111 δωρεαῖς

318 2113 407 2158 υπὸ
432 2119 512 2159 τοῦ
533 2117 755 2159 Φιλίππου
783 2114 1116 2187 τιμηθήσεσθαι,
1148 2114 1219 2158 δια
1249 2114 1328 2168 τὴν
1348 2118 1430 2156 τοῦ
1448 2118 1700 2165 λυσιτελοῦς
1721 2153 1726 2156 .

318 2171 472 2220 ἐλπίδα
500 2177 592 2223 τοῖς
620 2174 780 2223 δεινοῖς
809 2171 1142 2224 ἐνεκαρτέρουν,
1183 2173 1228 2214 οῖ
1257 2172 1303 2243 65
1333 2169 1702 2240 πολιορκούμενοι

233 2246 291 2285 76
319 2229 372 2272 τοὶ
401 2233 478 2300 τῆς
506 2227 706 2280 ἁλώσεως
728 2228 849 2273 δεινα
878 2229 964 2282 πρό
996 2228 1245 2284 ὀφθαλμῶν
1274 2228 1454 2282 ἔχοντες,
1484 2225 1701 2281 ὑπέμενον

212 2305 290 2344 100
319 2284 522 2342 εὐψύχως
548 2285 626 2329 τὸν
653 2286 765 2341 ὑπὲρ
794 2289 868 2357 τῆς
898 2287 1113 2355 σωτηρίας
1141 2286 1367 2328 κίνδυνον.
1415 2284 1700 2338 συνεβάλλετο

318 2343 366 2413 65
394 2348 487 2393 τοῖς
515 2342 909 2398 πολιορκουμένοις
936 2342 963 2399 ἡ
995 2341 1137 2414 φύσις
1148 2345 1224 2397 τῆς
1244 2339 1409 2392 πόλεως
1430 2341 1572 2384 πολλα
1588 2342 1700 2411 προς

316 2415 398 2456 την
425 2398 537 2452 ὑπὲρ
568 2403 658 2443 τῶν
687 2401 803 2444 ὅλων
830 2401 969 2456 νίκην.
1028 2398 1057 2470 ἦ
1085 2397 1170 2469 γὰρ
1207 2398 1430 2452 Πέρινθος
1458 2403 1591 2442 κεῖται
1603 2399 1700 2469 μὲν

317 2471 439 2511 παρα
477 2455 703 2500 θάλατταν
739 2456 808 2501 ἐπί
846 2472 965 2506 τινος
995 2455 1181 2526 αὐχένος
1218 2455 1393 2527 ὑψηλοῦ
1422 2454 1700 2512 χεῤῥονήσου

318 2515 547 2558 σταδιαῖον
583 2513 765 2572 ἐχούσης
792 2513 870 2558 τὸν
903 2511 1075 2569 ανχένα,
1105 2511 1183 2563 τὰς
1212 2510 1257 2556 δ’
1289 2513 1430 2564 οἰκίας
1458 2513 1541 2571 ἔχει
1567 2528 1702 2557 πεπυ-ι

322 2693 380 2730 62.
412 2694 474 2731 καὶ
495 2694 591 2730 καθ’
614 2691 779 2740 ἡμέραν]
805 2692 1025 2740 καθημέραν
1048 2695 1079 2729 F
1101 2694 1206 2730 Bas..-
1229 2693 1351 2729 malim
1374 2691 1467 2739 μἐθ
1642 2692 1699 2728 69.

321 2739 564 2788 ἐκλιπόντων]
595 2740 837 2778 ἐκλειπόντων
861 2743 890 2776 L
913 2743 996 2776 Bas.
1189 2740 1246 2776 75.
1292 2707 1483 2787 θαλάττῃ]
1513 2737 1701 2795 θαλαττης

321 2788 405 2822 Bas.
587 2787 645 2824 79.
685 2787 828 2834 πάντα]
854 2789 935 2822 sort.
961 2784 1083 2822 πάντα
1107 2800 1153 2822 τα
1336 2788 1393 2824 88.
1430 2778 1590 2832 αθρόοις
1606 2788 1701 2832 Pop-

321 2843 386 2878 pot
423 2833 508 2870 libri
531 2829 685 2880 ἀθρόως
867 2834 925 2869 97.
971 2834 1068 2880 πρὸ]
1094 2832 1190 2880 πρὸς
1210 2834 1294 2870 Bas.
