1820 3249
217 442 272 486 45

214 619 269 660 11

214 675 268 718 50

215 954 271 999 55

215 1240 269 1280 60

208 1762 264 1800 70

304 163 416 205 1052
689 161 941 206 LIB.XV1.
971 161 1286 205 cAP.1o.11.

303 275 481 326 Διωνος
510 277 783 329 στρατιωτων
820 274 902 318 οὐκ
938 272 1140 325 ἐλάττους
1172 276 1261 317 τῶν
1287 275 1673 343 πεντακιςμυρίων.

303 336 429 376 οὑτοι
459 331 505 375 δὲ
533 331 690 403 πάντες
720 331 1064 404 ἐστεφανωμένοι
1095 334 1318 386 κατῆλθον
1346 332 1406 381 εἰς
1434 347 1516 386 την
1546 331 1675 373 πόλιν

301 389 640 458 προηγουμένου
680 392 762 431 τοῦ
799 404 843 431 τε
872 389 1047 438 Δίωνος
1075 387 1149 431 καὶ
1177 390 1258 430 τοῦ
1288 387 1571 442 Μεγακλέους
1599 387 1675 430 καὶ

302 445 408 500 μετὰ
436 445 605 488 τούτων
634 443 868 498 τριάκοντα
892 446 1199 513 Συρακοσίων,
1233 447 1275 487 οἳ
1304 443 1434 498 μόνοι
1456 447 1544 486 τῶν
1563 444 1674 486 κατὰ

299 518 380 557 την
400 500 755 571 Πελοπόννησον
785 500 999 558 φυγάδων
1018 502 1320 556 Συρακοσίοις
1341 505 1565 558 μετασχεῖν
1583 503 1674 544 τῶν

297 557 520 602 κινδύνων
547 556 782 627 ἠθέλησαν.

419 619 506 670 Τῆς
535 616 582 658 δὲ
610 614 776 665 πόλεως
804 612 944 671 πάσης
970 613 1344 686 μετημφιασμένης
1362 612 1458 658 άντὶ
1475 617 1551 670 τῆς
1572 615 1675 657 δου-

298 672 416 723 λείας
444 671 525 727 τὴν
551 671 813 726 ἐλευθερίαν,
839 672 912 715 καὶ
939 671 988 715 τὸ
1021 672 1293 726 σκυθρωπὸν
1319 675 1394 741 τῆς
1412 672 1675 726 τυραννίδος

297 730 358 780 εἰς
386 729 687 784 πανηγυρικὴν
717 728 949 784 ἱλαρότητα
978 732 1053 784 τῆς
1080 727 1210 796 τύχης
1234 727 1439 783 ἀγούσης,
1469 732 1588 771 πᾶσα
1614 728 1675 770 οἰ-

297 788 373 829 κία
421 790 593 828 θυσιῶν
631 785 705 829 καὶ
745 789 880 840 χαρᾶς
925 785 1069 840 ἔγεμε,
1117 801 1206 827 των
1248 787 1436 828 ίδιωτων
1472 784 1542 827 ἐπὶ
1580 787 1674 834 ταῖς

299 843 431 893 ἰδίαις
462 841 621 893 ἑστίαις
648 841 937 897 θυμιώντων,
984 842 1060 884 καὶ
1086 842 1185 896 περὶ
1218 840 1297 895 μὲν
1326 845 1415 884 τῶν
1442 839 1674 909 παρόντων

300 897 484 969 άγαθων
514 897 886 970 εὐχαριστοῦντων
913 903 1008 949 τοῖς
1037 903 1173 969 θεοῖς,
1203 898 1301 953 περὶ
1326 899 1371 941 δὲ
1388 900 1476 940 τῶν
1495 895 1673 952 μελλόν-

299 972 388 998 των
417 954 545 1011 εὐχάς
578 955 748 1012 άγαθας
777 955 1078 1024 ποιουμένων·
1108 953 1271 1009 ἐγένετο
1299 953 1346 997 δε
1380 954 1454 997 καὶ
1482 958 1571 997 τῶν
1599 970 1673 1009 γυ-

299 1029 467 1056 ναικων
495 1013 565 1056 ἐπὶ
590 1019 683 1064 ταῖς
712 1013 982 1063 άνελπίστοις
1012 1010 1256 1067 εὐημερίαις
1272 1009 1518 1065 ὀλολυγμὸς
1537 1010 1674 1082 πρλὺς

298 1070 372 1113 καὶ
410 1070 522 1113 κατὰ
558 1074 703 1114 πᾶσαν
741 1087 821 1125 την
859 1069 988 1113 πόλιν
1025 1069 1284 1138 συνδρομαί.
1344 1066 1492 1118 οὐδεις
1530 1066 1575 1110 δ’
1617 1070 1673 1123 ἡν

298 1125 553 1181 ἐλεύθερος,
586 1127 640 1170 ού
672 1129 851 1179 δοῦλος,
885 1124 940 1171 06
972 1124 1104 1178 ξένος,
1136 1124 1184 1174 ὃς
1216 1122 1297 1167 οὐκ
1328 1124 1533 1167 ἔσπευδεν
1563 1126 1673 1167 ἰδεῖν

297 1183 376 1226 τὸν
414 1186 590 1235 Δίωνα,
648 1185 723 1228 καὶ
768 1185 869 1255 τὴν
895 1181 1054 1253 ἆρετην
1093 1181 1281 1235 τάνδρὸς
1320 1180 1480 1232 πάντες
1523 1179 1672 1224 άπεδ’-

297 1256 426 1294 χοντο
461 1240 668 1295 μειζόνως
700 1239 729 1298 ἦ
769 1239 869 1284 κατ’
912 1239 1162 1308 ἄνθρωπον.
1221 1238 1293 1281 καὶ
1329 1237 1455 1281 τοῦτ’
1487 1236 1674 1292 εὐλόγως

299 1297 489 1353 ἔπασχον
522 1297 595 1341 διὰ
630 1296 679 1341 τό
718 1297 902 1353 μέγεθος
936 1297 1008 1340 καὶ
1035 1294 1287 1350 παράδοξον
1315 1298 1392 1350 τῆς
1419 1298 1674 1350 μεταβολῆς.

297 1355 694 1409 πεντηκονταέτους
738 1355 822 1409 γὰρ
865 1355 1066 1404 δουλείας
1107 1351 1436 1422 πεπειραμένοι,
1486 1352 1560 1394 καὶ
1598 1355 1674 1421 τῆς

297 1410 548 1465 ἐλευθερίας
588 1411 660 1454 δια
691 1410 768 1454 τὸν
799 1409 958 1465 χρόνον
987 1410 1332 1465 ἐπιλελησμένοι,
1378 1406 1436 1451 δι’
1469 1407 1568 1458 ἐνὸς
1598 1405 1674 1450 άν-

297 1467 402 1521 δρὸς
431 1466 589 1522 άρετην
627 1466 907 1538 άπελύθησαν
945 1470 1020 1537 τῆς
1050 1470 1301 1538 συμφορᾶς.
1355 1464 1596 1515 Διονύσιος
1626 1464 1674 1507 δὲ
1689 1469 1731 1504 91

294 1524 405 1568 κατοὶ
439 1523 624 1574 τούτους
661 1524 764 1575 τοὺς
803 1523 988 1578 καιροὺς
1018 1522 1149 1573 αὐτὸς
1179 1523 1258 1578 μὲν
1287 1522 1407 1576 ἔτυχε
1438 1523 1674 1590 διατρίβων

293 1582 391 1635 περὶ
420 1583 684 1624 Καυλωνίαν
714 1585 791 1650 τῆς
813 1580 1002 1631 Ἰταλίας
1037 1582 1242 1623 Φίλιστον
1267 1579 1312 1623 δὲ
1331 1578 1408 1622 τὸν
1430 1577 1674 1634 στρατηγόν

293 1639 391 1691 περὶ
431 1637 510 1680 τόν
545 1636 721 1692 Ἀδρίαν
756 1637 864 1681 ὄντα
905 1637 1200 1692 μετεπέμψατο
1230 1635 1335 1706 μετὰ
1362 1638 1438 1690 τῆς
1466 1638 1673 1703 ναυτικῆς

294 1693 542 1765 δυνάμεως,
595 1696 669 1737 καὶ
705 1693 934 1764 προςέταξε
972 1697 1096 1737 πλεῖν
1133 1695 1193 1743 εἰς
1236 1709 1315 1742 τας
1359 1690 1670 1743 Συρακούσας.

295 1749 557 1821 ἀμφοτέρων
579 1750 621 1794 δ’
638 1753 697 1800 εἰς
718 1751 796 1795 τὸν
820 1749 956 1794 αὐτόν
986 1749 1124 1793 τόπον
1153 1749 1295 1792 ἐλθεῖν
1322 1747 1614 1799 σπευδόντων,
1645 1746 1669 1791 ὁ

293 1825 373 1863 μεν
400 1807 641 1859 Διονύσιος
670 1811 772 1863 ἡκεν
801 1809 861 1859 εἰς
889 1806 967 1857 τὰς
997 1804 1290 1876 Συρακούσας
1330 1804 1512 1877 ἡμέραις
1551 1804 1670 1848 ὕστε-

294 1881 379 1918 ρον
417 1860 533 1908 ἐπτα
560 1869 644 1934 τῆς
665 1866 837 1916 Δίωνος
875 1863 1089 1908 καθόδου.
1149 1860 1285 1913 εὐθὺς
1323 1866 1406 1905 οὐν
1434 1873 1672 1914 καταστρα-

293 1924 477 1977 τηγῆσαι
496 1919 779 1990 βουλόμενος
808 1921 911 1971 τούς
940 1922 1253 1973 Συρακοσίους
1294 1918 1393 1972 περὶ
1433 1917 1672 1970 διαλύσεως

293 1977 601 2047 ἐπρεσβεύετο,
653 1979 726 2022 καὶ
749 1978 923 2029 πολλὰς
973 1974 1180 2033 ἐμφάσεις
1216 1976 1364 2019 ἐδίδου
1392 1974 1671 2044 παραδωσειν

294 2052 375 2091 την
397 2037 640 2089 τυραννίδα
668 2038 729 2092 τῷ
760 2034 907 2092 δήμῳ,
959 2034 1033 2077 καὶ
1061 2038 1137 2090 τῆς
1166 2033 1456 2102 δημοκρατίας
1486 2029 1670 2082 άλλάξε-
1728 2082 1731 2084 ‚
1775 2063 1778 2067 ›

295 2097 402 2136 σθαι
439 2108 566 2146 τιμας
602 2079 881 2151 ἀξιολόγους·
931 2087 1057 2161 ἠξίου
1100 2106 1144 2133 τε
1184 2087 1384 2143 πρέσβεις
1420 2086 1672 2132 ἀποστεῖλαι

293 2148 405 2204 πρὸς
429 2147 584 2199 αὐτόν,
618 2147 737 2205 μεθ’
753 2151 817 2191 ὠν
846 2146 1138 2217 συνεδρεύσας
1167 2144 1457 2215 καταλύσηται
1487 2143 1564 2187 τὸν
1593 2145 1673 2188 πό-

294 2210 439 2260 λεμον.
499 2207 544 2248 οἵ
572 2221 650 2260 μεν
680 2206 764 2248 οὐν
792 2203 1066 2258 Συρακόσιοι
1102 2200 1458 2272 μετεωρισθέντες
1485 2205 1579 2252 ταῖς
1609 2201 1672 2245 ἐλ-

292 2264 438 2316 πίσιν,
488 2261 788 2314 ἐξαπέστειλαν
803 2260 1025 2318 πρέσβεις
1053 2259 1157 2311 τοὺς
1185 2256 1556 2315 ἀξιολογωτάτους
1583 2262 1673 2302 τῶν

292 2387 351 2422 41.
389 2387 732 2432 πεντακιςμυρίων]
757 2387 838 2422 vide
859 2385 1116 2421 annotationem
1290 2383 1346 2418 46.
1383 2384 1671 2429 Συρακουσίοις]

294 2436 565 2476 Συρακουσίων
581 2434 762 2468 Reiskius:
786 2435 845 2479 qui
862 2434 924 2466 soli
945 2444 963 2466 e
982 2443 1123 2466 numero
1147 2441 1275 2471 eorum,
1294 2430 1358 2474 qui
1382 2431 1418 2463 in
1444 2430 1672 2473 Peloponneso

291 2480 477 2515 exulabant
494 2481 683 2523 Syracusis,
709 2481 786 2513 ansi
808 2484 887 2513 sunt
896 2482 1064 2533 fortunae
1083 2488 1157 2510 cum
1175 2477 1284 2510 Dione
1301 2487 1337 2509 se
1356 2487 1522 2519 exponere
1540 2477 1672 2532 Cos‚[›us

383 2525 440 2559 59
487 2525 623 2567 πάντες
644 2526 728 2560 Rei
720 2526 828 2559 kius-
853 2525 934 2559 libri
958 2536 1092 2563 παντες
1116 2520 1154 2557 δ’
1295 2518 1539 2566 ἀπεδέχοντο]
1583 2520 1672 2557 ἀπέ-

290 2583 399 2627 χοντο
423 2572 507 2606 Bas.
692 2572 750 2606 62.
793 2571 876 2605 libri
900 2581 1233 2615 πεντηκονταετους
1415 2568 1472 2603 63.
1520 2565 1584 2604 διὰ
1605 2566 1671 2604 τὸν

290 2615 428 2664 χρόνον
453 2629 522 2652 om.
547 2618 651 2659 Bas„
675 2618 839 2652 asterisco
864 2617 1001 2651 notavit
1025 2617 1223 2660 Stephanus

381 2675 439 2711 91.
470 2676 527 2710 68.
574 2643 770 2718 πρόςέταξε
793 2675 854 2708 1:1¹
875 2674 978 2716 Bas„
1014 2673 1142 2708 caeteri
1166 2673 1296 2707 addunt
1318 2673 1443 2714 πᾶσιν,
1465 2672 1557 2715 quod
1580 2675 1672 2705 aste-

293 2721 384 2757 risco
406 2722 541 2756 notavit
564 2722 759 2776 Stephanus
782 2732 844 2754 nec
866 2719 972 2756 vertit
995 2721 1127 2764 Gospus
1316 2721 1420 2753 πλεῖν
1455 2718 1506 2758 εἰς
1535 2716 1602 2757 τὰς
1628 2719 1672 2752 Σ

295 2769 388 2822 Bas,
411 2767 541 2804 caeteri
558 2768 609 2809 εἰς
631 2781 698 2809 τας
723 2769 768 2802 Σ.
796 2768 900 2801 πλεῖν
1081 2766 1138 2799 71.
1188 2760 1341 2809 ἡμέραις
1362 2764 1512 2807 FnTY,
1545 2763 1672 2800 caeteri

295 2810 434 2861 ἡμέρας
616 2813 673 2849 75.
719 2810 958 2858 ἀλλάξεσθαι]
986 2808 1216 2858 ἀλλάξασθαι
1237 2812 1268 2847 F
1290 2812 1373 2846 Bas.
