1820 3249
557 102 676 143 Lm.
706 88 832 142 xvn.
891 99 1023 142 GAP.
1054 104 1121 145 34.
1419 101 1531 144 Ποῖ

156 217 348 270 πολλούς
377 216 609 262 ἀπέκτεινε.
667 217 756 259 τῶν
794 214 840 259 δὲ
869 214 968 270 περὶ
995 214 1073 259 τὸν
1096 214 1374 288 Ἀλέξανδρον
1403 213 1533 271 ὑπερ·

157 277 434 334 βαλλομένων
460 278 555 326 ταῖς
585 272 917 327 ἀνδραγαθίαις,
948 273 1045 326 περὶ
1066 274 1144 328 μὲν
1161 272 1209 317 w*
1237 276 1319 316 τοῦ
1338 275 1530 327 Δαρείου

156 334 400 388 τέθριππον
437 330 544 386 ταχὺ
573 333 740 382 νεκρῶν
770 327 993 384 ἐσωρεύθη
1029 333 1216 384 πλῆθος·
1260 328 1416 380 πάντες
1444 329 1529 383 γὰρ

156 389 375 446 ἐφιέμενοι
404 391 484 431 τοῦ
521 387 730 443 βασιλέως
758 389 926 436 ψαῦσαι
954 386 1064 437 πρὸς
1102 385 1313 441 αλλήλους
1342 385 1527 440 ε’κθυμό-
1557 387 1612 428 75

155 463 265 490 τατοι
298 445 600 517 διηγωνίζοντο
630 444 704 487 καὶ
732 446 813 486 τοῦ
844 447 920 498 ζῆν
949 441 1159 497 οὐδεμίαν
1188 444 1418 487 ἐποιοῦντο
1437 458 1530 497 φει-

158 503 235 546 δώ.
295 502 448 545 ἔπεσον
477 498 518 543 δ’
550 500 596 544 ἐν
624 504 686 569 τῷ
715 499 908 569 κινδύνῳ
937 499 1079 553 τούτῳ
1113 501 1266 544 πολλοι
1293 503 1382 543 τῶν
1410 498 1530 553 παρὰ

159 559 350 630 Πέρσαις
385 557 623 629 ἐπιφανῶν
652 555 899 613 ἡγεμόνων,
949 556 997 599 έν
1025 555 1090 607 οἷς
1118 555 1317 627 υπῆρχον
1341 554 1531 610 Ἀτιζύης

157 616 231 660 καὶ
263 614 518 685 Ῥεομίθρης
555 613 628 658 καὶ
669 613 692 656 ὁ
733 630 808 669 της
837 610 1064 668 Αἰγύπτου
1107 613 1328 669 σατραπης
1363 613 1530 655 Tama-

155 688 245 728 κης.
306 670 469 728 ὁμοίως
507 670 554 714 δὲ
590 674 765 714 πολλῶν
802 671 874 713 καὶ
908 670 1028 722 παρὰ
1061 675 1153 722 τοῖς
1189 667 1418 713 Μακεδόσι
1457 683 1529 712 πε-
1560 671 1613 711 80

156 729 345 781 σόντων,
371 728 553 798 συνέβη
589 727 663 772 καὶ
702 725 838 770 αὐτόν
873 725 953 770 τόν
984 725 1266 782 Ἀλέξανδρον
1302 729 1530 795 τρωθῆναι

154 785 234 830 τόν
267 783 437 841 μηρόν,
483 784 810 840 περιχυθέντων
848 782 968 842 αὐτῷ
1004 788 1094 828 τῶν
1123 785 1353 838 πολεμίων.
1411 784 1454 827 οἱ
1483 782 1530 825 δὲ

155 844 235 886 τὸν
261 846 343 885 τοῦ
361 843 556 898 Δαρείου
573 843 818 913 τεθρίππου
838 830 1004 894 ζυγὸν’
990 842 1211 897 επέχοντες
1229 843 1365 893 ι’πποι,
1397 855 1529 894 τραυ-

155 897 431 969 ματιζόμενοι
460 901 636 949 πυκνῶς
664 899 735 941 καὶ
765 899 838 941 διὰ
866 897 915 941 τό
944 901 1111 954 πλῆθος
1143 901 1231 941 τῶν
1249 899 1347 952 περὶ
1369 896 1530 947 αὐτούς
1558 895 1612 938 85

157 955 474 1026 σωρευομένων
509 958 680 1024 νεκρῶν
717 953 1002 1026 πτυρόμενοι,
1049 955 1102 997 τὰ
1139 955 1220 1010 μὲν
1255 954 1408 1011 χαλινὰ
1440 955 1531 998 διε-

155 1014 339 1063 σείοντο,
368 1009 465 1064 παρ’
494 1009 644 1081 ὀλίγον
674 1010 720 1054 δὲ
749 1027 823 1054 και
853 1011 987 1054 αὐτὸν
1016 1009 1093 1054 τὸν
1120 1016 1313 1081 Δαρεῖον
1347 1013 1407 1063 εἰς
1427 1011 1530 1062 τούς

154 1069 388 1123 πολεμίους
436 1065 680 1137 ἐξήνεγκαν.
751 1067 822 1110 διὸ
861 1068 932 1111 καὶ
972 1066 1244 1111 κινδυνεύων
1279 1067 1465 1124 έσχατως
1505 1067 1529 1111 ὁ

155 1124 360 1194 βασιλεύς
388 1121 522 1175 αὐτὸς
542 1123 719 1194 ἥρπασε
735 1124 840 1175 τούς
860 1125 1063 1180 ῥυτῆρας,
1098 1125 1532 1180 συναναγκαζόμενος

153 1186 284 1226 λῦσαι
311 1180 392 1237 τήν
421 1178 659 1236 σεμνότητα
683 1184 759 1236 τῆς
786 1182 1052 1234 προστασίας
1079 1181 1153 1224 καὶ
1179 1181 1257 1225 τὸν
1274 1182 1395 1236 παρὰ
1419 1181 1530 1236 Πέρ-
1560 1183 1615 1224 90

156 1251 254 1290 σαις
290 1242 382 1289 τοῖς
418 1240 640 1308 βασιλεῦσι
675 1239 873 1293 κείμενον
907 1237 1048 1293 νόμον
1082 1238 1342 1310 υπερβῆναι.
1400 1254 1532 1294 προς-

155 1296 269 1353 ήχθη
305 1294 351 1338 δε
387 1295 460 1337 καὶ
496 1293 738 1365 τέθριππον
776 1294 924 1349 ε’τερον
962 1294 1052 1338 ὑπὸ
1091 1299 1181 1339 τῶν
1211 1295 1441 1352 ὑπηρετῶν
1468 1297 1532 1338 τῶ

157 1353 354 1407 Δαρείῳ,
383 1351 458 1394 καὶ
485 1351 593 1394 κατοὶ
623 1350 703 1407 τὴν
733 1353 794 1402 εἰς
819 1355 951 1395 τοῦτο
959 1351 1219 1422 μεταβασιν
1246 1356 1437 1409 ταραχῆς
1464 1368 1533 1408 γε·

155 1408 364 1465 νομένης,
394 1406 417 1450 ὁ
445 1423 535 1478 μεν
553 1413 753 1460 Δαρεῖος,
784 1407 1062 1462 ἐπικειμένων
1089 1413 1178 1452 τῶν
1206 1413 1440 1479 πολεμίων,
1474 1410 1534 1461 εἰς

157 1467 358 1534 ἔκπληξιν
386 1465 459 1507 καὶ
490 1463 590 1515 δέος
621 1465 943 1508 ἐνέπιπτεν·οῑ
974 1464 1018 1508 δε
1050 1465 1218 1520 Πέρσαι
1244 1465 1323 1510 τόν
1353 1467 1533 1537 βασιλέα
1562 1466 1617 1508 95

157 1520 504 1596 κατανοήσαντες
541 1521 860 1593 ταραττόμετον
900 1522 960 1572 εἰς
995 1522 1154 1592 φυγὴν
1194 1522 1414 1593 ω’ρμπησαν
1481 1522 1532 1566 τὸ

158 1579 203 1625 δ’
245 1577 353 1622 αὐτὸ
407 1578 481 1621 καὶ
525 1581 615 1621 τῶν
653 1577 868 1635 ἐχομένων
907 1578 1072 1621 ἱππέων
1108 1579 1388 1651 ποιησαντων
1424 1579 1533 1636 ταχύ

156 1635 316 1687 πάντες
355 1633 611 1690 έτραπησαν.
669 1639 745 1690 τῆς
783 1636 830 1678 δε
859 1638 1003 1704 φυχῆς
1025 1635 1167 1704 οὔσης
1196 1637 1243 1680 έν
1267 1636 1417 1688 τόποις
1446 1647 1534 1680 στε·

93 1721 96 1729 v
156 1699 252 1745 νοῖς
279 1692 352 1737 καὶ
379 1691 564 1747 τραχέσι,
596 1695 910 1748 συμπίπτοντες
929 1691 1143 1762 αλλήλους
1162 1693 1534 1749 συγκατεπατουν,
1565 1695 1646 1736 100

157 1751 231 1797 καὶ
260 1749 413 1793 πολλοὶ
442 1748 571 1804 χωρὶς
600 1751 806 1805 πολεμίας
834 1752 998 1819 πληγῆς
1027 1747 1319 1821 ἀπέθνησκον.
1369 1751 1534 1794 ἔκειντο

156 1807 238 1867 γὰρ
268 1805 381 1862 ὁμοῦ
410 1806 730 1860 σωρευθέντες,
771 1807 814 1850 οἱ
841 1822 920 1875 μεν
953 1805 1060 1848 α’νευ
1088 1810 1177 1850 τῶν
1206 1806 1376 1861 ὅπλων,
1416 1809 1458 1851 οἱ
1488 1809 1535 1852 δὲ

156 1867 393 1934 τηροῦντες
421 1861 498 1913 τὰς
525 1864 788 1914 πανοπλίας·
818 1878 929 1914 τινες
950 1862 996 1905 δὲ
1019 1863 1344 1935 γεγυμνωμένα
1348 1881 1401 1906 τα
1429 1865 1534 1920 ξίφη

156 1919 500 1992 διαφυλάξαντες
527 1918 632 1970 τούς
660 1920 758 1975 περὶ
776 1922 912 1962 ταῦτα
931 1916 1301 1975 αναπειρομένους
1319 1936 1532 1989 ανῃρουν·

157 1981 203 2025 οἱ
239 1978 285 2022 δε
324 1980 519 2020 πλεῖστοι
558 1976 618 2027 εἰς
651 1976 705 2019 τὰ
740 1978 868 2021 πεδία
897 1976 1214 2049 διεκπεσόντες,
1257 1977 1330 2022 διά
1363 1979 1532 2022 τούτων
1557 1976 1587 2020 5

156 2034 243 2082 ἀπὸ
274 2033 462 2104 κράτους
491 2032 743 2085 ἐλαύνοντες
771 2032 876 2084 τούς
905 2034 1064 2085 ι’ππους
1085 2035 1145 2085 εἰς
1166 2051 1243 2086 τας
1262 2037 1532 2104 συμμαχίδας

157 2093 304 2142 πόλεις
339 2090 625 2146 κατέφευγον.
682 2088 710 2147 ἡ
750 2090 795 2134 δὲ
831 2093 919 2133 τῶν
954 2089 1231 2135 Μακεδόνων
1260 2091 1429 2162 φαλαγξ
1457 2093 1533 2135 καὶ

157 2150 207 2195 τὸ
239 2153 328 2193 τῶν
360 2150 546 2203 Περσῶν
574 2147 706 2201 πεζὸν
736 2146 995 2218 στράτευμα
1010 2147 1179 2216 βραχυν
1207 2147 1371 2203 χρόνον
1399 2149 1446 2193 έν
1476 2151 1532 2205 τῇ

158 2224 273 2264 μαχῃ
314 2204 519 2276 διέμεινε
568 2205 906 2275 προηττημένων
944 2203 1027 2277 γὰρ
1066 2208 1154 2249 τῶν
1192 2205 1357 2249 ἱππέων
1399 2207 1534 2250 οἱονεί
1566 2205 1618 2245 10

157 2280 223 2316 τις
249 2262 457 2321 προαγών
493 2260 682 2318 ἐγεγόνει
719 2265 796 2319 τῆς
839 2260 942 2319 ὅλης
975 2262 1111 2319 νίκης.
1167 2277 1346 2307 παντων
1373 2263 1419 2308 δὲ
1447 2266 1537 2307 τῶν

160 2433 217 2468 71.
265 2432 339 2468 τῶν
363 2429 426 2474 δε]
459 2433 534 2468 τῶν
558 2433 588 2467 F
777 2431 835 2466 73.
881 2429 924 2466 τὸ
948 2431 1019 2467 τοῦ
1043 2434 1088 2467 Δ.
1111 2432 1190 2476 FL,
1227 2432 1356 2468 caeteri
1379 2431 1444 2467 τόν
1467 2432 1538 2467 τοῦ

161 2483 207 2515 A.
390 2478 446 2512 76.
494 2480 545 2523 τῷ
568 2476 728 2534 κινδύνῳ
755 2479 830 2521 FX,
856 2478 980 2512 caeteri
1003 2477 1165 2524 κινδύνῳ
1347 2479 1402 2513 78.
1451 2475 1539 2514 'Au-

161 2524 270 2570 ζύης]
294 2521 482 2579 Ἀντιξύης
499 2525 580 2559 libri
761 2504 1005 2569 Ῥεομίθρης]
1033 2513 1309 2560 Arrh6om1'thres
1330 2526 1396 2559 eos
1383 2536 1465 2568 pus

251 2570 310 2605 79.
362 2568 570 2615 Τασιακης]
596 2569 805 2615 Στασιᾶκης
827 2570 886 2605 FL
1070 2570 1127 2604 90.
1174 2575 1254 2611 τοῖς
1276 2583 1346 2605 om.
1369 2572 1453 2605 Bas.

250 2616 333 2651 100.
379 2616 700 2676 συγκατεπάτουν]
724 2615 953 2654 συνεπάτουν
976 2616 1010 2650 Τ
1033 2617 1116 2650 Bas.
1140 2622 1245 2660 recte,
1270 2617 1393 2668 ορίηοι·

159 2665 194 2704 3.
242 2663 356 2708 ξίφη]
383 2663 471 2709 ξίφη
495 2663 557 2699 και
578 2665 609 2697 F
767 2665 802 2698 4.
852 2661 1190 2721 αναπειρομένους]
1216 2661 1537 2706 ἄναπειρωμένους

160 2712 190 2745 L
214 2710 294 2745 Bas.
470 2709 503 2744 7.
550 2709 796 2757 κατέφευγον]
820 2722 1028 2755 κατεφνγον
1050 2709 1082 2744 F
1254 2709 1288 2745 8.
1333 2708 1442 2752 πεζόν
1463 2719 1534 2743 om.

160 2758 243 2792 Bas.
