1820 3249
275 134 384 176 12⁰0
622 127 742 172 LIB.
771 128 907 172 XVII.
967 129 1100 171 cAP.
1132 134 1199 173 66.
1229 133 1297 173 67.

277 243 501 314 Περσικήν
530 243 752 313 βασιλείαν
781 245 1031 299 μεταβολῆς,
1057 241 1275 312 ὑπέλαβεν
1302 240 1458 286 ἑαυτὸν
1487 240 1648 310 ὑπερή-

276 301 423 356 φανόν
461 319 502 344 τι
541 301 837 369 πεποιηκέναι
856 302 929 343 καὶ
966 305 1044 368 τῆς
1083 300 1192 353 πρὸς
1229 299 1305 350 τὰς
1338 298 1651 353 αἰχμαλώτιδας

275 360 504 408 ἐπιεικείας
538 355 898 410 αλλοτριώτατον.
958 355 1108 409 διόπερ
1147 356 1545 410 προς-καλεσάμενος
1573 355 1652 397 τόν

275 417 409 459 θέντα
438 415 516 469 τὴν
545 414 759 467 τράπεζαν
789 414 984 465 ἐπέταξεν
1008 417 1112 468 αραι
1130 412 1269 456 πάλιν.
1311 413 1502 455 ἐνταῦθα
1523 427 1655 464 παρε-

160 485 163 489 ’
192 477 248 521 40
278 473 387 523 στιὸς
421 471 641 521 Φιλώτας,
674 469 787 513 Ἀλλ’
805 469 893 538 οὐχ
921 470 1047 524 ὕβρις
1077 470 1213 520 ἐστίν,
1255 474 1365 520 εἰπε,
1397 468 1445 511 τὸ
1477 467 1534 523 μὴ
1565 467 1652 511 ὑπὸ

278 534 361 573 σοῦ
397 526 685 597 προςταχθὲν
707 525 814 570 &Md
855 525 1062 580 δαίμονός
1101 543 1217 577 τινος
1257 525 1431 581 ἀγαθοῦ
1459 541 1651 580 προνοίᾳ

277 587 350 630 καὶ
387 585 602 656 βουλήσει.
663 582 685 629 ὁ
729 585 774 627 δὲ
813 584 1016 637 βασιλευς
1056 583 1367 637 οἰωνισάμενος
1411 581 1460 625 τὸ
1504 581 1652 636 ῥηθέν,

192 682 248 720 67
277 643 537 698 προςέταξεν
557 642 652 741 ὁέἇν
692 641 892 695 κειμένην
930 638 1018 683 ὑπὸ
1052 644 1110 697 τῷ
1141 639 1289 696 θρόνῳ
1319 638 1401 709 τήν
1430 642 1654 692 τραπεζαν.

465 717 515 741 τα
585 715 602 741 ε
641 703 777 740 ταῦτα
815 713 893 739 vv
945 697 1009 738 ιεν
1044 702 1113 739 Λα
1145 713 1161 739 ε
1184 714 1236 738 ου
1341 695 1381 738 τέ
1417 713 1442 738 α
1508 713 1551 737 αι
1579 712 1631 737 τα

193 736 248 779 45
278 699 520 812 θυγαίτῖἓας
549 772 620 798 και
649 754 727 797 τόν
757 715 864 796 υἱόν]
890 714 1093 795 ἀπέέλιπεν
1115 714 1382 802 ἐὶνιΣούὲόῖις.
1387 712 1503 795 Quodn
1518 711 1656 805 παραῗ

278 814 507 882 κατέστησε
536 811 639 861 τοὺς
670 810 922 861 διδάξοντας
943 826 1022 878 την
1035 809 1287 877 Ελληνικὴν
1312 808 1547 858 διάλεκτον,
1581 806 1655 850 αὕ-

279 871 351 920 τός
387 871 432 912 δὲ
461 868 565 924 μετα
594 872 667 921 τῆς
692 866 915 920 δυνάμεως
946 864 1176 918 ἀναζεύξας
1204 870 1452 917 τεταρταῖος
1484 865 1549 907 ἐπὶ
1578 863 1656 907 τόν

196 934 250 977 50
286 930 436 995 Τίγριν
466 925 663 980 ποταμὸν
693 922 886 977 αφίκετο.
948 921 995 973 69
1026 939 1069 977 ρε
1054 924 1136 965 c'mv
1158 921 1241 966 απὸ
1262 939 1336 976 της
1358 920 1526 972 Οὐξίων
1545 920 1653 975 όρει-
1666 922 1735 956 212

280 1001 358 1038 νης
386 982 435 1025 τὸ
465 998 542 1037 μεν
571 985 749 1034 πρῶτον
780 979 954 1035 φέρεται
984 981 1055 1022 διὰ
1085 978 1229 1050 χώρας
1257 980 1453 1033 τραχείας
1482 978 1555 1021 καὶ
1586 995 1658 1033 χα-

283 1039 466 1113 ράδραις
505 1038 709 1106 μεγαλαις
761 1035 1062 1092 διειλημμένης
1110 1036 1178 1079 ἐπὶ
1224 1037 1427 1084 σταδίους
1470 1036 1657 1090 χιλίους·

280 1098 424 1140 ἔπειτα
456 1096 625 1150 διαρρεῖ
649 1092 794 1149 χώραν
825 1094 1018 1143 πεδιαδα,
1048 1090 1353 1146 πραϋνόμενος
1375 1090 1440 1134 αεὶ
1473 1095 1655 1160 μᾶλλον

282 1154 354 1196 καὶ
396 1153 582 1195 διελθών
622 1153 824 1200 σταδίους
863 1151 1112 1200 ἑξακοσίους
1153 1150 1311 1203 ἐξίησιν
1350 1150 1408 1199 εἰς
1436 1149 1516 1203 τὴν
1547 1164 1656 1191 κατα

199 1216 253 1259 55
286 1211 458 1262 Πέρσας
498 1208 731 1251 θαλατταν.
791 1206 944 1265 διαβας
983 1207 1027 1249 δὲ
1068 1206 1144 1249 τὸν
1184 1208 1334 1261 Τίγριν
1369 1210 1561 1260 προῆγεν
1592 1205 1660 1247 ἐπὶ

283 1266 362 1322 τὴν
399 1264 566 1316 Οὐξίων
586 1263 744 1319 χώραν,
775 1266 914 1306 ουσαν
933 1263 1174 1317 πάμφορον
1191 1264 1263 1304 καὶ
1279 1262 1504 1312 δαψιλέσιν
1525 1261 1659 1304 ὕδασι

283 1323 599 1390 διαρρεομένην
628 1322 700 1364 καὶ
730 1320 921 1369 πολλους
949 1321 1020 1362 καὶ
1051 1318 1356 1368 παντοδαπούς
1368 1318 1661 1388 ἐκφέρουσαν

281 1379 495 1433 καρπούς
529 1377 595 1421 διὸ
626 1379 697 1420 καὶ
727 1382 801 1432 τῆς
832 1375 1002 1430 ὠρίμου
1032 1374 1376 1445 ξηραινομένης
1356 1375 1531 1429 οπώρας
1555 1391 1660 1417 παν-

200 1446 253 1485 60
283 1436 452 1480 τοδαπὰ
490 1434 720 1488 πλάσματα
760 1433 948 1488 χρήσιμα
985 1434 1092 1486 πρὸς
1134 1431 1377 1475 ἀπόλαυσιν
1406 1434 1449 1474 οἱ
1477 1432 1555 1474 τὸν
1589 1433 1660 1474 Τί-

282 1509 383 1548 γριν
421 1491 622 1541 πλέοντες
661 1491 854 1559 ἔμποροι
870 1490 1138 1562 κατάγουσιν
1167 1491 1225 1539 εἰς
1250 1490 1327 1544 τὴν
1359 1489 1661 1544 Βαβυλωνίαν.

282 1548 538 1604 καταλαβών
569 1548 614 1590 δὲ
644 1547 719 1598 τοὶς
743 1545 965 1601 παρόδους
985 1547 1312 1601 φυλαττομένας
1331 1545 1417 1588 ὑπὸ
1437 1545 1660 1597 Μαδέτου,

282 1609 521 1662 συγγενοῦς
551 1604 631 1674 μὲν
658 1603 785 1654 ὄντος
813 1605 1028 1654 Δαρείου,
1060 1602 1248 1658 δύναμιν
1278 1603 1324 1645 δὲ
1351 1602 1520 1656 ἔχοντος
1548 1601 1663 1653 αξιό-

281 1668 427 1717 λογον,
457 1660 746 1711 κατεσκέψατο
778 1660 857 1715 την
888 1659 1127 1730 ὀχυρότητα
1165 1663 1251 1701 τῶν
1284 1658 1443 1702 τόπων.
1502 1657 1664 1711 οἷπαρο-

200 1725 254 1768 65
286 1719 452 1763 δεύτων
482 1716 526 1761 δ’
553 1718 691 1761 ὄντων
721 1721 940 1789 κρημνῶν,
970 1720 1057 1759 τῶν
1087 1715 1304 1782 ἐγχωρίων
1332 1732 1396 1765 τις
1421 1713 1547 1771 ανήρ,
1580 1715 1663 1758 Οὔ-

286 1779 373 1828 ξιος
403 1792 480 1830 μεν
509 1773 556 1818 τὸ
587 1774 723 1843 γένος,
754 1775 954 1828 ἔμπειρος
984 1773 1029 1815 δὲ
1058 1789 1146 1815 των
1174 1773 1343 1819 τόπων,
1384 1772 1662 1839 ἐπηγγείλατο

284 1837 344 1891 τῷ
384 1836 551 1900 βασιλεῖ
593 1830 665 1874 διά
704 1847 822 1880 τινος
866 1833 1015 1884 στενῆς
1056 1828 1252 1882 οἷτραποῦ
1291 1829 1364 1872 καὶ
1405 1827 1663 1885 παραβόλου

287 1880 403 1942 ἄξειν
434 1888 536 1939 τούς
565 1887 850 1941 στρατιωτας,
891 1887 994 1937 ὥςτε
1030 1884 1310 1939 ὑπερδεξίους
1341 1886 1543 1941 γενέσθαι
1573 1889 1663 1928 τῶν

202 1955 256 1994 70
286 1948 515 2014 πολεμίων.
576 1943 599 1987 ὁ
631 1943 672 1988 δ’
689 1942 963 1997 Ἀλέξανδρος
989 1941 1333 2014 προςδεξάμενος
1360 1944 1463 1993 τοὺς
1488 1942 1663 2012 λόγους,

283 2003 425 2058 τούτῳ
467 2018 545 2070 μεν
581 2001 881 2044 συναπέστειλε
918 2016 1024 2050 τους
1055 2000 1248 2069 ἱκανούς
1264 1999 1546 2069 στρατιώτας,
1579 1998 1663 2042 αὐ-

284 2060 357 2111 τὸς
389 2048 432 2102 δε
462 2075 542 2114 την
573 2059 723 2101 διοδον
752 2055 1076 2107 κατασκευάσας
1108 2053 1181 2110 ἐφ’
1215 2073 1278 2098 ων
1307 2061 1361 2120 ἡν
1380 2055 1663 2126 ἐνδεχόμενον

285 2117 520 2185 προςέβαλε
558 2120 648 2165 τοῖς
682 2114 747 2157 ἐπὶ
786 2131 874 2157 των
905 2113 1114 2165 παρόδων
1144 2112 1437 2167 ἐφεστηκόσιν.
1495 2111 1542 2154 ἐκ
1573 2114 1664 2154 δια-
1714 2152 1718 2153 υ

288 2176 414 2228 δοχῆς
456 2172 501 2215 δε
542 2172 727 2226 ἐνεργῶς
763 2175 841 2213 τοῦ
879 2169 1092 2213 κινδύνου
1131 2172 1420 2220 συνεστῶτος,
1467 2170 1540 2212 καὶ
1575 2185 1665 2211 των

204 2234 258 2276 75
289 2228 525 2299 βαρβαρων
554 2227 893 2297 περισπωμένων
921 2227 1018 2280 περὶ
1045 2225 1122 2268 τὸν
1146 2225 1307 2280 αγῶνα,
1340 2223 1599 2278 παραδόξως
1621 2226 1664 2268 οἱ

290 2286 561 2344 πεμφθέντες
596 2284 823 2352 ἐφάνησαν
853 2282 1101 2339 υπερδέξιοι
1129 2288 1221 2334 τοῖς
1246 2298 1327 2338 την
1356 2282 1557 2338 πάροδον
1582 2299 1666 2339 φυ-

288 2481 346 2514 39.
395 2493 481 2524 αραι
507 2477 641 2522 παλιν]
678 2477 819 2513 invertit
851 2477 882 2511 F
1088 2475 1144 2510 43.
1192 2475 1260 2522 τὴν
1283 2486 1352 2510 om.
1374 2476 1458 2510 Bas.

288 2527 346 2561 49.
371 2526 428 2560 55.
451 2528 508 2560 60.
563 2526 688 2570 Τίγιν]
716 2525 931 2568 Πασίτιγριν
955 2522 1154 2566 Stephanus

380 2594 459 2627 212.
493 2593 549 2627 54.
595 2593 810 2636 θάλατταν]
841 2589 1034 2625 θάλασσαν
1054 2602 1172 2624 omnes
1355 2589 1412 2624 59.
1457 2587 1667 2633 πλάσματα]

291 2646 311 2667 *
337 2653 435 2683 ματα
458 2641 540 2673 Bas.
725 2638 1030 2681 (52.1ι1αόἑτου]
1059 2638 1200 2670 Madete
1224 2636 1376 2679 empus,
1409 2636 1521 2670 Ma&
1508 2648 1567 2670 ου
1591 2636 1668 2678 LQ,

289 2687 449 2723 Maffs‘ov
476 2687 544 2721 τοῦ
566 2687 607 2729 F,
632 2686 761 2721 caeteri
785 2683 914 2719 Me'zov
1080 2683 1136 2716 64.
1185 2684 1259 2718 τῶν
1283 2680 1430 2724 τόπων]
1456 2684 1525 2717 τοῦ
1548 2679 1666 2716 τόπου

289 2735 320 2777 Q
347 2735 428 2768 Bas.
626 2732 683 2767 72.
731 2734 809 2773 τοῖς
832 2729 915 2775 ἐπὶ]
951 2727 1009 2765 ἐπὶ
1033 2732 1111 2771 τοῖς
1135 2729 1193 2763 FL
1385 2729 1442 2763 73.
1491 2726 1665 2774 ἐνεργοῖς]

288 2779 452 2826 ἐναργως
474 2779 534 2814 FL
