1820 3249
438 147 563 191 LlB.
602 147 701 191 XV.
757 148 889 190 cAP.
919 148 986 190 29.
1013 150 1081 190 30.
1364 149 1448 190 973

70 265 181 308 νίων
209 262 317 307 α’νευ
351 264 427 331 τῆς
453 259 629 316 γνώμης
667 263 755 303 τῶν
793 258 970 315 ἐφόρων
1009 259 1330 327 καταλαβέσθαι
1368 257 1448 302 τὸν

72 320 292 376 Πειραιέα
329 317 377 362 6
418 317 488 362 δὲ
500 317 786 373 Σφοδριάδης
827 317 936 372 έχων
976 313 1239 384 στρατιώτας
1275 317 1450 367 πλείους
1481 320 1532 360 10

71 383 161 422 τῶν
197 377 367 430 μυρίων
414 374 642 431 ἐπεβάλετο
667 375 769 441 μὲν
814 390 889 428 της
934 372 1093 423 νυκτός
1129 371 1453 427 καταλαβέσθαι

73 435 151 478 τὸν
180 432 412 484 Πειραιέα·
445 428 702 487 καταφανής
744 429 790 474 δὲ
829 428 1060 485 γενόμενος
1088 426 1340 483 Ἀθηναίοις
1380 429 1454 472 καὶ

73 491 323 560 διαμαρτών
353 491 430 544 τῆς
460 489 684 544 ἐπιβολῆς,
728 487 948 539 ἄπρακτος
985 486 1215 540 ἐπανῆλθε.
1270 502 1454 541 κατηγο

73 547 222 603 ρηθεὶς
253 544 296 589 δ’
338 545 385 589 ἐν
413 548 475 598 τῷ
506 546 718 614 συνεδρίῳ
749 547 837 587 τῶν
852 546 1178 614 Σπαρτιατῶν,
1219 542 1291 586 καὶ
1322 553 1452 585 συνα-

71 615 284 675 γωνιστας
313 601 420 657 ἔχων
446 601 552 652 τούς
587 605 818 658 βασιλεῖς,
837 598 997 652 ἀδίκως
1027 599 1244 668 ἀπελύθη.
1298 598 1449 653 διόπερ
1483 599 1534 640 15

73 663 117 704 οἱ
151 659 386 729 Ἀθηναῖοι
404 662 596 714 χαλεπῶς
634 659 843 714 φέροντες
873 659 942 701 ἐπὶ
970 663 1062 709 τοῖς
1089 654 1316 712 γεγονόσιν
1357 655 1453 728 ἐψη-

71 719 258 772 φίσαντο
287 715 500 759 λελύσθαι
526 715 602 767 τὰς
632 715 826 766 σπονδάς
846 714 934 758 ὑπό
961 714 1334 769 Λακεδαιμονίων.
1364 714 1454 766 κρί-

69 790 223 824 ναντες
266 773 312 816 δὲ
354 777 556 825 πολεμεῖν
600 771 786 824 αὐτούς,
828 772 1103 842 στρατηγούς
1129 775 1242 825 τρεῖς
1283 771 1452 813 εἴλοντο

69 847 175 880 τους
204 829 573 884 ἐπιφανεστάτους
611 833 700 872 τῶν
735 833 949 880 πολιτῶν,
998 828 1240 884 Τιμόθεον
1251 827 1325 870 καὶ
1363 830 1450 868 Χα-

71 889 214 956 βρίαν
247 887 320 929 καὶ
365 888 705 939 Καλλίστρατον.
775 886 1046 941 ἐψηφίσαντο
1097 886 1142 928 δὲ
1188 882 1452 936 στρατιώτας
1479 888 1536 927 20

70 945 149 1000 μὲν
191 941 368 993 ὁπλίτας
405 943 630 994 καταλέξαι
668 945 940 998 διςμυρίους,
988 944 1128 993 ἱππεῖς
1166 941 1212 985 δὲ
1249 956 1453 984 πεντακο-

72 1003 215 1052 σίους,
256 1003 369 1049 ναῦς
406 1001 452 1043 δὲ
494 1004 720 1055 πληρῶσαι
760 1001 998 1051 διακοσίας.
1046 996 1365 1069 προςελάβρντο
1407 996 1454 1040 δὲ

72 1058 147 1100 καὶ
185 1055 291 1106 τούς
333 1057 554 1111 Θηβαίους
593 1057 661 1100 ἐπὶ
706 1056 755 1100 τὸ
793 1056 948 1100 κοινὸν
987 1057 1220 1109 συνέδριον
1254 1055 1323 1098 ἐπὶ
1361 1058 1454 1105 τοῖς

73 1116 188 1164 ι’σοις
216 1118 358 1156 πᾶσιν
417 1114 688 1169 ἐψηφίσαντο
720 1113 766 1157 δὲ
801 1113 875 1157 καὶ
904 1112 980 1163 τὰς
1007 1111 1244 1168 γενομένας
1273 1116 1456 1182 κληρου-
1486 1111 1541 1154 25

73 1172 169 1239 χίας
192 1168 555 1225 ἀποκαταστῆσαι
572 1175 664 1221 τοῖς
693 1169 911 1225 πρότερον
940 1171 1110 1222 κυρίοις
1137 1168 1353 1237 γεγονόσι,
1383 1167 1458 1211 καὶ

68 1226 212 1297 νόμον
237 1227 386 1270 ἔθεντο
416 1226 580 1282 μηδένα
608 1231 698 1271 τῶν
722 1226 970 1283 Ἀθηναίων
998 1231 1202 1296 γεωργεῖν
1232 1224 1353 1275 ἐκτὸς
1375 1228 1458 1295 τῆς

68 1281 268 1337 Ἀττικῆς
327 1282 401 1326 διὰ
430 1285 476 1326 δὲ
504 1283 662 1355 ταύτης
696 1287 771 1339 τῆς
800 1286 1135 1339 φιλανθρωπίας
1165 1280 1459 1350 ἀνακτησάμε-

72 1357 145 1383 νοι
174 1340 252 1396 τὴν
279 1355 400 1393 παρα
425 1345 516 1391 τοῖς
543 1339 752 1414 Ἐλλησιν
791 1340 970 1386 εὔνοιαν
1000 1339 1287 1397 ἰσχυροτέραν
1316 1335 1458 1394 ἐποιή-

73 1408 206 1440 σαντο
235 1413 317 1452 την
346 1397 465 1440 ἰδίαν
497 1395 744 1453 ἡγεμονίαν.
933 1434 936 1439 ,
1180 1440 1183 1444 .
1487 1392 1542 1433 3⁰

188 1475 354 1519 Πολλαι
382 1492 461 1530 μεν
490 1473 574 1520 οὖν
604 1477 676 1520 καὶ
705 1479 795 1520 τῶν
823 1476 968 1521 άλλων
995 1475 1167 1521 πόλεων
1196 1472 1269 1519 δια
1299 1472 1380 1530 τὴν
1403 1473 1456 1516 εἰ·
1486 1474 1543 1513 30

75 1532 268 1600 ρημένην
310 1534 453 1575 αἰτίαν
496 1532 836 1603 προεκλήθησαν
884 1532 996 1586 πρὸς
1049 1533 1153 1584 τούς
1197 1530 1458 1586 Ἀθηναίους

26 1597 41 1604 ”
73 1587 328 1642 ἀποκλῖναι,
357 1593 526 1642 πρῶται
557 1590 602 1633 δὲ
630 1591 702 1633 καὶ
731 1589 1050 1661 προθυμότατα
1079 1587 1381 1658 συνεμάχησαν
1412 1588 1458 1629 αἱ

71 1645 182 1688 κατὰ
219 1661 296 1701 την
311 1644 524 1715 Εὔβοιαν
565 1647 768 1690 οἰκοῦσαι
807 1648 939 1702 χωρὶς
971 1646 1202 1697 Ἑστιαίας·
1236 1644 1344 1699 αὕτη
1372 1643 1455 1699 γὰρ
1486 1649 1542 1692 35

73 1700 377 1772 εὐεργετημένη
406 1701 494 1745 ὑπὸ
524 1705 883 1774 Λακεδαιμονίων
912 1702 1090 1758 μεγάλα,
1127 1701 1457 1756 πεπολεμημένη

74 1758 121 1802 δὲ
151 1762 303 1809 δεινῶς
323 1757 413 1802 ὑπὸ
441 1758 696 1815 Ἀθηναίων,
709 1759 919 1832 εὐλόγως
951 1759 1060 1813 πρὸς
1089 1775 1167 1814 μεν
1194 1757 1456 1814 Ἀθηναίους

73 1814 312 1859 ἀδιάλυτον
349 1813 560 1885 ἐφύλαττε
597 1816 677 1871 τήν
707 1816 890 1873 Ἡχθραν
931 1817 1043 1871 πρὸς
1081 1816 1127 1860 δὲ
1163 1815 1267 1866 τούς
1295 1818 1456 1866 Σπαρ-

73 1870 221 1943 τιάτας
257 1871 542 1929 βεβαιοτάτην
580 1875 725 1917 πίστιν
764 1873 1059 1944 διεφύλαττεν
1124 1869 1180 1915 οὐ
1222 1888 1319 1939 μην
1347 1868 1458 1913 ἀλλὰ

72 1933 165 1980 τοῖς
198 1925 473 1984 Ἀθηναίοις
486 1932 545 1981 εἰς
590 1932 836 2001 συμμαχίαν
875 1930 1121 1987 συνέβησαν
1158 1926 1457 1985 ἑβδομήκοντα
1486 1934 1540 1977 40

73 1984 220 2036 πόλεις
263 1986 338 2029 καὶ
387 1985 593 2058 μετέσχον
631 1986 683 2030 ἐπ
752 1990 849 2043 ἰ’σης
887 1990 970 2031 τοῦ
1008 1989 1164 2030 κοινοῦ
1204 1987 1456 2038 συνεδρίου·

75 2041 145 2086 διό
176 2059 250 2086 και
278 2047 371 2094 τοῖς
401 2041 647 2113 ’Λθηναίοις
677 2041 744 2087 ἀεὶ
772 2048 941 2098 μᾶλλον
969 2047 1045 2099 τῆς
1072 2040 1301 2098 δυνάμεως
1330 2040 1460 2093 αὐξο-

74 2098 232 2169 μένης,
266 2104 358 2150 τοῖς
398 2099 444 2143 δὲ
480 2103 846 2170 Λακεδαιμονίοις
880 2099 1243 2155 ταπεινουμένης,
1281 2097 1459 2169 ἐφάμιλ-

73 2160 154 2199 λον
182 2155 263 2213 τήν
303 2155 430 2211 ἰσχυν
465 2161 555 2200 τῶν
590 2156 762 2201 πόλεων
785 2158 1027 2229 συνέβαινε
1061 2159 1271 2212 γίνεσθαι.
1332 2157 1377 2199 οἱ
1414 2152 1456 2199 δ’

68 2209 308 2282 Ἀθηναῖοι,
338 2216 428 2256 τῶν
453 2213 719 2269 πραγμάτων
743 2213 891 2266 αὐτοῖς
909 2213 1018 2258 κατὰ
1044 2219 1156 2257 νοῦν
1181 2211 1457 2283 προχωρούν-
1488 2225 1542 2267 45

73 2284 182 2323 των,
216 2267 406 2326 δύναμιν
434 2270 675 2328 ἐξέπεμψαν
703 2273 762 2324 εἰς
799 2271 881 2329 τήν
909 2270 1113 2329 Εὔβοιαν
1143 2268 1241 2327 τὴν
1253 2284 1456 2326 παραφυ-

73 2415 131 2453 18.
146 2413 285 2458 αὐτούς
297 2416 390 2462 ΑῙΚ,
411 2418 538 2453 caeteri
563 2415 690 2459 αὐτοῖς
827 2419 883 2454 19.
910 2419 972 2455 καὶ
994 2419 1178 2476 Χαβρίαν]
1205 2420 1373 2477 Χαβρίαν
1400 2418 1459 2453 AF

73 2464 132 2497 21.
158 2462 223 2506 μὲν
248 2460 397 2505 οπλίτας
420 2464 631 2510 καταλέξαι]
657 2464 781 2499 malim
803 2466 1000 2511 καταλέξαι
1024 2464 1173 2506 ὁπλίτας
1196 2465 1264 2510 μὲν
1399 2464 1459 2498 2-9

74 2507 294 2554 ἐποιήσαντο
328 2511 433 2551 MK,
471 2513 600 2546 meteri
633 2511 820 2568 ἐποίησαν
1026 2512 1085 2548 34.
1124 2511 1311 2554 Ἑστιαίας
1346 2512 1375 2546 L
1413 2511 1458 2545 ab

76 2555 225 2590 secunda
247 2567 376 2598 manu,
402 2557 524 2598 αἰτίας
546 2559 635 2600 HL,
659 2558 788 2593 caeteri
807 2555 945 2601 Ἀκτίας

167 2623 223 2657 25.
248 2623 304 2657 37.
329 2622 510 2666 ἐφυλαττε
533 2646 578 2652 —-
601 2627 658 2661 39.
686 2626 950 2672 διεφύλαττεν]
988 2626 1196 2671 ἐφύλαττον
1227 2628 1264 2667 Ι,
1296 2623 1392 2670 πρός
1417 2624 1458 2661 δε

77 2668 166 2709 τούς
192 2670 429 2712 Σπαρτιάτας
450 2692 497 2697 -
521 2672 764 2714 διεφύλαττεν
788 2685 857 2709 οιιι.
880 2675 898 2708 I
925 2675 974 2719 (1,
998 2674 1034 2718 ἓ)
1061 2675 1092 2708 F
1230 2652 1286 2707 39.
1310 2673 1456 2716 πίστιν]

77 2717 157 2751 sort.
180 2714 247 2760 τὴν
271 2716 392 2750 πίστιν
575 2720 633 2754 42.
655 2717 697 2756 οἷε
701 2721 738 2764 ὶ]
764 2721 834 2757 αἰεὶ
858 2733 976 2757 omnes
1136 2719 1195 2755 43.
1219 2718 1455 2764 ταπεινουμέ-

77 2763 160 2807 νης]
178 2762 479 2807 ταπεινουμένοις
501 2765 531 2799 F
990 2791 993 2795 -
