1820 3249
458 189 572 230 LIB.
601 187 692 230 XX.
750 187 882 229 CAP
911 191 981 230 21.
1009 191 1079 246 22.
1347 192 1459 234 1473

79 301 254 369 φιλίαν,
294 300 450 371 έπεμψε
473 297 576 343 τῶν
614 300 757 354 φίλων
792 298 990 354 Ἀργαῖον
1030 300 1104 344 καὶ
1141 300 1460 371 Καλλικράτην,
1489 310 1544 349 20

70 356 339 427 προςτοὲξας
348 356 498 407 αὐτοῖς
528 355 697 399 ἀνελεῖν
727 355 808 398 τόν
836 355 1068 425 Νικοκλέα.
1127 358 1247 400 πάνυ
1277 357 1361 412 γοέρ
1394 356 1461 401 εὐ-

78 418 251 483 λαβεῖτο
283 412 365 483 μὴ
372 413 445 456 καὶ
474 416 564 455 τῶν
602 412 747 455 α’λλων
782 413 895 464 τινες
934 412 1160 483 ὁρμήσωσι
1189 429 1302 468 προς
1332 431 1462 485 μετα-

79 469 240 540 βολήν,
273 485 460 540 ορωντες
502 467 685 539 ἀθῴους
712 468 949 538 γεγονότας
976 469 1081 520 τούς
1110 470 1327 539 πρότερον
1357 470 1463 527 ἀφε-

79 526 299 596 στηκότας.
358 521 480 569 οὗτοι
509 542 588 582 μεν
617 527 700 569 οὐν
729 524 991 589 πλεύσαντες
1020 528 1080 577 εἰς
1100 527 1187 594 τὴν
1214 531 1365 597 νῆσον
1389 545 1461 570 και

76 599 196 638 παρα
236 582 467 626 Μενελάου
510 585 591 625 τοῦ
631 584 876 638 στρατηγοῦ
924 582 1186 636 στρατιώτας
1235 582 1455 638 λαβόντες,
1487 592 1541 634 25

76 640 360 695 περιέστησαν
389 639 467 694 τὴν
497 640 641 681 οἰκίαν
670 642 752 682 τοῦ
773 642 1057 691 Νικοκλέους,
1085 640 1158 681 καὶ
1188 639 1240 682 τὰ
1271 639 1458 691 δόξαντα

76 703 136 755 τῷ
173 699 348 765 βασιλεῖ
395 694 663 763 δηλώσαντες
699 696 964 750 προςέταξαν
1011 696 1170 739 ἑαυτὸν
1220 695 1459 749 απαλλαξαι

73 742 156 796 τοῦ
186 756 274 808 ζῆν.
317 750 340 795 ὁ
372 753 416 796 δὲ
439 753 486 796 τό
517 768 597 807 μεν
624 757 801 804 πρῶτον
829 751 941 806 πρός
968 769 1050 824 την
1081 750 1362 823 ἀπολογίαν’
1347 754 1459 807 ετρέ-

72 824 175 852 πετο
204 813 293 852 τῶν
322 809 673 881 ἐγκαλουμένων·
707 808 765 860 ὠς
795 807 837 852 δ’
869 808 1013 860 οὐδεὶς
1041 812 1278 863 προςεῖχὲν,
1299 809 1458 853 ἑαυτὸν

73 864 334 909 ἀπέκτεινεν.
387 863 581 917 Ἀξιοθέα
617 865 664 908 δὲ
705 863 732 921 ἡ
757 864 869 935 γυτὴ
907 870 986 909 τοῦ
1016 866 1286 935 Νικοκλέους
1316 865 1454 908 οἷκού-
1488 874 1541 914 30

74 926 186 965 ’σασα
214 938 295 979 την
330 926 410 965 τοῦ
441 921 610 991 ανδρός
632 920 856 991 τελευτην,
886 921 963 972 τοές
992 938 1072 990 μεν
1100 922 1347 977 θυγατέρας
1375 939 1454 973 τας

73 978 228 1046 ἑαυτῆς
267 978 518 1033 παρθένους
556 978 691 1029 οὔσας
730 977 999 1032 απέσφαξεν,
1044 977 1160 1028 ὅπως
1199 979 1349 1035 μηδεις
1379 978 1455 1022 av’-

73 1052 160 1078 των
189 1034 392 1104 πολέμιος
431 1034 662 1090 κυριεύσῃ,
693 1051 771 1084 τας
810 1035 855 1078 δὲ
892 1039 981 1077 τῶν
1012 1032 1216 1103 οἷδελφῶν
1247 1038 1334 1076 τῶν
1365 1039 1454 1079 Νι-

71 1090 281 1142 κοκλέους
308 1097 519 1161 γυναῖκας
548 1090 843 1144 προετρέψατο
874 1090 976 1146 μεθ’
1009 1090 1143 1146 αὐτῆς
1174 1090 1348 1134 ἑλέσθαι
1376 1092 1454 1135 τὸν
1484 1100 1537 1141 35

71 1147 291 1200 θανατον,
330 1146 462 1191 οὐδὲν
491 1146 800 1202 συντεταχότος
832 1149 1112 1216 Πτολεμαίου
1135 1148 1231 1200 περὶ
1262 1152 1352 1191 τῶν
1379 1166 1455 1204 γυ-

71 1208 260 1257 ναικῶν,
295 1202 404 1247 αλλα
446 1203 829 1260 συγκεχωρηκότος
870 1202 1022 1253 αὐταῖς
1064 1220 1156 1274 την
1194 1201 1453 1259 οἷσφαλειαν.

70 1265 161 1304 τῶν
189 1260 234 1304 δὲ
263 1263 494 1331 βασιλείων
523 1261 872 1316 πεπληρωμένων
905 1258 1059 1314 φόνων
1089 1259 1160 1302 καὶ
1194 1261 1454 1332 συμπτωμά-

69 1333 157 1360 των
186 1315 541 1385 απροςδοκήτων,
573 1333 615 1359 οι
644 1319 724 1359 τοῦ
753 1315 1023 1366 Νικοκλέους
1052 1314 1234 1371 ἀδελφοὶ
1265 1320 1453 1372 συγκλεί-

70 1384 222 1423 σαντες
253 1372 329 1423 τοὶς
366 1373 512 1443 θύρας
553 1368 633 1428 τὴν
671 1373 748 1429 μὲν
788 1374 934 1415 οἰκίαν
971 1373 1236 1441 ἐνέπρησαν,
1268 1373 1452 1425 ἑαυτούς
1481 1379 1536 1422 40

71 1428 116 1473 δ’
144 1428 412 1484 απέσφαξαν.
469 1428 496 1486 ἡ
534 1446 613 1484 μεν
652 1430 734 1471 οὐν
771 1433 859 1471 τῶν
889 1428 936 1471 έν
967 1427 1114 1499 Πάφῳ
1144 1429 1359 1484 βασιλέων
1390 1433 1452 1474 οἰ-

69 1487 144 1530 κία
182 1491 403 1541 τραγικοῖς
447 1484 761 1556 συγκυρησασα
799 1484 958 1528 πάθεσι
986 1485 1066 1528 τὸν
1088 1473 1328 1542 εἰρημένον
1356 1488 1451 1541 τρό-

0 1556 55 1594 ‘421
70 1558 157 1586 πον
184 1542 418 1615 κατελύθη.
461 1541 581 1598 ηαεῖς
613 1542 658 1584 δὲ
686 1557 766 1597 την
796 1540 1061 1597 απαγγελίαν
1089 1546 1177 1584 τῶν
1197 1543 1451 1611 γεγονότων

71 1589 318 1651 διελθόντες
353 1599 422 1644 ἐπὶ
455 1617 532 1652 τας
565 1603 756 1655 συνεχεῖς
793 1598 968 1653 πραξεις
995 1598 1341 1655 μεταβιβασομεν
1370 1600 1449 1644 τόν
1477 1603 1532 1650 45

66 1655 213 1713 λόγον.

183 1735 294 1791 Περὶ
332 1750 418 1791 γαρ
448 1735 551 1785 τοὺς
580 1733 741 1785 αὐτους
769 1733 952 1792 καιροὺς
981 1734 1028 1778 ἓν
1065 1736 1126 1793 τῷ
1157 1733 1315 1792 Πόντῳ
1345 1752 1450 1790 μετα
1477 1746 1532 1785 22

68 1790 149 1848 τὴν
179 1793 452 1862 Παρυσάδου
481 1790 703 1846 τελευτην,
742 1789 790 1842 δς
820 1808 875 1846 ην
903 1780 1106 1859 βασιλεὺς
1133 1795 1212 1834 τοῦ
1241 1782 1448 1847 Κὶμμερι-

68 1853 155 1892 κοῦ
184 1848 434 1902 Βοσπόρου,
465 1847 685 1891 διετέλουν
714 1849 757 1890 οἱ
783 1850 934 1898 παῖδες
968 1847 1105 1890 αὐτοῦ
1132 1850 1445 1916 διαπολεμοῦν-

69 1921 138 1955 τες
175 1904 288 1958 πρὸς
315 1903 528 1975 ἀλλήλους
552 1902 667 1958 ὑπὲρ
705 1908 790 1972 τῆς
808 1904 1038 1974 ἡγεμονίας
1069 1903 1276 1973 Εὔμηλός
1304 1922 1348 1949 τε
1377 1923 1448 1949 και
1478 1912 1533 1954 50

70 1961 276 2015 Σάτυρος
310 1961 387 2007 καὶ
415 1960 650 2014 Πρύτανις.
710 1958 880 2003 τούτων
909 1961 955 2003 δε
993 1958 1017 2003 ὁ
1047 1961 1125 2016 μὲν
1156 1960 1357 2015 Σάτυρος
1388 1962 1450 2005 ὠν

69 2018 360 2086 πρεσβύτερος
401 2032 519 2089 παρα
563 2020 643 2060 τοῦ
680 2016 844 2070 πατρὸς
879 2017 1138 2087 παρειληφει
1178 2034 1258 2087 την
1295 2017 1447 2074 αρχήν,

69 2072 430 2130 βεβασιλευκότος
461 2074 531 2128 ε’τη
559 2073 793 2126 τριάκοντα
823 2072 959 2126 ὀκτώ·
970 2116 972 2120 ,
1007 2073 1031 2117 ὁ
1064 2074 1110 2116 δ’
1142 2073 1346 2144 Εὔμηλος
1378 2093 1449 2130 φι-

69 2133 175 2177 λίαν
208 2130 537 2185 συντεθειμένος
572 2128 684 2183 πρός
721 2146 843 2181 τινας
878 2134 965 2173 τῶν
1002 2129 1317 2186 πλησιοχώρων
1345 2136 1448 2188 βαρ-

71 2187 222 2244 βάρων
259 2187 335 2232 καὶ
369 2186 563 2256 δύναμιν
598 2185 739 2241 ἁδρὰν
777 2185 1021 2242 ἠθροικώς,
1066 2187 1323 2242 ήμφιςβητει
1369 2194 1446 2244 τῆς
1476 2193 1530 2238 55

72 2245 304 2300 βασιλείας.
349 2242 390 2288 ἃ
429 2242 482 2300 δὴ
522 2242 773 2299 πυθόμενος
809 2243 833 2288 ὁ
864 2243 1094 2300 Σάτυρος,
1123 2243 1345 2297 ἀνέζευξεν
1373 2245 1446 2290 ἐπ’

70 2434 128 2471 22.
153 2432 324 2481 οραῒντες]
349 2434 446 2481 ὀρῶν
468 2437 549 2472 Bas.
735 2433 891 2494 ἀθῴους
912 2435 1186 2471 Kaltwaeserus:
1215 2439 1298 2472 libri
1321 2437 1446 2481 ἀθρό-

73 2492 159 2520 ove:
191 2483 282 2519 unde
313 2493 378 2526 pro
400 2483 468 2516 inis
481 2479 655 2540 ὁρωντες
676 2501 719 2509 -
743 2481 996 2539 ἀφεστηκότας
1025 2483 1112 2517 haec
1135 2491 1331 2527 supponunt
1354 2488 1445 2529 QW,

74 2523 142 2567 οὓς
165 2525 336 2570 ἁθρόους
364 2527 557 2572 γεγονότας
589 2527 636 2564 ου’
668 2527 801 2576 ρᾴδιον
831 2525 878 2574 ἦν
911 2541 1052 2570 παντας
1087 2533 1298 2583 συλλαβεῖν,
1331 2534 1443 2565 solum

73 2585 142 2614 ους
163 2571 331 2619 ἁθρόους
352 2573 544 2617 γεγονότας
565 2576 597 2609 F
781 2575 838 2611 31.
862 2575 933 2611 τοῦ
955 2573 1114 2619 ἀνδρός]
1149 2572 1285 2620 ἀνδρὸς
1307 2578 1340 2610 Τ
1364 2579 1444 2611 Bas.

253 2620 311 2655 33.
333 2620 483 2674 μηδεὶς]
508 2620 642 2678 μηθεὶς
662 2622 747 2656 Bas.
891 2620 949 2656 34.
959 2619 1239 2679 προετρέψατο]
1249 2622 1444 2679 ἐτρέψατο

71 2664 157 2701 Bas.
338 2665 395 2702 35.
421 2663 551 2710 αυτῆς]
574 2665 707 2723 ἑαυτῆς
725 2668 757 2702 F
920 2664 1054 2712 ου’δεν]
1080 2664 1190 2703 ου’δεν
1214 2682 1284 2705 ουν
1308 2670 1341 2704 Τ
1365 2671 1446 2704 Bas.

256 2711 313 2746 41.
337 2712 458 2755 οἰκία]
484 2712 664 2757 συγγένεια
685 2714 797 2758 FQW

165 2779 245 2813 421.
291 2779 347 2815 43.
380 2776 457 2815 οἷποι
459 2782 615 2826 γγ’-ελιαν
632 2782 903 2828 wesselingiusz
936 2781 1017 2816 libri
1051 2779 1265 2826 ἐπαγγελίαν

75 2825 130 2861 44.
155 2823 391 2871 διελθόντες]
401 2794 635 2873 διαλαβόντες
657 2829 771 2874 FQW
950 2827 1013 2862 53
1034 2840 1137 2867 τινας
1141 2829 1153 2870 j
1178 2843 1262 2864 τινα
1281 2829 1363 2863 Bas.

1122 2879 1179 2918 94
