1820 3249
331 156 414 197 972
683 155 796 197 LIB.
825 156 914 200 XV.
972 156 1106 200 GAP
1135 160 1201 203 28
1230 161 1296 202 29

330 264 561 310 ἐποιοῦντο
600 268 766 325 πολλὴν
804 270 1041 324 φροντίδα,
1089 271 1414 324 προςδοκῶντες
1456 269 1589 339 μέγαν
1631 272 1705 314 καὶ

329 322 621 376 πολυχρόνιον
668 326 818 378 αὑτοῖς
863 326 1036 370 ἔσεσθαι
1082 326 1161 369 τὸν
1210 326 1453 369 Βοιωτικὸν
1499 325 1702 383 πόλεμον,

243 377 298 418 75
327 379 673 446 συμμαχούντων
710 387 802 433 τοῖς
845 386 1073 452 Θηβαίοις
1098 387 1185 426 τῶν
1222 381 1467 439 Ἀθηναίων
1507 385 1580 426 καὶ
1615 387 1704 426 τῶν

327 431 469 477 ἄλλων
492 435 725 507 Ελλήνων
739 444 828 482 τῶν
857 437 1191 483 κοινωνούντων
1219 443 1301 482 τοῦ
1333 441 1578 490 συνεδρίου

235 496 292 536 29
422 490 534 548 Ἀμα
565 495 610 538 δὲ
647 494 818 546 τούτοις
847 496 1160 552 πραττομένοις
1190 494 1368 549 ’Ἀκορις
1399 496 1421 538 ὁ
1453 501 1541 538 τῶν
1569 498 1703 551 Αἰγυ-

318 548 455 591 πτίων
484 551 711 604 βασιλεύς,
761 551 997 606 άλλοτρίως
1029 554 1295 607 διακείμενος
1320 550 1430 621 πρὸς
1473 552 1552 595 τὸν
1584 557 1702 608 Περ-

230 609 284 650 80
318 608 409 646 σῶν
438 608 643 661 βασιλέα,
676 609 883 677 δυνάμεις
913 609 1081 661 ξενικάς
1111 608 1365 663 ἀξιολόγους
1394 608 1592 665 ἤθροισε
1634 626 1703 665 με-

315 662 479 732 γάλους
499 664 580 718 γὰρ
611 664 801 720 μισθούς
822 670 914 716 τοῖς
937 664 1218 709 ὑπακούουσι
1242 667 1478 718 προτιθείς,
1510 666 1702 735 συχνους

388 717 657 787 εὐεργετῶν,
705 721 811 777 ταχύ
841 721 1035 773 πολλους
1075 723 1169 792 ἔσχε
1205 726 1294 765 τῶν
1329 720 1547 791 Ελλήνων
1584 720 1701 765 ὑπα-

312 773 530 827 κούοντας
561 778 672 833 πρὸς
709 779 790 834 τήν
820 781 1057 849 στρατείαν.
1118 778 1200 822 οὐκ
1229 777 1416 833 ἐχόντων
1446 778 1491 822 δὲ
1521 792 1699 836 στρατη·

312 830 395 885 γόν
440 832 702 888 ἀξιόχρεων,
743 835 1038 890 μετεπέμψατο
1089 836 1288 904 Χαβρίαν
1334 834 1414 878 τὸν
1451 834 1697 906 Ἀθηναῖον,

230 887 284 929 85
316 887 458 959 ἄνδρα
507 908 580 934 και
631 892 799 935 συνέσει
848 896 1108 962 στρατηγικῇ
1166 891 1386 949 διάφορον
1435 892 1508 934 καὶ
1566 892 1700 943 δόξαν

317 943 389 987 ἐπ’
420 945 550 1003 άρετη
579 947 771 1017 μεγάλην
798 948 1117 1017 πεποιημένον
1176 950 1307 999 οὗτος
1350 948 1429 1015 μὲν
1468 945 1552 992 οὖν
1593 948 1699 993 ἄνευ

316 1005 394 1071 τῆς
427 1007 508 1046 τοῦ
538 1004 680 1060 δήμου
718 1003 891 1077 γνώμης
931 1005 1275 1059 προςδεξάμενος
1316 1021 1395 1061 την
1413 1008 1699 1076 στρατηγίαν

318 1056 526 1114 ἀφηγεῖτο
556 1078 646 1105 των
674 1060 772 1105 κατ’
804 1064 1030 1117 Αἴγυπτον
1052 1060 1313 1117 δυνάμεων,
1353 1079 1427 1105 και
1465 1062 1569 1116 μετά
1599 1067 1700 1106 πολ-

316 1118 393 1169 λῆς
423 1120 615 1187 σπουδῆς
644 1119 998 1190 παρεσκευάζετο
1010 1123 1213 1173 πολειιεῖν
1242 1117 1350 1173 πρὸς
1378 1117 1482 1169 τούς
1514 1119 1698 1173 Πέρσας.

235 1175 290 1215 90
322 1173 609 1242 Φαρνάβαζος
638 1173 686 1219 δ’
725 1175 812 1219 ὑπὸ
841 1182 921 1220 τοῦ
951 1177 1159 1245 βασιλέως
1188 1174 1542 1230 άναδεδειγμένος
1575 1188 1698 1230 στρα-

319 1228 448 1298 τηγὸς
477 1231 543 1274 ἐπὶ
573 1249 648 1288 της
679 1236 896 1289 Περσικης
936 1232 1162 1288 δυνάμεως
1195 1231 1472 1285 παρασκευάς
1499 1233 1699 1303 μεγάλας

318 1284 552 1354 ἐποιήσατο
591 1293 680 1332 τῶν
719 1290 829 1343 πρὸς
868 1290 946 1334 τόν
982 1289 1175 1345 πόλεμον
1203 1291 1434 1345 χρησίμων.
1493 1289 1698 1345 εξέπεμψε

319 1341 364 1384 δὲ
401 1344 472 1386 καὶ
503 1346 614 1400 πρὸς
648 1343 909 1403 Ἀθηναίους
943 1349 1164 1417 πρέσβεις,
1206 1349 1465 1400 κατηγορῶν
1501 1347 1580 1401 μὲν
1610 1351 1698 1390 Χα-

232 1399 287 1442 95
316 1400 471 1453 βρίου,
515 1402 580 1445 ὅτι
617 1419 706 1445 των
715 1406 989 1474 ’,Αἰγυπτίων
1027 1403 1269 1472 ἡγούμενος
1307 1402 1595 1455 άπαλλοτριοῖ
1619 1402 1698 1458 τὴν

311 1460 393 1498 τοῦ
433 1459 641 1512 βασιλέως
685 1459 862 1503 εύνοιαν
900 1460 987 1504 άπὸ
1026 1464 1106 1503 τοῦ
1137 1458 1302 1515 δήμου,
1342 1463 1611 1511 παρακαλῶν
1650 1461 1697 1504 δὲ

312 1515 557 1569 στρατηγόν
599 1515 850 1572 Ἰφικράτην
894 1517 1015 1572 αὐτῷ
1053 1520 1222 1560 δοῦναι
1289 1517 1333 1558 οἱ
1373 1514 1418 1559 δ’
1452 1514 1695 1572 Ἀθηναῖοι,

313 1570 570 1622 σπεύδοντες
607 1573 685 1616 τόν
721 1572 899 1641 βασιλέα
936 1578 1026 1617 τῶν
1056 1577 1239 1626 Περσῶν
1282 1574 1342 1623 εἰς
1381 1571 1559 1616 εὔνοιαν
1594 1590 1697 1627 προ-

312 1627 554 1696 αγαγέσθαι
583 1630 655 1672 καὶ
685 1632 761 1673 τὸν
797 1631 1088 1700 Φαρνάβαζον
1117 1628 1502 1684 ι’διοποιήσασθαι,
1534 1632 1696 1685 ταχέως

202 1687 281 1725 100
311 1683 389 1726 τόν
434 1701 479 1728 τε
524 1688 725 1743 Χαβρίαν
771 1687 812 1738 εξ
860 1688 1090 1742 Αἰγύπτου
1135 1686 1456 1753 μετεπέμψαντο
1503 1687 1576 1729 καὶ
1616 1686 1696 1729 τὸν

308 1739 559 1810 Ἰφικράτην
603 1744 845 1800 στρατηγὸν
887 1745 1185 1798 ἐξαπέστειλαν
1225 1742 1559 1799 συμμαχησοντα
1602 1749 1695 1795 τοῖς

311 1797 514 1853 Πέρσαις

428 1860 532 1907 Τοῖς
563 1857 608 1900 δὲ
628 1858 1000 1929 Λακεδαιμονίοις
1038 1856 1112 1900 καὶ
1141 1860 1234 1907 τοῖς
1270 1856 1518 1912 Ἀθηναίοις
1556 1868 1692 1928 σπου,-

313 1910 392 1961 δάς
427 1913 737 1981 πεποιημένοις
764 1914 812 1958 έν
849 1920 941 1965 τοῖς
970 1913 1115 1957 ἐπάνω
1153 1912 1330 1969 χρόνοις
1358 1914 1610 1984 συνέβαινε
1623 1913 1691 1984 μέ-

308 1984 402 2011 νειν
445 1969 524 2025 τήν
568 1970 744 2040 εἰρήνην
784 1972 908 2028 μέχρι,
955 1973 1092 2014 τῶνδε
1130 1986 1221 2013 των
1269 1974 1449 2023 καιρῶν.
1508 1969 1615 2026 μετὰ
1646 1970 1692 2014 δὲ

224 2026 251 2068 5
307 2029 446 2068 ταῦτα
475 2027 767 2082 Σφοδριάδου
797 2033 877 2072 τοῦ
884 2026 1186 2098 Σπαρτιάτου
1215 2027 1475 2083 τεταγμένου
1504 2027 1583 2082 μὲν
1616 2025 1689 2083 ἐφ’

307 2080 560 2154 ηγεμονίας,
597 2083 744 2151 φύσει
790 2083 832 2128 δ’
880 2083 1008 2136 ὄντος
1023 2082 1271 2155 μετεώρου
1318 2084 1391 2126 καὶ
1431 2088 1691 2137 προπετοῦς,

1730 1125 1776 1162 2}

307 2138 473 2183 ε’πεισεν
504 2139 639 2185 αὐτὸν
669 2141 972 2200 Κλεόμβροτος
1011 2140 1035 2185 ὁ
1065 2140 1268 2198 βασιλεύς
1303 2145 1393 2184 τῶν
1412 2142 1691 2197 Λακεδαιμο-
1740 2172 1743 2173 ⁷

302 2297 358 2332 73.
386 2295 539 2357 αὐτοῖς]
578 2298 706 2342 wit-029
730 2302 748 2335 1
941 2301 997 2337 80.
1022 2300 1214 2344 προτιθεὶς
1237 2299 1422 2336 Reiskius:
1462 2299 1545 2335 libri
1577 2312 1688 2344 προς-

301 2345 421 2385 τιθεὶς
583 2348 638 2382 81.
665 2359 821 2392 συχνους
844 2344 901 2392 δ’]
929 2359 1086 2392 συχνους
1109 2359 1228 2382 omnes
1391 2347 1449 2381 82.
1475 2348 1681 2402 στρατείαν]

302 2392 478 2434 στρατίαν
506 2393 557 2435 F,
591 2399 625 2427 et
649 2395 684 2428 in
708 2406 820 2440 marg.
856 2396 1047 2438 στρατείαν
1071 2391 1221 2430 κάλλιον
1427 2393 1484 2428 83
1509 2391 1685 2450 ἐχόντων]

304 2435 396 2481 ε’χων
422 2440 467 2472 W
469 2419 673 2483 essel'ingius
825 2441 1103 2485 μετεπέμψαντο
1121 2442 1151 2474 F
1336 2438 1393 2474 85.
1419 2438 1684 2484 πεποιημένον,

304 2485 349 2517 ad
392 2485 483 2528 quod
525 2486 616 2520 nihil
649 2486 826 2522 varietatis
864 2489 938 2522 ullo
971 2500 1013 2521 ex
1044 2488 1135 2521 libro
1177 2489 1334 2521 notatum
1371 2490 1440 2526 es‚t
1487 2487 1684 2528 Stephanus
1743 2494 1746 2495 ’

303 2529 392 2563 inter
415 2534 530 2564 errata
562 2534 827 2577 typographica,
854 2545 944 2577 quac
968 2535 1012 2568 ab
1037 2533 1080 2568 iis
1103 2543 1194 2578 quae
1218 2513 1486 2566 correctionibus
1509 2531 1579 2566 suis
1602 2530 1684 2565 addi

299 2576 411 2610 zoluit
435 2577 618 2620 discrevit,
658 2585 822 2623 tanquam
855 2592 1010 2614 errorem
1037 2579 1251 2624 typographi
1284 2579 1319 2613 in
1351 2576 1683 2623 περιπεποιημένον

298 2622 426 2656 mutari
451 2623 569 2665 iubet,
594 2636 743 2669 pravam
766 2626 1000 2661 coniecturam
1023 2626 1173 2659 inferens

388 2680 444 2716 24.
469 2681 527 2714 90.
554 2679 612 2726 δ’]
640 2680 679 2717 δὲ
704 2683 733 2716 F
916 2683 973 2719 91.
998 2681 1058 2718 ἐπὶ
1083 2683 1310 2717 Schaei'crus:
1333 2682 1416 2716 libri
1441 2679 1515 2717 άπὸ

297 2725 531 2771 παρασκευάς
555 2746 598 2754 -
624 2729 680 2765 92.
704 2730 906 2775 χρησίμων]
940 2729 1098 2785 μεγάλας
1119 2741 1278 2774 παρασκ.
1304 2726 1501 2773 ἐποιήσατο
1526 2728 1574 2762 Fl

296 2773 351 2808 98.
375 2772 674 2820 προςαγαγέσθαι
696 2776 779 2811 libri
930 2774 1098 2823 βασιλεὺς
1121 2777 1196 2813 τῶν
1213 2777 1275 2820 A]
1299 2776 1371 2811 τῶν
1395 2779 1438 2813 Α.
1464 2770 1632 2823 βασιλευς
1647 2774 1675 2808 F
