1820 3249
281 123 392 164 1182
682 119 798 162 LIB.
825 119 954 163 XVII.
1013 120 1146 162 GAP.
1174 125 1240 164 49.

198 236 251 277 85
288 231 565 288 Οὐετούριος.
622 232 690 276 ἐπὶ
726 232 771 276 δε
809 249 978 276 τουτων
1010 232 1288 287 Ἀλέξανδρος
1318 231 1340 276 6
1371 233 1571 288 βασιλεύς
1598 234 1651 276 τὰ

277 291 375 345 περὶ
404 308 484 347 την
514 289 654 342 Γάζαν
686 289 908 345 διοικήσας
935 289 1148 344 Ἀμύνταν
1172 291 1251 346 μὲν
1271 307 1375 345 μετα
1411 291 1512 332 δέκα
1543 294 1654 333 ιεών

278 349 338 396 εἰς
383 349 667 390 Μακεδονίαν
707 347 933 416 ἐξέπεμψε,
985 346 1222 400 προςτάξας
1261 351 1349 389 τῶν
1390 346 1502 388 νέων
1551 346 1655 397 τούς

278 402 484 454 εὐθέτους
524 403 708 454 ἐπιλέξαι
748 404 859 458 πρὸς
897 406 1144 456 στρατείαν·
1196 401 1327 454 αὐτὸς
1357 403 1402 446 δὲ
1432 402 1536 458 μετὰ
1574 402 1654 445 πά-

280 472 357 515 σης
393 464 469 515 τῆς
509 459 730 530 δυνάμεως
760 464 984 528 παρῆλθεν
1024 462 1083 511 εἰς
1124 462 1366 513 Αἴγυπτον,
1416 460 1490 502 καὶ
1528 458 1655 512 παρέ-

196 522 249 560 90
279 519 384 569 λαβε
413 517 554 567 πάσας
583 516 660 566 τοὶς
690 516 736 559 ἐν
768 515 877 572 αὐτη
909 515 1054 566 πόλεις
1084 518 1212 570 χωρὶς
1233 517 1464 587 κινδύνων.
1510 517 1553 558 οἱ
1570 515 1654 587 γάρ

277 571 537 627 Αἰγύπτιοι,
592 577 682 615 τῶν
724 577 909 625 Περσῶν
944 570 1020 627 ησε
1025 573 1222 628 βηκότων
1262 575 1321 624 εἰς
1355 572 1407 616 τοὶ
1447 572 1542 624 ἱερὰ
1583 573 1656 615 καὶ

280 631 432 684 βιαίως
468 628 714 684 ἀρχόντων,
769 630 947 683 ἅσμενοι
987 630 1295 683 προςεδέξαντο
1327 629 1429 680 τούς
1458 628 1657 672 Μἀκεδό-

279 702 369 736 νας.
429 686 700 742 καταστήσας
740 686 785 727 δὲ
825 685 877 727 τὰ
917 701 1026 727 κατα
1066 685 1143 739 τήν
1175 687 1398 740 Αἴγυπτον
1435 690 1657 755 προῆλθεν

282 744 343 793 εἰς
360 741 602 797 Ἄμμωνος,
633 741 902 809 βουλόμενος
931 741 1177 810 χρήσασθαι
1205 746 1266 799 τῷ
1295 747 1398 798 θεῷ.
1457 760 1566 785 κατα
1589 742 1655 796 μέ-

198 799 251 840 95
283 811 364 854 σην
394 799 438 841 δὲ
468 799 547 853 την
577 797 685 840 ὁδὸν
715 796 968 854 απήντησαν
997 796 1116 869 αὐτῷ
1145 788 1341 853 πρέσβεις
1369 798 1487 852 παρὰ
1513 802 1657 853 Κυρη-

283 857 421 898 ναίων
453 855 672 907 στέφανον
704 857 950 909 κομίζοντες
978 855 1051 898 καὶ
1087 859 1387 910 μεγαλοπρεπῆ
1417 859 1561 907 δωρα,
1611 856 1658 897 έν

284 908 350 961 οἷς
378 914 487 966 ἡγον
520 913 680 957 ἵππους
708 911 964 979 πολεμιστας
1001 914 1278 963 τριακοσίους
1319 913 1393 954 καὶ
1431 912 1556 955 πέντε
1594 912 1657 954 τέ-

283 973 454 1021 θριππα
498 967 551 1010 τά
591 966 810 1020 κράτιστα.
874 966 897 1010 6
938 967 983 1010 δὲ
1019 967 1203 1018 τούτους
1232 968 1309 1022 μὲν
1339 966 1658 1038 ἀποδεξάμενος

175 1028 253 1067 100
285 1026 435 1078 φιλίαν
464 1025 537 1067 καὶ
568 1026 813 1079 συμμαχίαν
843 1023 1048 1067 συνέθετο
1079 1024 1190 1079 πρὸς
1221 1023 1403 1077 αὐτούς,
1451 1023 1580 1076 αὐτὸς
1611 1025 1657 1067 δὲ

281 1080 388 1136 μετοὶ
419 1084 508 1123 τῶν
539 1081 969 1136 συναποδημούντων
1001 1086 1194 1137 προῆγεν
1223 1082 1291 1125 ἐπὶ
1320 1083 1370 1124 τὸ
1404 1081 1542 1136 ἱερόν”
1583 1082 1657 1125 καὶ

282 1136 492 1187 διανύσας
531 1137 599 1180 ἐπὶ
635 1137 714 1192 τὴν
753 1139 914 1193 ἔρημον
952 1139 1025 1181 καὶ
1064 1138 1281 1208 ἄνυδρον,
1332 1137 1734 1192 ’ὑδρευσάμενοςὶέὶὸ

283 1193 394 1249 διηει
431 1194 509 1249 τὴν
550 1197 695 1249 χώραν
735 1194 920 1249 ἔχουσαν
960 1195 1107 1250 ἄμμου
1151 1196 1333 1250 μέγεθος
1376 1193 1538 1249 αέριον.
1612 1195 1659 1238 έν

281 1249 458 1305 ἡμέραις
500 1250 545 1292 δε
580 1251 803 1318 τέτταρσιν
841 1251 1204 1300 έξαναλωθέιτων
1242 1256 1331 1294 τῶν
1360 1252 1658 1307 κομιζομένων

227 1307 252 1348 5
283 1307 468 1376 ὑδάτων
510 1309 570 1357 εἰς
609 1311 653 1349 δε
657 1325 698 1349 ιι
702 1324 757 1363 ι3ν
795 1321 955 1350 σπανιν
994 1308 1300 1375 παρεγένοντο.
1369 1311 1427 1358 εἰς
1464 1308 1658 1363 οἷθυμίαν

284 1366 369 1407 ούν
406 1362 585 1407 πάντων
624 1363 901 1433 ἐμπεσόντων
939 1363 1066 1418 α”.φνω
1096 1364 1234 1415 πολύς
1263 1363 1428 1420 ὄμβρος
1457 1365 1499 1417 ἐξ
1529 1364 1659 1417 οὐρα-

279 1425 364 1463 νοῦ
393 1419 652 1475 κατερράγη
683 1420 761 1475 τὴν
788 1419 877 1463 ὑπα
866 1420 1071 1476 ’ρχουσαν
1103 1426 1189 1464 τῶν
1217 1420 1367 1476 ὑγρων
1389 1423 1557 1465 ἔνδειαν
1577 1437 1657 1464 πα-

283 1476 478 1530 ραδόξως
510 1476 853 1530 διορθούμενος·
886 1478 953 1521 διὸ
985 1479 1058 1520 καὶ
1086 1478 1136 1521 τὸ
1169 1478 1341 1533 συμβὰν
1371 1479 1516 1529 ἔδοξεν
1541 1477 1657 1521 ανελ-

279 1535 439 1584 πίστως
471 1539 648 1576 σωθεῖσι
677 1539 795 1576 θεῶν
823 1537 1010 1606 προνοίᾳ
1049 1535 1284 1605 γεγονέναι.
1341 1534 1564 1591 ὑδρευσάιι
1554 1552 1660 1578 ενοι

199 1595 250 1633 10
279 1589 322 1633 δ’
355 1590 401 1634 ἔκ
431 1607 551 1640 τινος
576 1607 640 1633 xo:
648 1589 793 1642 λάδος,
824 1591 891 1633 ἐπὶ
910 1592 1114 1644 τέτταρας
1136 1590 1296 1647 ἡμέρας
1316 1591 1483 1647 ἔχοντες
1503 1591 1659 1647 ἀρκοῦ-

280 1659 362 1690 σαν
379 1646 459 1702 τήν
477 1646 702 1717 βοήθειαν,
735 1648 807 1690 καὶ
838 1647 1082 1698 διελθόντες
1111 1648 1272 1715 ἡμέρας
1301 1649 1517 1703 τέτταρας,
1555 1650 1658 1701 διεξ-

281 1703 436 1747 έπεσον
467 1703 546 1758 τήν
577 1703 782 1758 α’νυδρον.
823 1703 1009 1774 ἀδήλου
1040 1706 1084 1748 δὲ
1115 1710 1190 1760 τῆς
1220 1703 1332 1748 ὁδοῦ
1379 1705 1659 1775 καθεστώσης

282 1760 356 1804 διὰ
392 1761 441 1804 τὸ
480 1764 649 1816 πλῆθος
689 1765 763 1815 τῆς
804 1760 951 1815 ἅμμου
991 1763 1034 1804 οί
1074 1761 1399 1817 καθηγούμενοι
1436 1766 1511 1832 τῆς
1550 1761 1659 1806 ὁδου

200 1821 252 1862 15
283 1817 595 1886 προςήγγειλαν
624 1821 684 1873 τῷ
716 1821 884 1871 βασιλεῖ
917 1818 1029 1861 διότι
1058 1818 1241 1873 κόρακες
1271 1820 1401 1870 δεξιοὶ
1430 1817 1660 1872 κλαζοντες
1704 1871 1706 1873 ‚

282 1875 361 1929 τὴν
404 1876 555 1928 τρίβον
584 1878 660 1928 τῆς
690 1873 758 1916 ἐπὶ
787 1874 835 1917 τό
867 1875 985 1929 ῖερον
1016 1875 1240 1930 φερούσης
1270 1873 1467 1944 ατραποῦ
1497 1888 1658 1932 προση-

283 1933 530 1987 μαίνουσιν.
595 1930 905 1986 οἰωνισάμενος
925 1932 970 1975 δὲ
991 1932 1038 1975 τὸ
1063 1936 1307 2001 συμβαῖνον
1326 1931 1349 1976 6
1365 1931 1657 1987 Ἀλέξανδρος,

281 1988 355 2031 καὶ
395 1985 618 2043 διαλαβων
657 1988 858 2042 δέχεσθαι
899 1989 977 2031 τόν
1013 1989 1122 2032 θεὸν
1163 1987 1357 2044 ἀσμένως
1385 1989 1465 2044 τὴν
1493 2005 1656 2056 παρου-

285 2046 384 2087 σίαν
420 2044 571 2095 αὐτοῦ,
580 2049 762 2115 προῆγε
791 2062 902 2088 κατα
933 2044 1141 2101 σπουδήν.
1201 2046 1272 2088 καὶ
1303 2045 1352 2088 τὸ
1380 2062 1460 2101 μεν
1478 2049 1657 2099 πρῶτον

199 2107 253 2147 20
283 2101 545 2158 κατήντησεν
574 2100 642 2144 ἐπὶ
671 2102 751 2157 τήν
780 2101 942 2155 πικροὶν
963 2101 1254 2173 καλουμένην
1271 2104 1446 2158 λίμνην,
1477 2103 1582 2157 μετὰ
1612 2103 1657 2145 δὲ

282 2162 418 2202 ταῦτα
449 2158 679 2215 πορευθεὶς
717 2160 921 2211 σταδίους
955 2158 1112 2204 ἑκατὸν
1140 2158 1382 2215 παρήλλαξε
1409 2158 1486 2210 τὰς
1515 2159 1657 2203 ἐπικα-

281 2337 339 2374 85.
388 2336 599 2396 διοικήσας]
642 2340 927 2386 διοικησάμενος
949 2340 1008 2374 Ft.
1202 2339 1258 2374 87.
1307 2337 1416 2384 τούς]
1450 2340 1567 2381 vnis-F

374 2383 492 2428 πρὸς]
529 2385 620 2430 πρὸς
652 2387 719 2432 τήν
753 2389 782 2422 Ι,
988 2385 1043 2420 93.
1088 2383 1298 2442 Ἄμμωνος]
1334 2388 1538 2421 Hammonis
1571 2397 1656 2422 cou-

280 2433 410 2464 stanter
442 2432 506 2464 Cos
510 2444 572 2474 pus
793 2432 849 2468 95.
898 2430 1136 2477 οἷπηντησαν]
1171 2430 1388 2477 ’ὑπήντησαν
1420 2435 1451 2467 F

279 2476 337 2510 97.
387 2477 543 2522 ἵππους]
579 2480 714 2521 ἵππους
736 2493 773 2515 τε
796 2481 826 2513 F
1015 2479 1071 2512 99.
1120 2478 1318 2522 συνέθετο]
1350 2478 1457 2516 ἔθετο
1482 2480 1563 2514 Bas.

372 2523 452 2558 100.
503 2525 892 2571 συναποδημούντων]
919 2524 1265 2569 συνεπιδημούντων
1289 2526 1348 2560 ΙἺι

373 2581 452 2615 189.
498 2581 531 2614 4.
581 2581 910 2636 ἐξαναλωθέντων]
954 2577 1222 2616 οἷναλωθέντων
1255 2583 1337 2620 Bas.
1550 2582 1584 2616 ⁷.
1619 2581 1654 2615 8.

280 2622 349 2669 τήν
374 2646 415 2652 —
435 2627 737 2682 διορθούμενος]
761 2629 823 2664 καὶ
847 2625 922 2683 τήν
937 2645 981 2653 -
1006 2628 1250 2670 διωρθώσατο
1275 2630 1337 2663 FL
1483 2627 1517 2662 S.
1566 2640 1654 2672 συμ-

281 2672 380 2729 βιὶν]
400 2672 546 2716 σύμπαν
570 2676 599 2708 F
783 2676 838 2709 12.
883 2672 1056 2720 τέτταρας
1079 2675 1121 2717 F,
1147 2675 1272 2709 caeteri
1297 2674 1473 2718 τέσσαρας

283 2719 512 2764 διεξέπεσον]
537 2720 747 2764 διεξέπεσαν
771 2722 834 2755 FT
856 2720 937 2754 Bas.
1120 2721 1177 2756 20.
1225 2719 1308 2766 ἐπὶ]
1334 2721 1384 2762 εἰς
1407 2722 1438 2755 F
1597 2718 1654 2755 22.

282 2765 594 2812 ἐπικαλουμένας]
630 2766 904 2813 ὀνομαζομένας
927 2766 986 2801 1²¹1.
