1820 3249
292 125 402 162 1458
690 119 805 158 Llss.
834 118 921 160 XX.
981 118 1112 159 CAP.
1140 122 1179 160 5.

292 229 599 300 ὑπελάμβανον
629 226 764 272 αὐτὸν
793 227 1070 284 στρατεύειν,
1097 245 1210 279 τινες
1238 228 1285 272 δὲ
1313 226 1556 299 πορθήσειν
1584 228 1661 282 τῆς

211 294 263 336 45
293 289 496 337 Σικελίας
544 286 623 342 τὴν
657 286 745 329 ὑπὸ
785 288 1141 355 Καρχηδονίους,
1177 283 1336 336 πάντες
1375 283 1422 328 δ’
1452 284 1662 339 ἀπεγίνω-

291 355 400 387 σκον
428 348 517 387 τῶν
547 345 715 386 ἐκπλεῖν
744 342 988 398 μελλόντων
1016 342 1095 399 τὴν
1125 343 1341 398 σωτηρίαν
1378 342 1451 385 καὶ
1480 345 1561 383 τοῦ
1591 342 1664 383 δυ-

290 399 458 443 νάστου
511 399 590 454 τὴν
635 401 796 454 μανίαν
835 402 1166 454 κατεγίνωσκον.
1249 397 1569 454 ἐφορμούντων
1618 396 1665 440 δὲ

289 461 379 500 τῶν
420 458 639 511 πολεμίων
675 459 1015 506 πολλαπλασίαις
1052 457 1264 510 τριήρεσι,
1293 456 1343 498 τὸ
1380 455 1459 510 μὲν
1489 457 1664 508 πρῶτον

290 511 364 568 ἐφ’
404 513 566 568 ἡμέρας
615 511 738 563 τινας
777 511 1038 568 ἠναγκάζετο
1079 513 1273 567 συνέχειν
1312 512 1358 554 ἐν
1395 516 1487 561 ταῖς
1534 509 1666 553 ναυσὶ

211 576 262 616 50
292 568 396 620 τούς
433 569 717 623 στρατιώτας,
757 568 810 613 ον’
852 571 1094 623 δυνάμενος
1131 568 1374 611 ἐκπλεῦσαι.
1434 568 1578 610 ἔπειτα
1619 565 1665 608 δὲ

294 630 480 696 σιτηγῶν
510 628 674 670 πλοίων
704 642 755 683 τῃ
793 624 917 668 πόλει
948 624 1272 677 προςθεόντων,
1306 626 1348 667 οἱ
1377 641 1456 692 μεν
1486 626 1667 691 Καρχη-

294 681 438 726 δόνιοι
475 683 606 725 παντὶ
645 686 705 738 τῷ
747 683 884 739 στόλῳ
922 681 1034 734 πρὸς
1073 679 1151 731 τοὶς
1179 685 1288 730 ναῦς
1318 679 1590 750 ἀνήχθησαν·
1641 676 1664 748 6

294 737 337 783 6²
358 739 627 809 Ἀγαθοκλῆς
659 726 904 791 ἀπελπίζων
932 737 1016 793 ἤδη
1045 738 1124 792 τὴν
1155 736 1383 805 ἐπιβολήν,
1414 753 1472 787 ως
1502 735 1586 779 εἶδε
1615 735 1665 778 τὸ

293 794 432 865 στόμα
468 799 549 838 τοῦ
586 796 761 850 λιμένος
793 795 955 866 ἔρημον
983 796 1072 836 τῶν
1106 792 1445 865 ἐφορμούντων,
1476 793 1666 845 ἐξέπλευ-

209 857 261 899 55
293 863 368 895 σεν
399 850 552 903 ὀξείαις
590 857 684 901 ταῖς
724 853 925 903 εἰρεσίαις
954 866 1186 906 χρωμενος.
1245 847 1333 893 εἶθ’
1369 851 1413 892 οἱ
1441 849 1519 904 μὲν
1548 852 1666 901 Καρ-

291 909 488 964 χηδόνιοι
525 909 710 963 πλησίον
747 907 831 977 ἤδη
871 924 961 950 των
991 922 1236 977 φορτηγων
1271 905 1415 958 ὄντες,
1454 905 1510 957 ὠς
1547 904 1668 948 εἶδον

291 982 396 1015 τους
439 966 673 1018 πολεμίους
711 964 898 1018 ἀθρόαις
935 968 1028 1014 ταῖς
1067 964 1198 1006 ναυσὶ
1233 963 1465 1014 πλέοντας,
1510 961 1560 1005 τό
1591 961 1670 1015 μὲν

291 1037 466 1075 πρωτον
503 1020 799 1075 ὑπολαβόντες
838 1018 976 1063 αὐτὸν
1016 1018 1266 1090 ωρμηκέναι
1306 1019 1418 1072 πρός
1464 1017 1545 1088 τὴν
1582 1021 1671 1060 τῶν

293 1092 481 1134 σιτηγων
510 1077 735 1145 βοήθειαν,
767 1077 1041 1146 ἀνέστρεφον
1062 1076 1136 1119 καὶ
1164 1093 1242 1119 τον
1274 1078 1432 1119 στόλον
1461 1074 1671 1130 ἐξήρτυον

208 1142 261 1181 60
293 1137 351 1184 εἰς
390 1136 662 1203 ναυμαχίαν·
702 1133 760 1184 ὠς
798 1133 841 1178 δ’
886 1132 954 1177 ἐπ’
996 1130 1170 1183 εὐθείας
1216 1132 1367 1186 ἑωρων
1413 1131 1669 1186 παραθέον-

289 1208 367 1242 τας
412 1192 485 1234 καὶ
534 1190 648 1234 πολὺ
693 1194 775 1233 τοῦ
824 1194 940 1233 πλοῦ
972 1189 1398 1259 προλαμβάνοντας,
1437 1188 1668 1232 ἐποιοῦντο

290 1247 369 1291 τὸν
406 1248 611 1302 διωγμόν.
669 1247 779 1290 ε’νθα
819 1246 872 1315 δή
902 1245 1073 1289 τούτων
1110 1247 1221 1300 πρὸς
1261 1244 1474 1301 ἀλλήλους
1504 1250 1670 1300 φιλοτι-

292 1304 544 1373 μουμένων,
580 1303 633 1346 τὰ
669 1303 748 1358 μὲν
769 1303 867 1372 τὴν
905 1300 1071 1357 ἀγοράν
1107 1306 1339 1356 κομίζοντα
1374 1306 1505 1344 πλοῖα
1534 1317 1671 1353 παρα-

294 1360 431 1413 δόξως
459 1359 706 1416 ἐκφυγόντα
734 1358 812 1403 τὸν
840 1360 1051 1402 κίνδυνον
1079 1358 1248 1414 πολλὴν
1278 1357 1489 1412 εὐπορίαν
1524 1357 1671 1425 ἐποίη-

208 1421 262 1463 65
293 1429 367 1460 σεν
400 1418 446 1459 ἐν
476 1433 570 1467 ταις
595 1416 911 1486 Συρακούσαις
935 1432 1024 1458 των
1054 1416 1318 1471 ἐπιτηδείων,
1349 1415 1562 1465 σιτοδείας
1586 1413 1670 1470 η’δη

289 1490 387 1542 την
399 1472 530 1516 πόλιν
559 1472 759 1541 ἐχούσης,
776 1472 799 1515 ὁ
831 1470 872 1515 6’
900 1469 1169 1527 Ἀγαθοκλῆς
1182 1472 1562 1541 περικατάληπτος
1588 1471 1671 1526 ἥδη

289 1529 520 1586 γινόμενος
549 1528 840 1600 ἐπιλαβούσης
869 1533 945 1583 τῆς
974 1528 1134 1580 νυκτὸς
1167 1526 1429 1572 ἀνελπίστου
1461 1529 1675 1583 σωτηρίας

291 1587 422 1642 «ξ’-τύχε
464 1604 517 1643 τῃ
550 1585 592 1629 δ’
613 1585 821 1656 υστεραίᾳ
840 1586 1105 1642 τηλικαύτην
1134 1585 1325 1635 ε’κλειψιν
1352 1583 1481 1641 ἡλίου
1512 1584 1673 1654 συνέβη

207 1652 261 1690 70
289 1645 504 1713 γενέσθαι
525 1642 629 1694 ὥςτε
659 1633 902 1699 ὁλοσχερῶς
940 1647 1134 1698 φανῆναι
1162 1643 1324 1689 νύκτα,
1355 1642 1674 1696 θεωρουμένων

288 1703 380 1743 τῶν
406 1698 600 1754 ἀστέρων
630 1703 869 1755 πανταχοῦ.
921 1699 1071 1754 διόπερ
1105 1701 1149 1743 οἱ
1176 1700 1272 1753 περὶ
1301 1697 1379 1742 τόν
1405 1697 1673 1768 Ἀγαθοκλέα

291 1757 549 1829 νομίσαντες
568 1757 641 1799 καὶ
658 1756 707 1800 τό
736 1762 862 1799 θεῖον
882 1756 1034 1807 αὐτοῖς
1057 1757 1372 1827 προσημαίνειν
1391 1755 1440 1799 τὸ
1461 1754 1673 1811 δυςχερές,

293 1812 354 1856 ε’τι
372 1818 544 1885 μᾶλλον
556 1812 667 1867 ὑπὲρ
686 1817 768 1856 τοῦ
793 1813 1059 1868 μέλλοντος’
1043 1829 1090 1856 εν
1112 1811 1279 1883 ἀγωνίᾳ
1300 1812 1673 1883 καθειστήκεισαν.

395 1869 470 1922 Ὲξ
500 1868 544 1913 δ’
574 1869 738 1925 ἡμέρας
766 1870 840 1913 καὶ
869 1886 946 1920 τας
972 1872 1072 1921 ίσας
1100 1870 1263 1920 νύκτας
1294 1867 1438 1912 αὐτῶν
1466 1866 1676 1912 πλευσάν-

293 1942 406 1978 των,
448 1925 805 1996 ὑποφαινούσης
824 1931 901 1982 τῆς
943 1925 1000 1970 έω
1016 1927 1301 1995 παραδόξως
1337 1924 1361 1969 ὁ
1405 1925 1557 1976 στόλος
1584 1940 1675 1968 των

293 1985 612 2038 Καρχηδονίων
648 1982 731 2026 ούκ
778 1981 949 2026 ἄποθεν
988 1980 1050 2026 ὠν
1089 1983 1278 2039 ἑωραθη-
1338 1982 1490 2035 διόπερ
1532 1981 1674 2036 ἀμφο-

236 1855 265 1891 6

209 1910 263 1951 75

293 2040 435 2094 τέροις
475 2040 744 2094 ἐμπεσούσης
774 2042 996 2094 σπουδῆς,
1026 2037 1273 2095 ἡμιλλῶντο
1312 2038 1422 2093 πρὸς
1459 2037 1674 2108 ἀλλήλους
1739 2060 1743 2062 >

295 2101 389 2146 ταῖς
424 2097 647 2149 εἰρεσίαις,
689 2098 733 2139 οἱ
760 2112 838 2150 μεν
873 2098 1074 2146 Φοίνικες
1102 2097 1373 2165 νομίζοντες
1374 2095 1475 2165 ἅμα
1504 2110 1555 2152 τη
1586 2110 1675 2138 των

213 2164 266 2204 30
295 2157 406 2196 νεῶν
437 2151 593 2196 ἁλώσει
623 2152 919 2207 Συρακούσας
945 2152 1023 2208 μὲν
1050 2152 1328 2222 ὑποχειρίους
1358 2151 1488 2204 ε’ξειν,
1511 2151 1596 2222 τήν
1627 2150 1674 2194 δὲ

294 2211 483 2263 πατρίδα
512 2207 710 2279 μεγάλων
749 2209 1061 2263 ἐλευθερώσειν
1091 2208 1335 2253 κινδύνων
1377 2210 1421 2251 οἱ
1451 2207 1492 2251 δ’
1511 2207 1675 2263 Ἕλλη-

294 2282 391 2316 νες,
432 2267 468 2308 εί
497 2265 555 2335 μὴ
587 2264 806 2320 φθάσειαν
837 2270 914 2321 τῆς
949 2264 1094 2321 χώρας
1123 2264 1358 2319 ἁψάμενοι,
1388 2265 1674 2334 προκειμένην

295 2320 448 2377 ἐώρων
478 2321 628 2374 αὐτοῖς
666 2322 746 2380 μὲν
775 2323 1009 2379 τιμωρίαν,
1048 2326 1140 2374 τοῖς
1170 2322 1216 2366 δὲ
1245 2325 1598 2378 καταλειφθεῖσιν
1626 2321 1674 2364 ἐν

300 2479 356 2516 44.
380 2477 420 2515 δ’
445 2480 476 2514 F
646 2477 899 2524 ἀπεγίνωσκον
923 2483 959 2513 et
983 2479 1041 2513 46.
1063 2479 1329 2536 κατεγίνωσκον
1353 2480 1395 2522 F,
1418 2479 1547 2515 caeteri
1569 2490 1632 2524 per
1654 2491 1675 2522 γ

482 2525 540 2560 48.
572 2522 792 2570 ἠναγκάζετο
828 2525 1096 2571 wesselingius=
1137 2527 1217 2561 libri
1249 2525 1427 2571 ἠνάγκαζε
1617 2525 1674 2560 49.

302 2570 528 2616 δυνάμενος]
556 2572 637 2605 iibri
661 2572 891 2615 δυναμένους
1027 2572 1086 2606 61.
1108 2571 1330 2618 ἐποιοῦντο]
1356 2574 1436 2608 fort.
1460 2569 1551 2616 ὀξύν
1575 2569 1678 2606 ἐποι-

301 2619 414 2653 οὖντο
552 2618 608 2651 δὲ.
633 2616 852 2665 ἐκφυγόντα]
878 2615 1103 2661 ἐκφεύγοντα
1125 2621 1156 2652 F
1295 2618 1473 2663 ἐποίησαν
1494 2623 1571 2662 post
1591 2617 1676 2662 συῤ-

301 2661 501 2709 ῥακούσαις
522 2665 618 2707 ponit
641 2666 670 2698 F
815 2666 871 2701 67.
904 2662 1096 2707 γινόμενος
1117 2666 1148 2699 F
1180 2666 1286 2709 Bas,
1318 2666 1448 2699 caeteri
1478 2664 1675 2721 γενόμενος

437 2711 493 2745 76
528 2712 812 2768 Καρχηδονίων]
849 2710 1127 2768 συρρακουσίων
1150 2711 1179 2744 F
1338 2709 1498 2756 αποθεν]
1522 2709 1676 2746 onumen»

300 2756 381 2791 Bas.
520 2755 664 2801 διόπερ]
689 2757 746 2793 διὸ
770 2754 861 2805 παρ’
886 2768 1004 2792 omues
1118 2757 1176 2792 81.
1200 2754 1404 2803 φθασειαν]
1431 2757 1620 2802 φθάσαιεν
1644 2757 1674 2790 F
