1820 3249
335 127 444 167 1424
707 121 821 165 LIB.
849 121 956 164 XIX.
1015 123 1143 166 GAP.
1172 128 1240 167 83.
1269 129 1336 168 84.

336 235 499 292 μένως,
536 235 698 306 ἐπηγον
745 239 836 286 τοῖς
878 237 1098 291 πολεμίοις
1141 236 1246 291 μετὰ
1282 240 1452 307 πολλῆς
1499 241 1702 309 κραυγῆς.

252 296 305 338 25
336 292 668 349 οέντεπαγόντων
698 291 742 335 δὲ
771 293 844 335 καὶ
869 298 956 337 τῶν
986 294 1214 345 ἐναντίων,
1245 293 1294 336 τὸ
1323 294 1400 349 μὲν
1429 301 1603 349 πρῶτον
1632 293 1700 338 ἐπ’

333 351 483 403 ἄκρων
521 354 608 392 τῶν
649 349 843 409 κεράτων
883 352 1119 420 ἱππομαχία
1156 352 1338 421 συνέστη
1377 356 1466 393 τών
1501 367 1702 404 προτετα-

331 408 503 463 γμένων
533 407 708 458 ἱππέων,
729 405 774 447 ἐν
793 409 860 456 οἱς
886 409 997 450 πολὺ
1027 408 1293 462 έπροτέρουν
1323 410 1365 450 οἱ
1393 409 1490 461 περὶ
1518 408 1596 451 τὸν
1616 413 1701 462 Λη-

332 464 528 520 μή.τριον
586 461 679 518 μετ’
714 461 863 517 ὀλίγον
901 464 945 506 δὲ
975 468 1058 506 τῶν
1087 467 1185 519 περὶ
1217 449 1490 508 Πτολεμαῖόν
1519 465 1593 507 καὶ
1622 441 1703 507 Σέ-

331 526 487 564 λευκον
516 519 915 592 περιιππευσάντων
943 521 991 563 τό
1029 522 1158 590 κέρας
1187 523 1257 564 καὶ
1289 521 1534 576 βιαιότερον
1565 522 1704 564 ἐπενε-

247 587 301 628 30
330 577 524 633 χθέντων
565 577 719 632 ὀρθαῖς
754 582 848 627 ταῖς
887 579 1020 629 ἴλαις,
1051 579 1231 647 συιέστη
1274 579 1464 645 καρτεροὶ
1487 578 1598 634 μάχη
1629 577 1700 622 διὰ

331 634 409 684 τὰς
448 634 662 687 ἑκατέρων
701 636 963 686 προθυμίας.
1032 633 1142 676 κατα
1182 635 1260 689 μὲν
1300 640 1382 677 οὐν
1417 652 1495 690 την
1525 652 1702 689 πρωτην

333 691 498 760 ἔφοδον
526 696 617 741 τοῖς
648 692 816 742 ξυστοῖς
845 688 1050 743 ἆγωνισα
1043 706 1162 733 ιενοι
1191 690 1360 734 τούτων
1388 708 1431 733 τε
1451 691 1504 734 τα
1525 697 1702 734 πλεῖστα

333 748 596 801 συνέτριψαν
634 748 707 790 καὶ
741 751 829 789 τῶν
877 745 1205 816 ἀγωνιζομένων
1238 747 1320 790 οὐκ
1358 747 1533 802 ὀλίγους
1575 765 1702 791 κατε-

247 813 301 853 35
330 803 649 860 τραυμάτισανῡ
680 804 789 846 κατα
822 803 866 845 δὲ
895 803 974 858 τήν
1005 803 1211 857 δευτέραν
1240 804 1509 859 ἐπιστροφὴν
1538 806 1597 855 εἰς
1622 821 1702 860 την

331 861 416 904 ἀπὸ
461 866 541 904 τοῦ
583 863 738 914 ξίφους
782 860 922 915 μα’χην
964 859 1197 915 ὥρμησαν,
1241 862 1314 903 καὶ
1358 861 1703 916 συμπλεκόμενοι

331 917 523 967 πολλοὺς
566 915 765 972 ἀλλήλων
805 916 1023 973 ἀνῃρουν,
1062 918 1109 960 οἴ
1141 934 1185 960 τε
1213 915 1435 985 ἡγεμόνες
1454 917 1578 961 αὐτοὶ
1615 918 1701 971 πρὸ

330 976 508 1018 πάντων
545 990 615 1016 κιι
621 974 875 1024 δυνεύοντες
909 974 1229 1028 προετρέποντο
1269 975 1372 1026 τούς
1410 973 1704 1030 ὑποτεταγμέ-

330 1049 436 1081 νους
467 1029 692 1102 εὐρώστως
709 1030 955 1098 ὑπομένειν
984 1030 1033 1073 τὸ
1066 1031 1234 1082 δεινόν,
1280 1034 1327 1074 οί
1351 1030 1392 1074 τ’
1425 1032 1491 1075 ἐπὶ
1519 1049 1608 1074 των
1637 1048 1702 1075 κε-

249 1095 304 1136 40
333 1087 478 1143 ράτων
517 1090 678 1138 ἱππεῖς
701 1086 887 1139 ἅπαντες
926 1087 1241 1155 ἐπιλελεγμένοι
1275 1088 1374 1132 κατ’
1402 1086 1557 1143 ἀρετὴν
1583 1087 1705 1157 ἡμιλ-

333 1149 472 1188 λῶντο
502 1145 609 1198 πρὸς
641 1143 868 1200 ἀλλήλους,
887 1144 1048 1194 θεατάς
1079 1146 1244 1201 ε’χοντες
1275 1150 1348 1200 τῆς
1379 1145 1579 1199 ἀνδρείας
1599 1143 1704 1196 τοὺς

248 1213 305 1251 84
334 1201 760 1270 συναγωτιζὸιιένους
788 1202 1066 1257 στρατηγούς.
1110 1202 1179 1245 ἐπὶ
1204 1204 1346 1246 πολυν
1373 1202 1418 1246 δὲ
1446 1201 1607 1274 χρόνον
1629 1219 1704 1257 της

335 1261 595 1328 ἱππομαχίας
633 1257 765 1314 οὔσης
795 1258 1061 1313 ἐφαμίλλου,
1090 1258 1143 1301 τὰ
1177 1262 1324 1330 θηρία
1343 1259 1415 1302 διὰ
1443 1263 1532 1302 τῶν
1558 1257 1703 1301 Ἰνδῶν

247 1322 302 1365 45
334 1318 394 1367 εἰς
429 1316 506 1359 τὸν
547 1313 698 1370 ἀγῶνα
733 1315 1073 1385 παρορμηθέντα
1112 1316 1234 1371 μέχρι
1275 1315 1354 1386 μέν
1390 1332 1510 1365 τινος
1538 1319 1702 1370 προῆγε

329 1376 701 1442 καταπληκτικῶς,
743 1389 803 1422 ως
842 1371 1020 1423 οὐδενὸς
1048 1372 1427 1442 ὑποστησομένου·
1471 1371 1530 1424 ὣς
1559 1371 1602 1415 δ’
1635 1373 1704 1415 ἐπὶ

328 1431 408 1474 τόν
452 1427 797 1484 σεσιδηρωμένον
835 1445 1004 1484 χαρακα
1043 1429 1302 1498 κατήντησε,
1334 1430 1381 1472 τό
1413 1446 1492 1497 μεν
1533 1432 1704 1486 πλῆθος

327 1490 416 1530 τῶν
446 1485 713 1529 ακοντιστῶν
740 1486 814 1529 καὶ
852 1489 1039 1537 τοξοτῶν
1070 1491 1256 1556 συνεχῶς
1295 1486 1547 1556 βαλλόντων
1575 1501 1706 1529 κατε-

326 1546 534 1598 τίτρωσκε
574 1543 627 1585 τοὶ
666 1540 845 1598 σώματα
881 1559 968 1585 των
999 1542 1246 1597 ελεφοέντων
1284 1544 1357 1586 καὶ
1386 1541 1489 1593 τοὺς
1517 1541 1588 1585 ἐπ’
1621 1541 1705 1585 αυ’-

246 1607 300 1650 50
331 1606 422 1652 τοῖς
452 1599 786 1656 ἀναβεβηκότας.
846 1599 1115 1655 βιαζομένων
1144 1600 1189 1643 δὲ
1218 1604 1306 1643 τῶν
1332 1600 1503 1650 Ἰνδῶν,
1529 1599 1603 1642 καὶ
1634 1615 1705 1642 κο-

331 1656 552 1710 λαζόντων
590 1657 644 1698 τὰ
683 1658 842 1711 θηρία,
872 1656 971 1700 τινὰ
1000 1656 1078 1727 μὲν
1108 1656 1256 1700 αυτῶν
1284 1657 1605 1710 περιεπείροντο
1643 1673 1703 1712 τῳ

333 1713 691 1770 φιλοτεχνηθέντι
722 1713 904 1768 χάρακι,
943 1714 1017 1756 καὶ
1052 1718 1145 1763 ταῖς
1172 1720 1355 1783 πληγαῖς
1389 1714 1460 1756 καὶ
1490 1712 1705 1781 πυκνότη-

331 1782 376 1814 σι
406 1775 493 1814 τῶν
521 1771 851 1823 τιτρωσκόντων
885 1769 1130 1822 περιωδυνα
1157 1772 1379 1826 γινόμενα
1405 1769 1540 1812 ἐποίει
1567 1768 1701 1823 θόρυ-
1714 1776 1782 1812 384

246 1835 301 1879 55
331 1832 424 1885 βον.
480 1826 530 1870 τὸ
574 1826 658 1893 γαρ
701 1827 828 1897 γένος
863 1831 992 1870 τοῦτο
1030 1826 1139 1870 κατὰ
1176 1845 1254 1883 μεν
1282 1827 1385 1878 τοὺς
1414 1825 1604 1896 ὁμαλοὺς
1632 1827 1706 1870 καὶ

332 1883 586 1955 μαλακούς
601 1883 764 1934 τόπους
803 1881 1124 1929 ἀνυπόστατον
1147 1885 1374 1940 παρέχεται
1410 1882 1521 1926 κατα
1568 1883 1709 1937 στόμα-

329 1941 410 2013 τὴν
449 1940 622 1996 ῥώμην,
663 1956 711 1983 εν
750 1939 796 1983 δὲ
831 1946 925 1991 τοῖς
961 1941 1133 1995 τραχέσι
1171 1942 1246 1985 καὶ
1264 1940 1517 2009 stvgfioztocg
1553 1941 1707 1991 τελέως

330 1998 554 2053 ἄπρακτον
593 1997 675 2051 ε’χει
703 1998 784 2051 τήν
817 1995 955 2052 ἄλκην
993 1998 1066 2040 διοὶ
1107 2014 1187 2052 την
1221 2001 1309 2042 τῶν
1338 1999 1490 2041 ποδῶν
1516 1995 1706 2051 μαλακό-

329 2073 446 2110 τητα.
505 2052 573 2098 διὰ
602 2053 674 2096 καὶ
703 2052 800 2096 τότε
833 2057 923 2095 τῶν
949 2054 1048 2108 περὶ
1078 2057 1354 2124 Πτολεμαῖον
1382 2057 1573 2104 συνετῶς
1601 2070 1705 2107 προ·
1737 2056 1740 2057 ’

248 2126 304 2167 60
335 2110 596 2170 εωραμένων
640 2109 690 2154 τὸ
736 2112 918 2167 μέλλον,
968 2109 1016 2153 ἐκ
1066 2113 1148 2153 τοῦ
1195 2109 1386 2168 χάρακος
1428 2113 1505 2166 τῆς
1539 2108 1706 2165 πήξεως

329 2308 387 2345 27.
411 2305 636 2354 ἕπροτέρουν
658 2305 1182 2363 Wcsselingius‚{3190.e.vs'qovv
1203 2306 1306 2348 Bas„
1330 2305 1459 2340 caeteri
1482 2302 1705 2350 ἐπροτέρουν

946 2367 1075 2397 οτερον

512 2399 570 2434 29.
603 2399 831 2457 βιαιότερον]
870 2400 993 2445 βίαιον
1016 2401 1047 2436 F
1205 2397 1263 2432 30.
1285 2400 1368 2437 ταῖς
1391 2409 1460 2432 om.
1480 2398 1511 2431 F
1645 2398 1703 2433 34.

333 2444 577 2491 ἐπιστροφὴν]
599 2445 843 2504 α’ναστροφήν
864 2447 1027 2490 FQTXY
1049 2447 1132 2481 Bas.
1315 2445 1372 2479 36.
1402 2440 1564 2485 πολλοῦς
1595 2441 1704 2489 οἷλλή-

333 2493 430 2537 λων]
473 2495 562 2527 πολλ
567 2492 632 2534 οὓς
666 2495 749 2528 Bas.
761 2520 771 2538 ‚
809 2493 938 2528 πολλοὶ
981 2491 1157 2538 ἀλλήλους
1197 2491 1307 2525 Fvw
1493 2492 1551 2526 37.
1590 2503 1705 2547 προε-

332 2539 527 2583 τρέποντο]
552 2539 828 2596 προετρέψαντο
852 2540 881 2572 F
1065 2539 1122 2573 52.
1145 2541 1227 2578 ταῖς
1248 2540 1402 2583 πληγαῖς
1423 2537 1490 2573 καὶ.
1521 2536 1704 2583 πυκνότη-

334 2585 384 2630 σι]
408 2584 475 2626 τοὶς
497 2585 636 2630 πληγὰς
658 2587 720 2621 καὶ
742 2584 971 2630 πυκνότητας
992 2586 1022 2619 F

949 2643 1016 2671 ους
1600 2650 1602 2654 -

421 2675 502 2712 384.
551 2676 609 2712 54.
637 2675 831 2731 ὁμαλοῦς]
839 2673 987 2720 ὅμαλεῒς
1009 2676 1040 2710 F
1224 2674 1281 2709 55.
1319 2672 1414 2711 κατὰ
1445 2672 1588 2719 στόμα]
1618 2672 1701 2710 κατ’

332 2721 472 2763 αυτούς
492 2724 544 2767 F,
567 2724 719 2758 alterum
741 2737 797 2769 γ.ρ
819 2722 856 2757 in
879 2734 992 2767 marg.
1016 2732 1144 2765 ponens
1326 2722 1383 2756 56.
1409 2720 1559 2766 ῥώμην]
1582 2719 1705 2764 ῥύμην

332 2769 495 2804 Reiskius
602 2770 659 2805 60.
682 2772 748 2815 τῆς
769 2767 911 2815 πήξεως
929 2780 998 2804 om.
1012 2769 1045 2803 'l
1068 2769 1164 2812 Bas„
1181 2768 1348 2802 asterisco
1370 2768 1706 2811 notavitstephanus
