1820 3249
508 108 777 151 LIB.XV11.
837 107 966 149 GAP.
994 110 1525 151 65.66.1199

147 222 288 269 πολλὰ
317 222 428 278 πρός
454 221 537 278 τήν
565 220 822 278 εὐχρηστίαν
849 218 1188 291 ξπινοησάμενος
1209 219 1278 264 ἐπὶ
1307 218 1356 264 τὸ
1382 224 1525 274 κρεῖτ-
1553 227 1609 269 95

147 298 228 351 τον
257 279 560 353 διωρθώσατο.
619 277 944 328 κατασκευάσας
973 278 1018 320 δὲ
1046 282 1193 322 πᾶσαν
1220 277 1299 333 τήν
1321 279 1528 331 στρατιὰν

148 337 301 395 εὐνοίᾳ
329 353 374 380 τε
402 335 513 390 πρός
542 334 621 378 τὸν
648 333 896 391 ἡγούμενον
926 335 1238 406 διαφέρουσαν
1256 334 1328 377 καὶ
1348 334 1456 387 πρὸς
1472 352 1526 377 τα

145 382 531 448 παραγγελλόμενα
553 395 891 462 πειθαρχοῦσαν,
924 391 984 434 ἔτι
1014 392 1059 434 δὲ
1088 398 1182 443 ταῖς
1203 389 1528 462 ἀνδραγαθίαις

144 450 314 507 ὑπερβά
342 455 522 501 λουσαν,
553 450 621 491 ἐπὶ
649 465 754 499 τους
783 447 1159 502 ὑπολειπομένους
1190 446 1360 516 ἀγῶνας
1384 447 1526 517 ὥρμη-

147 520 233 551 σεν.
292 523 350 557 εις
378 506 423 550 δὲ
442 506 522 561 τήν
545 505 803 560 Σουσιανὴν
827 503 1100 559 καταντήσας
1131 503 1376 555 ἀκινδύνως
1398 504 1525 558 παρέ·
1559 513 1638 553 100

144 567 250 620 λαβε
279 581 333 606 τα
361 562 596 631 περιβόητα
617 562 663 605 ἐν
683 562 877 613 Σούσοις
908 563 1116 617 βασίλεια,
1148 562 1356 631 ἑκουσίως
1375 559 1527 627 Ἀβου-

143 622 286 693 λη’του
307 625 386 663 τοῦ
418 619 644 687 σατράπου
673 618 951 672 παραδόντος
991 618 1109 677 αὐτῷ
1139 620 1220 676 τήν
1260 618 1417 670 πόλιν,
1469 634 1529 669 ως

143 677 223 734 μὲν
263 677 373 720 ἔνιοι
402 675 669 746 γεγράφασι,
712 674 1032 730 προςτάξαντος
1062 665 1256 729 Δαρείου
1285 681 1376 725 τοῖς
1404 690 1527 718 πεπι-

143 733 395 790 στευμένοις
441 732 516 777 ὑπ’
557 732 723 775 αὐτοῦ·
777 736 907 776 τοῦτο
950 733 995 775 δὲ
1038 736 1198 789 πρᾶξαι
1235 730 1313 775 τὸν
1350 733 1527 787 βασιλέα
1557 736 1584 779 5

65 797 129 832 211
142 795 232 834 τῶν
264 793 460 845 Περσῶν,
498 789 617 840 ὅπως
647 788 671 833 ὁ
702 789 781 844 μὲν
807 789 1082 842 Ἀλέξανδρος
1112 792 1170 841 εἰς
1199 788 1529 844 περισπασμοὺς

144 845 398 902 ἀξιολόγους
438 847 512 890 καὶ
552 845 823 901 παραληψεις
864 847 1222 917 ἐπιφανεστάτων
1252 846 1423 889 πόλεων
1451 845 1529 890 καὶ

142 909 386 960 θησαυρῶν
415 902 614 960 μεγάλων
644 904 841 958 ἐμπεσών
871 903 918 946 έν
948 903 1169 959 ἀσχολίαις
1197 902 1391 959 υπάρχῃ,
1424 900 1447 945 6
1481 901 1528 945 δὲ

142 966 330 1014 Δαρεῖος
364 965 419 1014 τῇ
450 977 570 1017 φιγῃ
604 960 806 1016 λαμβάνῃ
836 958 998 1016 χρόνον
1027 962 1087 1012 εἰς
1114 960 1193 1018 τὴν
1221 964 1303 1004 τοῦ
1332 959 1527 1015 πολέμου

137 1017 434 1087 παρασκευην.
1553 1023 1607 1061 10

248 1071 299 1116 Ὃ
337 1072 382 1116 δ’
418 1071 697 1125 Ἀλέξανδρος
734 1070 1005 1130 παραλαβων
1040 1071 1128 1143 τὴν
1155 1071 1285 1117 πόλιν
1313 1090 1386 1117 και
1415 1071 1521 1124 τοὺς
1550 1079 1607 1118 66

140 1130 189 1174 ἐν
217 1135 311 1181 τοῖς
340 1132 576 1186 βασιλείοις
604 1129 864 1186 θησαυρους
894 1145 1020 1183 ευρεν
1049 1129 1220 1186 ἀσήμου
1250 1134 1418 1186 χρυσοῦ
1447 1131 1520 1173 καὶ

142 1185 343 1243 ἀργύρου
382 1189 515 1230 πλείω
553 1189 643 1229 τῶν
682 1189 1048 1241 τετρακιςμυρίων
1085 1187 1321 1231 ταλάντων.
1383 1191 1522 1230 ταῦτα

143 1244 274 1288 δ’ἐκ
313 1247 489 1286 πολλῶν
533 1241 704 1298 χρόνων
743 1245 786 1287 οἱ
825 1246 1017 1313 βασιλεῖς
1055 1243 1214 1287 άθικτα
1249 1243 1523 1300 διετήρησαν,
1553 1247 1606 1289 15

139 1300 261 1371 πρός
278 1317 332 1344 τα
361 1299 588 1355 παράλογα
617 1304 693 1355 τῆς
721 1299 852 1369 τύχης
873 1298 1179 1352 ἀπολείποντες
1209 1302 1359 1353 αὐτοῖς
1389 1318 1524 1344 κατα-

141 1357 298 1414 φυγάς.
355 1358 484 1412 χωρὶς
523 1357 569 1400 δὲ
597 1357 766 1400 τούτων
803 1373 996 1429 υπηρχεν
1037 1360 1297 1414 ἐνακιςχίλια
1333 1358 1524 1401 τάλαντα

139 1417 320 1484 χρυσοῦ,
350 1430 598 1470 χαρακτηρα
628 1414 832 1468 δαρεικὸν
863 1415 1024 1469 ε’χοντα.
1084 1417 1201 1458 ἴδιον
1230 1416 1276 1459 δέ
1301 1432 1341 1458 τι
1363 1416 1523 1484 συνέβη

139 1471 344 1527 γενέσθαι
371 1475 431 1527 τῷ
460 1473 628 1540 βασιλεῖ
656 1487 765 1513 κατα
795 1488 874 1526 την
893 1470 1145 1526 παράληψιν
1169 1489 1258 1515 των
1276 1471 1522 1544 χρημάτων.

137 1530 405 1578 καθίσαντος
433 1527 516 1582 γαρ
545 1525 685 1570 αὐτοῦ
715 1527 782 1570 ἐπὶ
822 1527 900 1570 τόν
939 1527 1167 1583 βασιλικόν
1202 1528 1395 1582 θρόνον,
1447 1529 1522 1572 καὶ
1550 1536 1605 1577 20

139 1583 300 1629 τούτου
328 1586 475 1639 μειζοτ
478 1601 525 1634 ος
556 1583 684 1634 ὄντος
713 1601 740 1640 η
772 1584 880 1627 κατά
920 1601 999 1654 την
1028 1588 1297 1655 συμμετρίαν
1325 1589 1406 1629 τοῦ
1441 1585 1522 1629 σώ-

139 1658 296 1710 ματος,
347 1657 437 1684 των
473 1642 645 1683 παίδων
678 1657 742 1690 τις
772 1643 881 1684 ἰδων
908 1657 1015 1691 τους
1044 1641 1182 1693 πόδας
1208 1641 1522 1693 ἀπολειποντας

101 1713 105 1721 ⁴
138 1696 254 1742 πολυ
292 1701 373 1740 τοῦ
413 1714 524 1740 κατα
552 1697 630 1740 τόν
659 1696 831 1749 θρόνον
859 1695 1150 1753 υποβάθρου,
1193 1698 1411 1755 βαστάσας
1440 1699 1521 1755 τήν

138 1755 336 1809 Δαρείου
382 1752 598 1808 τράπεζαν
639 1752 834 1809 υπέθηκε
881 1759 973 1805 τοῖς
1013 1756 1145 1798 ποσὶν
1185 1757 1518 1824 αἰωρουμένοις.
1549 1762 1602 1803 25

140 1811 361 1866 ἁρμοστης
399 1811 445 1854 δὲ
474 1810 729 1866 γενομένης,
781 1810 804 1854 ὁ
835 1810 913 1866 μὲν
941 1811 1144 1868 βασιλεὺς
1174 1811 1409 1865 ἀπεδέξατο
1439 1814 1519 1868 τὴν

137 1872 219 1911 τοῦ
259 1867 504 1938 πράξαντος
543 1868 786 1922 εὐστοχίαν·
838 1871 924 1911 τῶν
964 1869 1009 1912 δὲ
1044 1869 1330 1922 παρεστώτων
1368 1887 1432 1921 τις
1456 1873 1517 1925 τῷ

137 1924 292 1995 θρόνῳ
331 1922 540 1979 εὐνοῦχος
573 1925 770 1994 κινηθεὶς
804 1923 885 1996 τὴν
919 1924 1066 1980 ψυχην
1102 1930 1156 1984 τῆ
1180 1929 1413 1998 μεταβολῇ
1442 1931 1518 1982 τῆς

136 1982 268 2051 τύχης
290 1980 538 2035 ἐδάκρυσεν.
599 1979 652 2024 ὸν
682 1981 788 2024 ἰδών
816 1980 840 2025 ὁ
866 1969 1146 2036 Ἀλέξανδρος
1173 1983 1317 2051 ἤρετο,
1353 1986 1405 2027 Τί
1435 2001 1516 2027 κα-

135 2037 219 2108 κόν
255 2036 362 2081 ἰδών
396 2037 578 2093 γεγονὸς
616 2040 801 2089 κλαίεις,·
851 2037 875 2081 ὁ
908 2040 953 2082 δὲ
982 2038 1192 2096 εὐνοῦχος
1220 2041 1375 2096 ἔφησε,
1408 2045 1512 2084 Νῦν
1540 2048 1596 2088 30

136 2095 217 2151 μὲν
244 2093 321 2145 σός
345 2095 432 2150 εἰμι,
461 2096 639 2146 δοῦλος,
690 2095 906 2149 πρότερον
934 2095 980 2138 δὲ
1009 2099 1231 2151 Δαρείου,
1278 2099 1352 2140 καὶ
1382 2097 1513 2153 φύσει

137 2151 453 2207 φιλοδέσποτος
483 2149 566 2200 ω’ν,
594 2151 762 2208 ἤλγηκα
790 2153 899 2195 ἰδων
928 2151 977 2195 τὸ
1011 2152 1120 2206 παρ’
1148 2154 1298 2224 ἐκείνῳ
1327 2156 1514 2209 μάλιστα

136 2208 388 2281 τιμώμενον
419 2211 504 2251 νῦν
541 2206 698 2264 ἄτιμον
732 2208 914 2264 γεγονός
945 2214 1110 2261 σκεῦος
1171 2209 1195 2254 ὁ
1235 2213 1280 2254 δὲ
1308 2213 1514 2267 βασιλευς

137 2265 210 2309 δια
246 2269 322 2322 τῆς
361 2264 629 2321 ἀποκρίσεως
665 2266 813 2323 λαβών
849 2266 1028 2309 ε’ννοιαν
1062 2270 1136 2324 τῆς
1165 2266 1268 2324 ὅλης
1296 2268 1406 2312 κατὰ
1433 2287 1515 2326 την
1543 2279 1597 2320 35

134 2388 193 2424 94.
240 2385 550 2444 ἕπινοησάμενος]
579 2389 727 2437 ἐποίησε
751 2391 783 2434 Q
966 2390 1023 2426 95.
1073 2390 1154 2436 ἐπὶ]
1180 2393 1242 2430 καὶ
1266 2395 1359 2437 πρὸς
1382 2395 1414 2438 Q

226 2435 284 2468 96.
331 2435 398 2481 τήν
421 2449 490 2472 om.
512 2439 543 2471 F
733 2436 886 2484 εὐνοίᾳ]
915 2434 1066 2473 εὖνοίαν
1090 2440 1152 2473 FL
1312 2441 1346 2478 3.
1390 2441 1516 2486 Ἀβου-

138 2477 271 2525 λήτου]
295 2479 528 2527 Ἀβουλεύτου
553 2485 651 2527 QXY
673 2484 772 2526 Bas,
799 2485 865 2517 Cos
851 2496 931 2526 *pus

228 2527 307 2560 211.
332 2528 366 2563 7.
400 2527 700 2573 ἐπιφανεστάτων
724 2530 904 2563 Reiskius:
929 2529 1011 2563 libri
1030 2526 1320 2572 ἐπιφανεστάτας
1336 2534 1433 2567 ταῖν.-
1455 2546 1516 2568 ιιι·-

139 2573 195 2606 bes
216 2574 369 2628 insignes
393 2575 525 2619 Cospus
694 2577 750 2610 14.
799 2573 838 2610 6'
863 2577 893 2609 F
1057 2577 1112 2610 16.
1161 2576 1421 2620 ἀπολείποντες
1444 2581 1512 2622 FL,

138 2619 264 2652 meteri
299 2617 543 2660 ἀπολιπόντες
664 2646 667 2648 >
749 2618 898 2665 αὐτοῖς]
937 2620 1067 2662 αὐτοῖς
1091 2623 1119 2656 L
1324 2626 1381 2660 17.
1429 2626 1511 2659 libri

137 2664 312 2708 ἐννακιςχ.
517 2667 574 2701 20.
621 2668 881 2725 καθίσαντος]
895 2667 1133 2709 καθησαντος
1157 2668 1190 2702 Τ
1212 2669 1293 2704 Bas.
1455 2670 1512 2705 25.

137 2712 318 2757 αἰωρουμ.
331 2712 343 2756 ]
369 2709 526 2756 ἔωρουμ.
551 2714 584 2747 Τ
607 2715 688 2748 Bas.
872 2714 930 2750 32.
976 2713 1123 2759 ἐκείνῳ]
1149 2712 1289 2751 ἐκείνου
1313 2717 1342 2750 L

135 2757 191 2792 28.
239 2771 283 2805 τη
306 2760 491 2809 μεταβολῇ
514 2761 578 2805 τῆς
600 2759 728 2805 τύχης]
756 2761 820 2806 τῆς
842 2761 1046 2807 μεταβολης
1069 2762 1114 2807 τῇ
1138 2760 1229 2808 τύχῃ
1256 2764 1340 2797 Bas.
