1820 3249
341 121 450 161 1442
676 112 938 156 LlB.Xlx.
998 113 1382 157 GAP.1⁰1.102

340 233 433 281 τοῖς
470 228 518 273 δὲ
547 225 830 283 στρατιώταις
867 225 1032 297 πολλὴν
1069 229 1146 283 τῆς
1184 225 1328 295 χώρας
1365 225 1710 296 κατεκληρούχη-

342 299 429 331 σεν
487 283 511 329 6
554 285 600 328 δὲ
634 286 796 354 δῆμος,
839 283 950 327 κατὰ
988 287 1100 327 νοῦν
1145 289 1234 327 τῶν
1281 281 1547 340 πραγμάτων
1592 282 1711 338 αὐτῷ

340 341 712 399 προχωρούντων,
755 338 959 385 ἀποικίαν
987 339 1232 385 ἀπέστειλεν
1260 343 1321 392 εἰς
1349 341 1431 397 τήν
1465 344 1604 397 νῆσον
1631 339 1711 396 τήν

237 436 314 474 ¹02
343 401 538 499 Ποντὲκν
565 397 894 499 σὲαλουμέέῖην.λ
959 470 982 497 τ
1635 468 1661 495 ν

241 494 314 533 ¹00
337 472 737 583 Ἀγαθοίίλεῖεπῗδς
774 455 1632 583 666gwgl'txzit62:2221762259135656656273}
1662 469 1715 552 Ἂςῑ

343 571 422 627 μὲν
469 569 662 638 φυγάδες
706 572 794 612 τῶν
838 570 1131 639 Συρακοσίων
1178 567 1485 638 ῇθροίσθησαν
1532 569 1592 618 εἰς
1637 565 1715 622 τὴν

343 627 601 683 Μεσσηνην,
639 625 819 694 ταύτην
841 625 1026 694 ὁρωντες
1061 624 1219 695 λοιπήν
1269 629 1410 669 οὐσαν
1453 642 1542 670 των
1589 622 1716 667 ἀλλο-

288 687 314 729 5
344 686 474 740 τρίως
509 684 703 755 έχουσων
739 682 849 737 πρὸς
890 681 967 726 τὸν
1006 681 1236 752 δυνάστην.
1302 681 1325 727 6
1368 681 1411 727 6'
1447 682 1717 738 Ἀγαθοκλῆς

343 741 544 786 σπεύδων
564 739 710 784 αὐτῶν
738 743 980 783 καταλῦσαι
1008 738 1057 781 τὸ
1088 737 1299 795 σύστημα,
1312 741 1572 809 Πασίφιλον
1592 749 1717 791 στρα·

340 798 473 868 τηγὸν
502 797 764 850 ἐξαπέστειλε
794 795 899 851 μετὰ
929 796 1173 866 δυνάμεως
1183 798 1243 846 εἰς
1271 796 1350 851 τήν
1370 797 1624 856 Μεσσήνην,
1650 795 1717 838 έν-

340 854 590 910 τειλάμενος
631 854 676 898 έν
724 852 987 908 ἀπορρήτοις
1026 852 1053 896 ἃ
1074 853 1202 923 χρὴ
1221 852 1435 908 πράττειν.
1506 856 1634 903 οὗτος
1669 851 1716 895 δὲ

342 911 675 983 ἀπροςδοκήτως
711 910 908 982 ἐμβαλών
938 912 997 960 εἰς
1031 909 1113 967 τήν
1141 927 1310 966 χωραν,
1350 911 1425 955 καὶ
1451 912 1627 954 πολλων
1657 909 1719 951 αἰ-

261 983 313 1024 10
342 967 580 1025 χμαλώτων
606 967 681 1012 καὶ
701 971 777 1023 τῆς
806 967 938 1022 άλλης
965 968 1118 1019 λείας’
1102 967 1310 1024 εγκρατὴς
1326 966 1572 1038 γενόμενος,
1594 963 1718 1022 ἠξίου

342 1026 447 1077 τούς
471 1026 755 1095 Μεσσηνίους
794 1023 1032 1094 βούλεσθαι
1064 1041 1146 1082 την
1181 1028 1332 1079 φιλίαν
1377 1025 1452 1068 καὶ
1488 1024 1547 1081 μὴ
1586 1035 1719 1066 συνα-

340 1081 632 1139 ναγκάζεσθαι
660 1087 785 1134 τοῖς
770 1057 1113 1137 πολεμιωτάτοις
1135 1082 1273 1126 αὐτοῦ
1303 1081 1644 1126 διαλύεσθαι.οί
1673 1079 1720 1122 δὲ

340 1140 588 1210 Μεσσήνιοι
624 1139 829 1196 λαβόντες
867 1139 1040 1190 ἐλπίδας
1077 1142 1159 1183 τοῦ
1193 1139 1325 1209 χωρὶς
1351 1137 1574 1184 κινδύνων
1604 1136 1717 1181 ἀπο-
1730 1147 1797 1182 397

340 1196 616 1254 λυθήσεσθαι
641 1199 722 1240 τοῦ
749 1194 960 1252 πολέμου,
991 1195 1096 1247 τούς
1123 1212 1169 1240 τε
1197 1196 1398 1267 φυγάδας
1426 1196 1534 1248 τούς
1562 1194 1610 1238 ἐκ
1633 1197 1722 1237 Συ·

261 1263 312 1307 15
342 1258 587 1323 ρακουσῶν
621 1253 823 1309 ἐξέβαλον
855 1253 929 1296 καὶ
966 1251 1044 1297 τὸν
1071 1252 1337 1324 Ἀγαθοκλέα
1365 1250 1726 1308 παραγενόμενον

338 1311 445 1367 μετὰ
474 1309 702 1381 δυνάμεως
726 1309 1056 1381 προςεδέξαντο.
1115 1309 1140 1354 6
1175 1310 1223 1354 δὲ
1250 1308 1300 1353 τὸ
1333 1310 1411 1363 μὲν
1442 1324 1642 1380 πρωτον
1643 1322 1728 1362 φι-

338 1366 614 1423 λανθρώπως
644 1366 793 1419 αὐτοῖς
818 1365 1121 1422 προςεφέρετο,
1151 1367 1227 1411 καὶ
1255 1366 1359 1418 τοὺς
1388 1366 1590 1438 φυγάδας
1620 1363 1728 1408 ε’πει-

340 1437 388 1468 σε
417 1425 738 1476 καταδέξασθαι
774 1423 879 1474 τοὺς
915 1422 1345 1495 συστρατευομένους
1373 1424 1453 1481 μὲν
1482 1421 1646 1491 αὐτῷ,
1642 1435 1728 1464 πε-

340 1481 705 1554 φυγαδευμένους
742 1480 789 1525 δε
817 1481 939 1552 ‘1265250
966 1479 1054 1525 ’ὑπὸ
1085 1498 1175 1525 των
1203 1482 1484 1555 Μεσσηνίων.
1542 1476 1648 1548 μετοὶ
1678 1476 1728 1521 δὲ

257 1546 311 1585 20
339 1543 477 1582 ταῦτα
517 1539 620 1590 τοὺς
659 1538 1023 1593 ἐναντιουμένους
1052 1538 1100 1582 ἐν
1136 1542 1230 1589 τοῖς
1263 1538 1513 1594 ἔμπροσθεν
1546 1535 1724 1593 χρόνοις

339 1599 395 1652 τῆ
427 1597 662 1669 δυναστείᾳ
695 1612 749 1654 τη
781 1595 939 1639 ἑαυτοῦ
975 1595 1360 1667 μεταπεμψάμενος
1397 1595 1444 1638 ἔκ
1473 1610 1518 1639 τε
1553 1597 1726 1646 Ταυρο-

340 1654 506 1725 μενίου
522 1653 595 1697 καὶ
622 1656 699 1707 τῆς
719 1639 1008 1709 Μεσσήνης,
990 1653 1186 1704 άπαντας
1216 1651 1486 1723 ἀπέσφαξεν,
1504 1648 1590 1696 οὐκ
1609 1649 1726 1694 ἐλάτ-

338 1726 444 1781 τους
482 1710 613 1762 ὄντας
649 1710 899 1762 ἑξακοσίων.
957 1708 1313 1765 διανοούμενος’
1314 1709 1399 1765 γάρ
1429 1708 1624 1778 πόλεμον
1653 1705 1726 1750 έκ-

255 1770 309 1814 25
339 1767 492 1824 φέρειν
533 1773 626 1819 τοῖς
664 1767 1011 1823 Καρχηδονίοις,
1050 1771 1141 1810 πᾶν
1175 1766 1225 1810 τὸ
1278 1768 1553 1822 διακείμενον
1599 1762 1727 1806 ἀλλο-

334 1826 464 1878 τρίως
492 1824 604 1869 κατά
630 1824 711 1881 τήν
737 1825 946 1868 Σικελίαν
974 1822 1178 1868 έκποδων
1206 1822 1408 1868 ἐποιεῖτο.
1457 1824 1502 1867 οἱ
1531 1820 1577 1866 δε
1606 1823 1726 1863 Μεσ-

337 1880 484 1952 σηνιοι
522 1897 613 1925 των
651 1882 809 1934 ξένων
818 1897 926 1932 τους
956 1879 1280 1932 εὐνουστάτους
1310 1878 1461 1931 αὐτοῖς
1489 1879 1562 1923 καὶ
1592 1879 1724 1922 δυνα-

337 1939 499 2007 μένους
541 1936 796 1994 ἀμύνασθαι
836 1937 916 1981 τὸν
955 1937 1179 2009 τύραννον
1218 1936 1524 1994 ἐκβεβληκότες
1560 1934 1611 1977 ἐκ
1645 1935 1724 2002 τῆς

338 1993 528 2046 πόλεως,
549 1995 632 2038 καὶ
658 2011 748 2038 των
776 1997 969 2037 πολιτων
1005 1995 1109 2046 τούς
1138 1992 1377 2049 ἀλλοτρίως
1406 1994 1584 2060 ἔχοντας
1609 2004 1724 2060 προς

256 2053 311 2094 30
339 2050 418 2095 τὸν
462 2051 684 2106 δυνάστην
722 2050 911 2103 ὁρωντες
948 2049 1279 2121 ἀνῃρημένους,
1320 2050 1381 2093 ἔτι
1423 2049 1470 2092 δὲ
1504 2047 1610 2097 τούς
1652 2045 1723 2089 ἐπὶ

339 2109 585 2164 κακουργία
624 2107 1075 2177 καταδεδικασμένους
1120 2105 1448 2176 ἠναγκασμένοι
1493 2102 1727 2155 καταδέξα·

341 2170 472 2217 σθαι,
503 2164 785 2220 μετεμέλοντο
825 2162 876 2220 μὲ
859 2180 905 2207 εν
942 2164 1010 2208 ἐπὶ
1038 2168 1129 2216 τοῖς
1156 2163 1512 2232 πεπραγμένοις,
1511 2157 1729 2230 ἠναγκά-

342 2197 472 2274 {ovto'
499 2221 546 2265 δε
574 2226 824 2294 καρτερεῖν,
852 2221 1253 2291 καταπεπληγμένοι
1280 2219 1361 2276 τὴν
1390 2217 1611 2274 ὑπεροχήν
1643 2218 1727 2260 τοῦ

340 2281 625 2334 κρατοῦντος.
683 2277 707 2322 ὁ
737 2276 779 2323 δ’
807 2276 1078 2336 Ἀγαθοκλῆς
1105 2277 1155 2322 τὸ
1192 2276 1273 2335 μὲν
1300 2279 1477 2333 πρῶτον
1506 2274 1729 2329 ἀνέζευξεν

341 2444 400 2480 99.
425 2447 542 2503 νῆσον
560 2445 642 2492 την]
669 2449 787 2495 νῆσον
809 2448 893 2484 Bas.
995 2447 1176 2493 Ποντίαν]
1199 2446 1408 2484 Ποτίδαιαν
1425 2439 1733 2491 913119.’109.4

342 2489 452 2538 ἄρτι]
486 2490 559 2536 ἤδη
594 2495 702 2535 QVW
915 2494 1032 2532 ..397
1053 2494 1110 2531 42.
1140 2492 1197 2529 59.
1224 2493 1469 2537 Συρακοσίων
1492 2493 1577 2526 Bas·-

345 2584 426 2620 Fw
388 2537 655 2619 4δυνάστηζ]
670 2536 869 2639 ἕεῖσιττῗτέἴῖ
882 2541 1025 2583 FQVW
1206 2539 1241 2575 6.
1266 2538 1510 2585 ἐξαπέστειλε]
1536 2533 1725 2573 ἀπέστειλε

437 2629 1032 2676 397.18.συστρατεῡομένονς]
1060 2631 1376 2676 στρατευομένους
1399 2640 1518 2667 omnes
1665 2625 1726 2660 21·

341 2675 390 2723 τῇ
411 2675 551 2712 εαυτοῦ
570 2688 639 2710 om.
666 2678 700 2711 T
722 2678 830 2719 Bas..
857 2678 1023 2714 asterisco
1044 2679 1178 2715 notavit
1199 2679 1398 2737 Stephanus
1550 2673 1609 2710 22.
1635 2670 1726 2711 ἀπέ-

343 2724 505 2768 σφάξεν]
539 2721 768 2768 κατέσφαξεν
798 2724 908 2759 Fvw
1090 2724 1148 2760 31.
1182 2723 1251 2769 μὲν
1285 2737 1354 2761 om.
1388 2725 1473 2761 Bas.
1663 2718 1722 2754 33.

341 2771 414 2805 τοῦ
433 2770 672 2815 κρατοῦντος]
697 2783 772 2806 των
794 2767 1032 2816 κρατούντων
1055 2772 1119 2817 QY
1143 2737 1227 2809 Βαμε.
