1820 3249
511 189 622 231 LIB.
651 187 796 231 XVIII.
855 187 987 230 GAP.
1015 190 1085 231 20.
1114 190 1183 232 21
1422 191 1533 233 1277

161 303 273 375 μένι,
302 303 378 348 καὶ
402 303 476 347 διὰ
502 301 585 358 τήν
614 300 832 346 ἀπουσίαν
854 304 936 344 τοῦ
957 303 1184 358 Θίβρωνος
1200 300 1398 372 ραδίως’
1382 319 1528 357 εγκρα-
1565 306 1617 348 15

159 362 238 419 της
265 360 497 432 γενόμενος
535 359 588 403 τά
617 357 950 429 περιλειπόμενα
979 364 1067 402 τῶν
1104 362 1298 415 φορτίων
1328 358 1534 403 ἀποκατέ-

160 431 287 489 στησε
325 423 416 470 τοῖς
454 416 662 487 ἐμπόροις
699 416 772 459 καὶ
808 417 886 459 τὸν
926 416 1078 469 λιμένα
1118 418 1353 487 φιλοτίμως
1383 415 1534 472 ἐτήρει.

158 473 184 520 ὁ
215 476 261 520 δὲ
295 477 469 532 Θίβρων
498 473 546 518 τὸ
577 474 656 530 μὲν
685 477 862 528 πρῶτον
892 471 1072 528 ἀθύμως
1096 478 1219 529 εἰχεν,
1250 472 1535 525 ἀπολωλεκώς

155 531 296 576 τόπον
333 532 558 586 ἐπίκαιρον
594 531 670 574 καὶ
708 531 783 581 τὰς
823 534 912 573 τῶν
952 534 1229 584 στρατιωτῶν
1269 529 1533 581 ἀποσκευάς·
1564 540 1619 579 20

155 588 263 645 μετά
294 589 340 633 δὲ
367 593 503 632 ταῦτα
532 587 775 657 θαρρήσας,
807 588 879 630 καὶ
909 587 989 642 τὴν
1018 587 1146 632 πόλιν
1173 587 1253 643 τὴν
1274 585 1538 659 ὀνομαζομέ-

154 663 239 716 νην
268 645 475 701 Τεύχειρα
495 644 848 716 ἐκπολιορκήσας,
884 643 1096 701 ἀνέδραμε
1117 650 1210 696 ταῖς
1240 645 1389 687 ἐλπίσι.
1438 642 1534 699 μετ’

155 702 306 759 ὀλίγον
335 705 382 747 δὲ
411 702 546 747 πάλιν
577 701 713 746 αὐτὸν
740 681 904 757 συνέβη
928 707 1174 756 περιπεσεῖν
1195 701 1399 756 μεγάλοις
1419 702 1538 745 ἐλατ-

153 760 360 831 τώμασιν.
422 762 465 804 οἱ
492 776 578 816 γαρ
610 761 656 804 ἐν
684 764 778 810 ταῖς
807 760 965 802 ναυσὶν
997 760 1116 810 ὄντες
1135 762 1214 802 τοῦ
1232 759 1404 813 λιμένος
1423 759 1534 803 ἐστε-

153 816 344 889 ρημένοι,
372 822 540 886 τροφῆς
572 817 617 860 δὲ
647 815 928 871 ἀποροῦντες,
958 817 1190 860 ειώθεισαν
1218 814 1324 859 καθ’
1364 814 1534 872 ημέραν
1563 810 1618 853 25

153 874 224 917 ἐπὶ
245 873 334 930 τήν
363 874 511 931 χώραν
540 874 694 926 ἐξιέναι
732 874 803 917 καὶ
843 873 918 924 τὰς
946 873 1117 944 τροφάς
1147 873 1194 916 ἐκ
1222 872 1383 928 ταύτης
1413 874 1535 927 πορί-

154 929 315 984 ζεσθαι.
367 948 411 975 οι
435 932 482 976 δὲ
503 933 662 988 Λίβυες
678 930 1005 985 ἐνεδρεύσαντες
1029 930 1191 981 αὐτούς
1216 929 1535 983 πλανωμένους

153 986 264 1031 κατὰ
291 987 373 1044 τήν
402 989 570 1044 χώραν,
600 987 792 1039 πολλοὺς
824 1004 901 1042 μεν
932 987 1011 1030 άπε
1004 988 1214 1038 ’κτειναν,
1247 985 1330 1030 οὐκ
1355 988 1536 1042 ὀλίγους

153 1043 198 1088 δ’
235 1045 506 1115 ἐζώγρησαν·
550 1048 593 1089 οἱ
634 1045 680 1088 δὲ
721 1045 1070 1115 περιλειφθέντες
1107 1045 1154 1088 ἐκ
1193 1048 1273 1088 τοῦ
1313 1044 1530 1088 κινδύνου

149 1100 477 1171 καταφυγόντες
514 1103 575 1153 εἰς
614 1102 691 1153 τὰς
726 1106 836 1152 ναῦς
874 1101 1088 1145 ἀπέπλεον
1119 1103 1177 1153 εἰς
1212 1119 1288 1152 τας
1320 1104 1529 1158 συμμαχί-
1559 1099 1614 1140 30

152 1159 232 1208 δας
278 1158 433 1210 πόλεις.
500 1158 811 1214 ἐπιγενομένου
851 1158 897 1201 δὲ
942 1159 1132 1214 μεγάλου
1162 1158 1435 1213 πνεύματος,
1485 1161 1533 1203 αἱ

151 1219 348 1259 πλεῖσται
395 1215 475 1272 μὲν
520 1215 605 1260 υπὸ
647 1220 724 1272 τῆς
776 1214 996 1272 θαλάττης
1042 1215 1376 1270 κατεπόθησαν,
1439 1220 1529 1259 τῶν

152 1270 200 1315 δ’
229 1270 374 1316 άλλων
410 1274 456 1316 αἱ
494 1290 574 1328 μεν
601 1275 660 1323 είς
688 1271 875 1327 Κύπρον
906 1275 951 1315 αἱ
981 1271 1026 1316 δ’
1056 1274 1118 1323 εἰς
1148 1275 1375 1327 Αἴγυπτον
1405 1271 1532 1343 άπερ·
1563 1301 1618 1340 21

74 1335 143 1374 274
156 1329 361 1401 ρίφησαν
422 1328 446 1373 ὁ
485 1329 532 1374 δὲ
566 1331 739 1387 Θίβρων
773 1329 1009 1400 τηλικαύτῃ
1049 1333 1258 1399 συμφορᾷ
1286 1332 1532 1385 περιπεσων
1560 1357 1617 1400 35

153 1385 272 1442 ὅμως
311 1385 528 1458 ἀντείχετο
562 1391 641 1431 τοῦ
680 1387 898 1442 πολέμου
942 1386 1329 1459 προχειρισάμενος
1367 1387 1413 1431 δὲ
1441 1404 1532 1432 των

151 1444 294 1512 φίλων
332 1460 436 1496 τους
482 1442 690 1495 εὐθέτους
733 1444 920 1498 ἐπεμψεν
962 1447 1021 1495 είς
1060 1444 1140 1500 τὴν
1186 1443 1533 1500 Πελοπόννησον

151 1499 512 1574 ἀναληψομένους
540 1505 630 1544 τῶν
660 1501 794 1554 ξένων
816 1517 921 1552 τους
941 1501 1293 1556 ἐνδιατρίβοντας
1313 1503 1413 1554 περὶ
1435 1504 1533 1546 Ταί-

149 1573 307 1610 ναρον.
338 1558 398 1601 ε’τι
416 1557 501 1613 γάρ
522 1575 612 1601 των
631 1556 895 1613 αμισθώτων
915 1559 1166 1613 γενομένων
1184 1560 1338 1602 πολλοὶ
1361 1561 1532 1603 διεπλα-
1562 1557 1618 1601 40

148 1617 292 1658 νῶντο
327 1617 552 1685 ζητοῦντες
581 1631 686 1666 τους
715 1615 1139 1671 μισθοδοτήσοντας,
1189 1615 1262 1659 καὶ
1299 1614 1395 1658 τότε
1435 1633 1536 1671 περι

87 1686 91 1693 ’
153 1671 376 1726 Ταίναρον
398 1670 631 1742 υπῆρχον
646 1674 823 1723 πλείους
851 1689 942 1716 των
973 1675 1190 1743 διςχιλίων
1219 1672 1292 1716 καὶ
1321 1688 1534 1716 πεντακο-

150 1728 270 1771 σίων.
328 1727 516 1779 τούτους
547 1730 591 1773 δὲ
622 1746 665 1773 οι
695 1729 969 1785 πεμφθέντες
999 1728 1238 1800 ἀνέλαβον,
1282 1728 1359 1773 τόν
1389 1730 1434 1773 δὲ
1474 1731 1534 1781 εἰς

150 1782 366 1854 Κυρήνην
402 1790 545 1830 πλοῦν
584 1787 832 1830 ἐποιοῦντο.
889 1790 942 1844 τῇ
984 1786 1029 1830 δὲ
1067 1787 1238 1830 τούτων
1267 1784 1460 1844 ἀπουσίᾳ
1491 1804 1534 1831 οι

151 1841 230 1911 μὲν
259 1845 508 1899 Κυρηναῖοι
545 1842 850 1914 θαρρήσαντες
881 1848 972 1895 τοῖς
999 1844 1202 1899 γεγονόσι
1231 1832 1532 1899 προτερήμασι
1561 1843 1617 1888 45

152 1897 292 1954 μάχην
330 1904 556 1956 συνῆψαν,
597 1902 671 1944 καὶ
708 1900 963 1956 νικήσαντες
993 1901 1070 1944 τὸν
1103 1903 1308 1955 Θίβρωνα
1337 1900 1530 1951 πολλους

150 1971 241 1998 των
270 1961 547 2027 στρατιωτῶν
579 1956 850 2002 οἷπέκτειναν.
912 1957 984 2002 διὰ
1021 1958 1067 2001 δὲ
1106 1975 1182 2008 τας
1213 1957 1465 2009 ἐλαττώσεις
1499 1956 1523 2002 ὁ

153 2013 330 2081 Θίβρων
359 2011 678 2085 ἀπογινώσκων
707 2014 790 2072 ἤδη
821 2032 873 2058 τα
903 2032 1014 2059 κατα
1019 2014 1123 2085 τήν
1155 2014 1361 2070 Κυρηνην
1390 2031 1527 2069 παρα-

148 2067 286 2122 δόξως
314 2070 448 2114 πάλιν
475 2070 711 2142 ἐθάρρησε.
770 2077 860 2116 τῶν
888 2072 972 2128 γὰρ
1003 2069 1087 2117 άπο
1129 2071 1352 2126 Ταινάρου
1393 2085 1528 2126 στρα-

147 2131 315 2197 τιωτῶν
343 2130 750 2181 καταπλευσάντων,
780 2130 854 2172 καὶ
882 2128 1013 2186 ιιεγάλ
1017 2147 1066 2185 ης
1097 2129 1216 2186 αύτῷ
1236 2128 1378 2184 χειρός
1401 2146 1530 2182 προς-
1558 2130 1613 2173 50

147 2183 408 2242 γενομένης,
454 2184 624 2240 εὔελπις
662 2185 827 2244 ἐγένετο
857 2190 911 2244 τῇ
939 2192 1071 2244 ψυχῇ.
1130 2189 1175 2230 οῖ
1191 2174 1250 2230 δὲ
1279 2189 1530 2243 Κυρηναῖοι

151 2350 210 2385 16.
236 2349 542 2414 ἀποκατέστησε]
579 2354 840 2401 οἷπεκατέστησε
863 2358 911 2392 W
1094 2357 1152 2392 20.
1202 2354 1295 2402 μετὰ
1319 2354 1358 2393 δὲ
1384 2358 1529 2404 ταῦτα]

155 2395 246 2440 μετιὶ
268 2402 386 2436 ταῦτα
411 2401 449 2438 δε
472 2405 532 2437 Fv
718 2404 844 2451 θαρρη
836 2403 915 2443 ’ςσα
938 2404 978 2447 F,
1005 2404 1132 2438 caeteri
1155 2403 1349 2448 θαρσήσας

151 2445 210 2476 ’Ἰ
253 2444 430 2491 Τεύχειρα
447 2451 588 2494 FQTV,
619 2449 782 2495 Τεύκιρα
797 2453 854 2495 W,
887 2448 1030 2496 Τάχιρα
1042 2449 1293 2505 1’(ζ),’1ἀ”ριχα
1313 2451 1440 2485 caeteri

151 2489 209 2523 30.
256 2495 546 2548 καταφυγόντες]
582 2499 644 2534 καὶ
670 2497 847 2544 φυγόντες
870 2499 929 2532 F!
1113 2497 1170 2532 32.
1217 2500 1281 2543 τῆς
1313 2496 1528 2540 υαλάττης]

150 2537 221 2570 τοῦ
251 2537 461 2583 πνεύματος
484 2544 542 2576 Fx
547 2544 609 2586 W,
646 2546 774 2579 caeteri
796 2547 860 2589 τῆς
883 2542 1075 2586 θαλάσσης
1268 2543 1529 2588 κατεπόθησαν

151 2582 412 2631 Weseefingius,
435 2589 764 2636 κατεποντήθησαν
789 2592 822 2625 '1
847 2593 940 2634 Bas„
966 2590 1091 2626 caeteri
1116 2591 1461 2635 κατεποντίσθησαν

241 2662 324 2698 274.
355 2665 413 2701 36.
461 2680 556 2714 προχ
536 2681 625 2715 χ.ειρ
650 2669 705 2716 δὲ]
731 2669 771 2706 δε
795 2683 864 2706 om.
887 2671 917 2704 V
1089 2669 1146 2704 38.
1194 2666 1527 2714 ἀναληψομένους]

153 2704 440 2754 ἅναληψθμδνος
463 2715 538 2748 VW
737 2717 794 2754 39.
841 2719 916 2752 τῶν
940 2716 1072 2751 addidit
1095 2717 1345 2762 Wesselingius

150 2755 233 2800 περὶ
254 2757 434 2793 Reiskius:
465 2760 546 2794 libri
570 2759 626 2798 ἐπι
811 2765 867 2800 44.
917 2760 1079 2809 οἷπουσίᾳ
1103 2763 1157 2805 Τ,
1192 2763 1319 2797 caeteri
1342 2761 1526 2818 παρουσία

282 2802 339 2838 45·
385 2803 529 2852 μάχην]
550 2808 649 2855 μάχη
671 2810 702 2844 F
871 2810 928 2845 49.
976 2789 1321 2854 κατάπλενσάντων]
1344 2806 1526 2844 ἀποπλευ-

149 2845 290 2884 σάντων
314 2850 398 2886 Bas.
