1820 3249
457 190 572 230 LIB.
604 188 692 232 XX
754 189 887 230 GAP
917 189 1130 234 112.113
1374 188 1487 231 1563

93 307 175 347 τοῦ
213 301 427 353 πολλοὺς
444 300 793 373 προςεκτήσατο,
843 305 918 357 τῆς
958 301 1005 346 δὲ
1044 301 1364 352 Καππαδοκίας
1412 301 1487 344 καὶ
1516 305 1572 344 70

95 361 414 432 Παφλαγονίας
442 355 574 428 ἦρξεν
602 358 674 414 ἔτη
705 358 942 413 τριάκοντα
973 359 1029 411 ἐξ.

201 415 276 460 Ἐν
311 417 358 460 δὲ
385 420 479 467 ταῖς
518 413 672 467 αὐταῖς
709 414 890 472 ἡμέραις
928 415 1225 468 Κάσσανδρος
1260 413 1365 470 μετὰ
1405 415 1484 470 τὴν
1515 422 1600 461 112

92 472 356 530 ἀπαλλαγή-ν
374 473 456 543 τήν
484 473 743 529 Δημητρίου
772 474 848 523 τὰς
881 473 961 525 μὲν
990 472 1100 516 κατὰ
1106 471 1213 542 τήν
1246 473 1486 515 Θετταλίαν

91 531 240 583 πόλεις
268 529 556 602 ἀνεκτήσατο,
589 531 888 585 Πλείσταρχον
922 530 969 573 δὲ
1010 529 1116 585 μετά
1148 528 1377 602 δυνάμεως
1406 529 1486 580 ἐξέ-
1517 535 1572 576 75

91 595 263 643 πεμψεν
285 588 360 638 είς
375 587 458 641 τήν
484 585 635 632 ³A6t'av
665 586 947 647 βοηθήσοντα
977 593 1070 638 τοῖς
1102 587 1203 641 περὶ
1233 586 1312 630 τὸν
1343 587 1483 628 Λυσί-

91 661 245 700 μαχον.
303 646 347 688 οἱ
391 644 438 688 δὲ
469 644 871 696 συναποσταλέντες
907 648 1022 699 ήσαν
1060 645 1181 697 πεζοι
1222 644 1302 697 μὲν
1332 641 1487 698 μύριοι

91 703 330 757 διςχίλιοι,
357 702 503 752 ἱππεῖς
552 702 599 745 δε
644 701 938 744 πεντακόσιοι
1019 701 1042 744 ὁ
1085 702 1132 743 δὲ
1178 702 1487 772 Πλείσταρχος,

89 758 239 815 ἐπειδὴ
278 756 638 828 παραγενόμενος
680 759 756 801 ἐπὶ
787 758 838 801 τὸ
869 757 1007 812 στόμα
1039 762 1121 801 τοῦ
1153 757 1335 800 Πόντου
1367 756 1487 800 κατέ-

89 818 195 886 λαβε
223 831 328 866 τους
356 814 524 866 τόπους
558 816 968 871 προκατεχομένους
995 814 1086 858 vad
1127 818 1217 856 τῶν
1247 816 1483 869 πολεμίων,
1515 821 1569 860 80

89 872 315 928 ἀπογνοὺς
342 874 424 929 τὴν
452 871 659 944 διάβασιν
689 876 919 927 παρῆλθεν
949 874 1013 923 εἰς
1034 869 1266 927 Ὀδησσόν,
1292 871 1320 926 ἢ
1348 877 1486 914 κεῖται

89 929 250 999 μεταξὺ
279 945 359 986 μεν
388 933 467 986 τῆς
493 945 538 973 τε
565 928 856 980 Ἀπολλωνίας
886 945 956 972 και
987 931 1257 982 Καλλατίας,
1287 944 1485 971 καταντι-

89 985 174 1040 κρύ
207 987 254 1030 δὲ
292 990 368 1042 τῆς
406 987 453 1030 έν
493 991 553 1044 τῷ
584 986 722 1042 πέραν
755 986 961 1039 Ηρακλεῖ
965 1003 1035 1036 ας,
1066 986 1249 1057 ἐχούσης
1279 1002 1319 1027 τι
1351 985 1485 1038 μέρος

89 1047 167 1099 τῆς
207 1042 468 1099 Λυσιμάχου
506 1032 748 1099 δυνάμεως.
807 1041 889 1086 οὐκ
934 1044 1043 1099 ἔχων
1084 1042 1125 1086 δ’
1159 1043 1288 1086 ἱκανὰ
1329 1047 1485 1111 πορεῖα

91 1101 203 1153 πρὸς
229 1103 311 1155 τὴν
339 1106 431 1143 τῶν
459 1113 739 1158 στρατιωτων
769 1099 977 1154 διάβασιν
1005 1104 1130 1155 τριχῆ
1162 1100 1377 1154 διεμέρισε
1405 1097 1487 1155 τήν
1517 1102 1571 1144 85

11 1160 79 1196 488
93 1157 295 1211 δύναμιν.
353 1173 434 1212 την
465 1173 544 1212 μεν
583 1159 668 1201 οὐν
695 1156 876 1212 πρώτην
906 1156 1157 1212 ἀποστολὴν
1188 1156 1349 1212 συνέβη
1381 1158 1485 1200 δια-

91 1218 293 1270 σωθῆναι
336 1213 449 1283 πρὸς
485 1214 567 1285 τήν
599 1213 883 1268 Ἡράκλειαν
925 1213 1006 1268 τήν
1047 1213 1093 1257 δὲ
1141 1213 1350 1268 δευτέραν
1397 1211 1485 1256 υπὸ

89 1274 180 1314 τῶν
209 1271 308 1325 περὶ
346 1271 396 1314 τὸ
433 1270 573 1326 στόμα
613 1276 695 1314 τοῦ
727 1270 909 1314 Πόντου
940 1272 1201 1326 φυλακίδων
1233 1274 1350 1314 νεῶν
1380 1270 1489 1313 ἁλῶ-

91 1341 190 1371 ναι·
229 1325 342 1372 κατὰ
379 1326 426 1371 δὲ
466 1327 547 1384 τὴν
591 1330 743 1384 τρίτην
783 1326 924 1371 αὐτοῦ
965 1329 1359 1397 συνδιαβαίνοντος
1405 1330 1488 1370 τοῦ

91 1383 397 1440 Πλειστάρχου
425 1385 586 1441 χειμών
611 1383 855 1458 ἐπεγενήθη
885 1389 1143 1455 τηλικοῦτος
1171 1384 1276 1436 ω’ςτε
1298 1383 1351 1427 τά
1373 1388 1487 1428 πλεῖ
1519 1389 1573 1428 90

91 1454 172 1485 στα
207 1446 299 1485 τῶν
328 1446 515 1498 σκαφῶν
551 1442 626 1486 καὶ
663 1446 754 1486 τῶν
787 1440 1002 1512 σωμάτων
1039 1444 1356 1513 διαφθαρῆναι.
1413 1440 1490 1485 καὶ

89 1498 173 1555 γὰρ
209 1497 237 1554 ἡ
266 1500 506 1554 κομίζουσα
543 1503 656 1551 ναῦς
694 1498 850 1569 ἑξήρης
885 1498 964 1544 τὸν
993 1498 1239 1555 στρατηγὸν
1276 1496 1488 1542 συνεκλύ-

92 1559 192 1611 σθη,
217 1556 291 1600 καὶ
321 1560 412 1599 τῶν
437 1557 486 1600 ἐν
507 1555 618 1627 αὐτῇ
638 1556 863 1600 πλεόντων
893 1555 986 1600 οὐκ
1007 1556 1252 1600 ἐλαττόνων
1280 1554 1310 1612 ἢ
1338 1571 1490 1598 πεντα-

89 1614 259 1657 κοσίων
297 1618 415 1666 τρεῖς
451 1614 566 1672 πρός
602 1619 695 1666 τοῖς
730 1613 976 1685 τριάκοντα
1014 1613 1156 1667 μόνον
1196 1612 1487 1668 διεσώθησαν.
1520 1617 1575 1660 95

89 1669 138 1713 ἐν
190 1670 238 1714 δὲ
274 1669 452 1722 τούτοις
490 1672 549 1728 ήν
595 1687 668 1715 και
718 1669 742 1714 6
783 1672 1100 1725 Πλείσταρχος,
1150 1671 1370 1726 ναυαγίου
1411 1669 1492 1726 μὲν

90 1726 442 1800 ἐπειλημμένος,
466 1731 526 1780 εἰς
556 1728 600 1772 δὲ
641 1727 721 1784 τὴν
750 1732 835 1785 γῆν
865 1726 1088 1798 ἡμιθανὴς
1124 1725 1489 1799 ἐκβεβρασμένος.

92 1784 226 1835 οὗτος
265 1800 345 1837 μεν
385 1801 470 1828 ουν
504 1784 821 1839 ἀποκομισθεὶς
863 1787 922 1836 εἰς
946 1783 1218 1837 Ηράκλειαν,
1252 1784 1323 1828 καὶ
1365 1799 1495 1837 προς-

91 1841 328 1896 αναλαβων
358 1841 405 1884 ἐκ
434 1846 510 1898 τῆς
541 1841 718 1897 ἀτυχίας
748 1841 796 1887 τὸ
830 1846 964 1911 σῶμα,
985 1841 1096 1896 πρὸς
1125 1842 1203 1885 τὸν
1234 1842 1492 1911 Λυσίμαχον

90 1899 153 1948 εἰς
195 1898 276 1952 τὴν
313 1901 542 1954 χειμασίαν
580 1898 796 1951 ἀνέζευξε,
843 1897 891 1943 τό
941 1903 1093 1942 πλεῖον
1141 1902 1218 1954 τῆς
1260 1897 1491 1953 δυνάμεως
1526 1904 1604 1943 100

87 1952 416 2026 ἀποβεβληκώς

198 2010 275 2055 Ἐν
305 2012 350 2056 δὲ
380 2018 476 2064 ταῖς
507 2012 660 2065 αὐταῖς
682 2011 876 2083 ἡμέραις
905 2029 978 2056 και
1011 2015 1284 2082 Πτολεμαῖος
1314 2010 1337 2055 6
1369 2014 1490 2082 βασι-
1522 2017 1605 2057 113

92 2067 193 2120 λευς
226 2067 461 2123 ἀναζεύξας
501 2069 544 2122 εξ
577 2069 807 2127 Αἰγύπτου
845 2069 952 2125 μετὰ
991 2067 1233 2138 δυνάμεως
1253 2067 1490 2123 ἀξιολόγου

91 2124 169 2176 τὰς
200 2125 279 2180 μὲν
318 2127 367 2170 έν
404 2144 457 2184 τῃ
487 2128 613 2185 κοίλῃ
646 2129 793 2184 Συρία
821 2127 969 2178 πόλεις
1002 2125 1174 2177 ἁπάσας
1207 2124 1492 2181 ὑποχειρίους

92 2182 348 2254 ἐποιήσατο·
380 2187 564 2228 Σιδῶνα
595 2184 642 2229 δὲ
670 2188 1023 2240 πολιορκοῦντος
1054 2184 1194 2227 αὐτοῦ
1220 2200 1335 2235 τινες
1357 2187 1492 2238 παρῆ·
1552 2187 1577 2228 5

95 2251 180 2283 σαν
225 2239 569 2298 ἀπαγγέλλοντες
607 2244 781 2293 ψευδῶς
823 2241 889 2285 ὅτι
933 2240 1217 2295 παρατάξεως
1256 2240 1497 2311 γενομένης

92 2301 186 2348 τοῖς
223 2301 477 2354 βασιλεῦσιν
517 2301 561 2342 οἱ
599 2299 678 2355 μὲν
714 2299 815 2355 περὶ
853 2300 1111 2355 Λυσίμαχον
1157 2298 1229 2342 καὶ
1273 2297 1497 2342 Σέλευκον

284 2386 290 2408 s

92 2432 150 2468 69.
175 2432 355 2478 πολλοὺς]
381 2433 500 2470 πολλα
524 2435 664 2470 Rhodo.
669 2447 802 2470 nannus
941 2435 998 2469 76.
1031 2433 1095 2470 τόν
1128 2446 1197 2469 om.
1224 2433 1257 2466 T
1288 2436 1372 2469 Bas.

141 2481 496 2537 συναποσταλέντες]
531 2479 715 2517 ninom-012¹
703 2494 797 2522 ντες
828 2482 879 2525 F,
907 2493 1024 2517 υποσν
1028 2480 1170 2521 αλέντες
1205 2481 1251 2514 W
1438 2479 1495 2513 78.

94 2522 174 2569 ἐπὶ]
197 2526 281 2567 περὶ
310 2527 352 2559 W
491 2528 548 2563 79.
571 2528 921 2587 προκατεχομένους
946 2529 1044 2571 QTY
1068 2529 1151 2562 Bas.
1144 2552 1165 2568 .,
1193 2527 1323 2561 caetani
1348 2538 1492 2567 προκα-

93 2573 358 2614 τειλημμένοις
495 2575 550 2609 82
578 2589 645 2616 μεν
669 2587 739 2611 om.
766 2577 847 2609 Bm.
997 2575 1077 2608 fibri
1116 2575 1317 2613 Γαλατίας.
1343 2572 1495 2606 correxit

92 2618 289 2652 rannerius
420 2620 477 2655 83.
500 2634 536 2656 τι
561 2633 629 2658 otu.
657 2624 687 2656 F
829 2621 885 2655 8-1.
923 2619 964 2656 δ’
991 2633 1062 2655 om.
1087 2621 1166 2656 Bas.

187 2663 268 2699 488.
317 2663 375 2700 88.
399 2665 484 2710 περὶ
508 2667 550 2702 τό
578 2669 607 2702 F
634 2669 717 2703 Bas.
732 2694 741 2707 .,
774 2668 903 2703 caeteri
926 2668 1009 2711 περὶ
1177 2665 1236 2700 91.
1267 2677 1342 2699 των
1367 2661 1492 2717 σωμά-

93 2723 170 2743 των
193 2710 272 2744 FW
295 2711 398 2754 Bam,
425 2713 554 2747 caeteri
579 2713 761 2760 σωμάτων
945 2714 1001 2748 9).
1024 2711 1160 2769 εξήρης
1183 2712 1249 2747 τὸν
1275 2707 1491 2756 στρατηγὸν]

94 2756 160 2791 τὶν
186 2756 391 2802 στρατηγὸν
414 2757 548 2815 εξήρῃς
571 2761 600 2794 F
786 2760 844 2795 99.
876 2758 970 2804 πρὸς
993 2757 1071 2804 τόν]
1096 2759 1191 2806 πρὸς
1214 2760 1296 2794 Bas.

95 2848 127 2884 5.
155 2846 460 2897 ἀπαγγέλλοντες]
483 2803 762 2897 ἐπαγγέλλοντες
788 2854 816 2887 F
