1820 3249
479 137 596 178 LIB.
627 135 719 176 XV.
779 135 913 176 ΟΑΡ
943 139 1011 178 34.
1041 138 1108 178 35
1401 141 1486 182 979

95 252 297 320 μαχίαν,
315 249 390 294 καὶ
434 246 514 298 τὰς
551 250 661 297 ναῦς
706 246 984 298 διατάξαντες
1022 245 1231 290 ἐπέπλεον
1270 246 1483 321 ἀλλήλοις

96 314 180 364 εἰχε
212 308 258 351 δὲ
294 304 502 374 τριήρεις
527 303 550 347 6
590 303 671 359 μὲν
711 302 874 354 Πόλλις
911 303 1121 374 ἑξήκοντα
1156 304 1232 346 καὶ
1268 305 1417 359 πέντε,
1459 305 1483 350 ὁ

96 366 144 408 δὲ
173 364 373 432 Χαβρίας
405 359 680 428 ὀγδοήκοντα
707 360 782 405 καὶ
799 365 935 413 τρεῖς.
994 360 1293 404 ἐπιπλεουσῶν
1321 362 1367 405 δὲ
1395 366 1485 407 τῶν
1512 369 1566 411 45

95 425 227 466 νεῶν
236 416 464 489 άλλήλαις,
498 417 662 468 Πόλλις
691 417 772 472 μὲν
789 415 1060 487 ἡγούμενος
1058 420 1148 460 τοῦ
1175 419 1320 469 δεξιοῦ
1349 419 1486 474 κέρως

94 480 267 531 πρῶτος
295 475 469 531 ἐνέβαλε
498 479 593 532 ταῖς
625 473 1009 527 άντιτεταγμέναις
1046 472 1268 530 τριήρεσιν
1295 473 1366 517 ε’πὶ
1403 479 1485 520 τοῦ

92 537 223 578 λαιοῦ
250 533 458 588 κέρατος,
492 533 557 575 ὠν
583 528 755 601 ἡγεῖτο
770 530 952 599 Κήδων
956 530 988 574 ὁ
1015 528 1279 599 Ἀθηναῖος·
1313 548 1486 601 αγωνι-

93 588 280 645 σάμενος
319 589 367 633 δὲ
396 592 612 658 λαμπρῶς
647 586 786 631 αὐτόν
824 603 869 630 τε
907 585 986 630 τὸν
1018 585 1221 658 Κήδωνα
1251 586 1485 657 διέφθειρε

92 647 168 692 καὶ
196 646 278 702 τὴν
309 649 423 690 ναῦν
451 644 762 715 κατεβύθισεν·
820 642 985 713 ὁμοίως
1015 646 1062 688 δε
1100 644 1175 688 καὶ
1208 649 1302 695 τοῖς
1339 643 1485 697 ἄλλοις
1513 649 1566 693 50

93 702 334 772 συμβαλων
365 702 440 746 καὶ
479 707 572 753 τοῖς
612 701 816 770 ἐμβόλοις
856 699 1143 771 άναῤῥῄττων
1188 699 1241 753 ὰς
1275 700 1354 755 μὲν
1393 701 1485 746 διέ-

92 765 276 816 φθειρεν
306 758 357 811 ἃς
386 758 434 802 δὲ
463 763 623 815 φυγεῖν
659 756 921 828 ηνάγκασεν.
982 756 1011 800 ὁὶ
1042 757 1100 828 δὴ
1124 758 1317 802 κατιδων
1342 756 1369 803 6
1398 762 1486 802 Xa-

91 818 243 873 βρίας,
272 817 346 860 καὶ
373 815 519 886 μέρος
534 822 624 859 τῶν
650 816 750 870 περὶ
779 813 918 884 a6t9v
945 818 1060 858 νεῶν
1084 814 1327 870 ἐκπέμψας,
1357 814 1484 886 ἐβοή-

89 879 202 930 θησε
229 878 323 924 τοῖς
349 871 618 945 πιεζομένοις
646 873 719 916 καὶ
747 871 826 927 τὴν
851 873 987 927 ἡτταν
1014 875 1103 915 τῶν
1131 873 1256 915 ἰδίων
1283 872 1481 928 διωρθώ·
1513 876 1566 918 55

91 941 225 982 σατο,
254 928 387 980 αὐτὸς
417 928 462 973 6'
501 930 609 986 ἔχων
637 929 687 972 τό
715 928 951 982 κράτιστον
978 933 1060 972 τοῦ
1086 927 1249 973 στόλου
1287 929 1361 973 καὶ
1388 946 1484 985 γεν-

89 989 228 1038 ναίως
271 984 601 1058 ἀγωνισάμενος
646 986 809 1036 πολλὰς
850 986 931 1040 μὲν
978 983 1170 1055 τριήρεις
1216 985 1483 1058 διέφθειρεν,

93 1060 178 1087 ουκ
220 1043 393 1114 ὀλίγας
413 1042 460 1090 δ’
501 1042 801 1114 αἰχμαλώτους
847 1043 990 1097 ἔλαβε
1055 1041 1289 1098 γενόμενος
1329 1041 1374 1087 δ’
1414 1044 1483 1088 ἐπὶ
1509 1048 1566 1088 35

89 1104 173 1148 τοῦ
202 1116 554 1170 προτερηματος,
594 1100 670 1145 καὶ
697 1098 840 1150 πάσας
878 1098 955 1150 τὰς
991 1103 1080 1142 τῶν
1117 1102 1339 1156 πολεμίων
1372 1105 1483 1153 ναῦς
1512 1106 1566 1147 60

90 1162 251 1228 φυγεῖν
298 1154 572 1229 ἀναγκάσας,
621 1155 824 1224 ἀπέσχετο
873 1159 1096 1208 παντελῶς
1141 1161 1221 1201 τοῦ
1243 1159 1481 1229 διωγμοῦ.

89 1212 386 1283 ἀναμνησθεὶς
413 1218 490 1270 τῆς
521 1230 568 1257 εν
601 1211 905 1284 Ἀργινούσαις
933 1214 1198 1284 ναυμαχίας,
1238 1213 1286 1258 ἐν
1320 1232 1362 1285 η
1378 1232 1484 1267 τους

88 1270 351 1340 νικήσαντας
391 1270 682 1326 στρατηγους
705 1270 729 1315 6
775 1272 914 1339 δῆμος
954 1268 1051 1314 ἀντὶ
1072 1271 1276 1341 μεγάλης
1314 1270 1483 1328 εὐεργε-

90 1330 187 1378 σίας
216 1327 396 1385 θανάτῳ
418 1329 696 1398 περιέβαλεν,
733 1325 1039 1397 αἰτιασάμενος
1067 1326 1135 1371 ὅτι
1163 1345 1285 1380 τους
1298 1334 1483 1373 τετελευ-

89 1382 273 1439 τηκότας
318 1401 430 1428 κατα
471 1401 554 1440 τήν
577 1386 849 1457 ναυμαχίαν
888 1400 972 1428 ουκ
1017 1384 1217 1455 ἔθαψαν,
1259 1384 1481 1458 εὐλαβήθη
1511 1390 1565 1433 65

90 1441 255 1496 μήποτε
293 1445 371 1497 τῆς
410 1439 706 1510 περιστάσεως
744 1441 900 1511 ὁμοίας
938 1440 1174 1510 γενομένης
1214 1444 1480 1514 κινδυνεύσῃ

88 1502 250 1540 παθεῖν
279 1498 576 1554 παραπλήσια.
637 1495 787 1553 διόπερ
824 1496 1016 1548 ἀποστὰς
1051 1502 1132 1542 τοῦ
1170 1498 1346 1543 διώκειν
1384 1498 1481 1545 άνε-

88 1554 236 1608 λέγετο
266 1557 355 1597 τῶν
382 1559 578 1598 πολιτῶν
606 1554 710 1605 τούς
747 1554 1115 1624 διανηχομένους,
1156 1557 1233 1599 καὶ
1266 1571 1374 1608 τους
1400 1558 1482 1613 μὲν

89 1610 153 1654 ε’τι
184 1614 346 1664 ζωντας
376 1611 577 1664 διέσωσε,
615 1611 721 1662 τοὺς
757 1609 803 1655 δε
832 1611 1188 1681 τετελευτηκότας
1217 1613 1395 1664 ε’θαψεν.
1446 1613 1483 1658 εἰ
1510 1619 1566 1658 70

90 1667 136 1710 δὲ
172 1684 231 1722 μη
269 1667 382 1735 περὶ
399 1666 563 1724 ταύτην
600 1667 773 1725 ἐγένετο
805 1666 888 1722 τήν
924 1668 1195 1723 ἐπιμέλειαν,
1237 1670 1398 1740 ῥᾳδίως
1428 1670 1484 1715 (iv

89 1722 263 1768 ἅπαντα
291 1725 370 1768 τόν
397 1741 487 1768 των
529 1726 751 1778 πολεμίων
790 1723 949 1768 στόλον
991 1725 1229 1781 διέφθειρε.
1287 1727 1399 1771 κατὰ
1436 1729 1484 1772 δὲ

88 1779 167 1850 τὴν
195 1782 444 1836 ναυμαχίαν
469 1785 560 1824 τῶν
589 1781 668 1836 μὲν
694 1780 937 1837 Ἀθηναίων
961 1782 1271 1851 διεφθάρησαν
1292 1782 1485 1840 τριήρεις

89 1835 405 1889 ὀκτωκαίδεκα,
445 1854 536 1881 των
574 1837 622 1882 δὲ
655 1839 1018 1909 Λακεδαιμονίων
1049 1837 1377 1912 διεφθάρησαν
1401 1842 1481 1912 μὲν

89 1895 229 1937 εἴκοσι
277 1895 352 1938 καὶ
398 1894 618 1958 τέτταρες,
666 1893 910 1950 αὔτανδροι
953 1894 998 1938 δ’
1044 1894 1304 1965 ἐλήφθησαν
1351 1896 1477 1942 ὀκτώ.
1507 1899 1563 1942 75

89 1952 287 2005 Χαβρίας
313 1950 394 2006 μὲν
424 1968 508 1995 ουν
537 1951 728 2021 ἐπιφανῆ
747 1952 996 2021 ναυμαχίαν
1017 1953 1199 2022 νικήσας
1222 1953 1481 2000 κατέπλευσε

87 2008 194 2080 μετὰ
229 2012 406 2052 πολλων
441 2007 659 2078 λαφύρων
704 2010 766 2060 εἰς
805 2008 884 2052 τὸν
913 2009 1145 2063 Πειραιέα,
1181 2008 1255 2054 καὶ
1293 2011 1482 2081 μεγάλης

86 2062 310 2121 ἀποδοχῆς
338 2065 457 2134 ε’τυχε
485 2065 607 2120 παρὰ
635 2071 726 2116 τοῖς
755 2068 964 2117 πολίταις.
1021 2082 1125 2120 μετα
1164 2083 1254 2136 γαρ
1286 2067 1365 2112 τόν
1394 2072 1479 2113 Πε-

85 2121 443 2177 λοποννησιακὸν
471 2122 665 2179 πόλεμον
701 2121 926 2194 Ἀθηναῖοι
954 2121 1118 2179 ταύτην
1157 2123 1337 2194 πρώτην
1373 2142 1479 2170 ναν·

87 2180 248 2235 μαχίαν
275 2178 506 2236 ἐνίκησαν·
565 2181 648 2236 τήν
681 2179 767 2236 γὰρ
807 2179 906 2234 περὶ
935 2181 1106 2223 Κνίδον
1145 2180 1229 2225 οὐκ
1266 2183 1356 2239 ἰδία
1385 2185 1478 2238 διη-
1505 2178 1560 2220 80

86 2238 355 2291 γωνίσαντο,
392 2240 455 2295 τῷ
491 2235 538 2281 δε
573 2240 786 2307 βασιλικῷ
823 2236 965 2307 στόλῳ
1003 2235 1268 2307 χρησάμενοι
1294 2238 1480 2309 ἐπροτέ-

88 2304 242 2350 ρησαν.
301 2292 392 2350 ἅμα
420 2282 468 2339 δὲ
502 2293 679 2347 τούτοις
705 2292 1023 2351 πραττομένοις
1047 2310 1159 2339 κατα
1186 2311 1269 2353 την
1294 2293 1478 2379 Ιταλίαν

89 2496 146 2532 43.
170 2492 252 2544 εἶχε]
267 2483 376 2552 εἶχον
400 2496 460 2535 L.
614 2494 673 2534 46.
698 2493 1032 2543 ἅντιτεταγμέναις]
1055 2491 1321 2554 ἄντιταγμὲνας
1347 2497 1382 2534 Κ

89 2543 150 2577 49.
171 2556 210 2580 τε
236 2558 298 2581 τεν
325 2544 505 2590 Κήδωνα]
528 2540 596 2581 τόν
622 2547 679 2590 Κη
673 2541 786 2580 διονα
806 2545 836 2578 A
1046 2544 1102 2579 50.
1127 2544 1372 2602 κατεβῠθισεν
1396 2546 1471 2586 PK,

90 2595 166 2623 cae
156 2589 221 2634 ιιι-ἶ
260 2591 483 2634 κατεβϋθισε
728 2595 806 2632 τοῖς
845 2587 994 2636 άλλοις]
1035 2594 1118 2631 ταῖς
1150 2589 1279 2632 άλλαις
1309 2593 1393 2626 Rei
1389 2593 1474 2626 kius

225 2634 283 2672 60.
303 2636 369 2678 τας
390 2650 466 2673 των
488 2640 570 2674 πολ.
581 2636 592 2681 ]
618 2633 683 2679 τοὶς
706 2648 775 2671 οιιι.
799 2637 830 2671 A
1021 2637 1078 2672 61.
1109 2634 1377 2684 α’ναμνησθεις]
1402 2651 1471 2696 >feo

88 2680 186 2716 addit
207 2681 373 2717 Reiskius
572 2683 629 2719 73.
659 2696 735 2721 των
763 2682 803 2719 δε
826 2687 918 2719 Λακ.
929 2683 945 2728 ]
972 2684 1048 2718 τοῖν
1080 2685 1169 2719 Λακ.
1199 2685 1232 2718 Κ
1414 2683 1472 2717 79.

87 2726 228 2772 ταύτην
251 2728 426 2774 πρώτην]
449 2727 598 2774 πρώτην
625 2728 766 2774 ταύτην
791 2731 806 2764 1
997 2729 1054 2763 80
1081 2730 1182 2780 ἰδία]
1210 2730 1311 2767 ἰδίαν
1335 2731 1351 2767 1

88 2773 147 2809 82.
172 2773 423 2824 ἐπροτέρησαν
441 2776 716 2823 wesselingius.
741 2775 823 2812 libri
846 2774 1096 2824 προετέρησαν

1096 2834 1193 2876 623*
