1820 3249
491 143 604 184 Lm.
637 139 783 182 xvlu.
844 137 975 182 cAP.
1005 139 1073 182 ‘2¹16-
1103 140 1170 182 57.
1399 141 1508 184 1311

135 269 221 319 μον
251 253 298 298 δε
328 254 504 322 δίδομεν.
528 251 788 308 Ἀθηναίοις,
820 250 967 308 ἐπειδὴ
996 251 1071 294 καὶ
1105 252 1320 300 Φίλιππος
1351 250 1510 295 ἔδωκεν
1539 260 1595 302 65

133 329 158 354 ο
188 309 344 366 πατήρ.
380 309 670 379 ποιησασθαι
707 311 753 352 δὲ
791 309 933 364 δογμα
968 309 1133 360 πάντας
1168 309 1275 358 τοὺς
1297 307 1510 376 Έλληνας

132 367 299 423 μηδένα
331 383 436 423 μητε
465 365 716 419 στρατεύειν
744 365 847 421 μήτε
875 365 1081 418 πράττειν
1109 363 1346 408 υπεναντία
1379 364 1507 420 ἡμῖν·

134 426 171 467 εἰ
201 425 247 467 δὲ
274 425 348 480 μή,
379 424 558 480 φεύγειν
588 422 726 466 αὐτόν
753 423 825 466 καὶ
855 422 1011 493 γενεάν
1039 423 1113 466 καὶ
1136 426 1223 464 τῶν
1246 421 1387 465 ὄντων
1418 422 1509 465 στέ-

135 487 323 533 ρεσθαι
354 481 698 535 προςτετάχαμεν
729 479 774 522 δὲ
805 480 877 522 καὶ
906 479 1006 532 περὶ
1035 479 1203 522 τούτων
1224 480 1297 521 καὶ
1319 483 1406 520 τῶν
1425 484 1510 522 λοι-

56 546 123 578 300
135 541 233 580 πῶν
258 537 620 607 Πολυσπέρχοντι
647 534 1036 605 πραγματεύεσθαι.
1095 534 1219 591 υμεῖς
1248 537 1341 586 οὐν,
1372 535 1509 578 καθά-
1538 546 1593 585 70

130 610 212 647 περ
241 592 348 649 υμῖν
373 595 443 638 καὶ
474 593 690 647 πρότερον
711 593 928 649 ἐγράψεαμ
931 609 970 643 ν,
1002 591 1179 636 άκούετε
1201 592 1387 634 τούτου·
1417 598 1509 644 τοῖς

130 651 213 719 γὰρ
243 650 301 706 μή
330 653 512 695 ποιοῦσί
546 667 588 693 τι
616 654 706 693 τῶν
735 649 1043 719 γεγραμμένων
1084 647 1167 693 οὐκ
1196 648 1500 720 ἐπιτρέψομεν.

128 705 291 750 τούτου
321 707 367 751 δε
395 711 476 751 τοῦ
505 707 829 778 διαγράμματος
858 707 1130 758 ἐκδοθέντος,
1160 706 1233 748 καὶ
1263 705 1371 759 πρὸς
1399 705 1506 748 άπά

130 776 210 814 σας
246 780 324 814 τας
359 764 504 814 πόλεις
532 763 875 814 ἀποσταλέντος,
909 763 1096 817 εγραψεν
1127 760 1151 805 ό
1183 762 1507 816 Πολυσπέρχων

127 818 238 872 πρός
267 836 312 863 τε
340 821 420 878 τήν
445 819 651 876 Ἀργείων
680 820 809 863 πόλιν
837 821 911 864 καὶ
935 838 1012 870 τας
1033 817 1200 870 λοιπάς,
1230 819 1508 871 προςτάττων

128 876 233 926 τούς
262 875 628 934 ἀφηγησαμένους
657 876 724 920 ἐπ’
751 875 1034 931 Ἀντιπάτρου
1062 880 1151 918 τῶν
1179 873 1508 929 πολιτευμάτων

130 935 420 987 φυγαδεῦσαι,
450 938 586 977 τινῶν
616 934 662 977 δὲ
692 934 764 977 καὶ
796 934 995 976 θάνατον
1025 937 1301 987 καταγνῶναι
1330 933 1404 975 καὶ
1434 934 1507 987 δη-

129 994 302 1044 μεῦσαι
313 991 390 1042 τοὶς
419 989 587 1041 οὐσίας,
625 990 744 1041 ὅπως
773 991 1110 1040 ταπεινωθέντες
1140 991 1198 1040 εἰς
1227 989 1346 1039 τέλος
1373 989 1507 1044 μηδὲν

129 1045 337 1100 ἰσχύσωσι
379 1053 606 1118 συνεργεῖν
646 1046 933 1114 Κασσάνδρῳ.
1002 1047 1164 1101 ε’γραψε
1201 1046 1248 1089 δὲ
1284 1047 1357 1089 καὶ
1395 1046 1506 1101 πρός
1535 1060 1589 1100 80

121 1101 397 1157 Ὀλυμπιάδα
447 1103 528 1171 την
566 1102 854 1156 Ἀλεξάνδρου
904 1103 1066 1158 μητέρα
1104 1105 1417 1156 διατρίβουσαν
1457 1119 1505 1146 εν

125 1141 310 1216 Ἠπείρῳ
339 1158 414 1204 δια
444 1160 525 1216 τήν
551 1159 663 1214 πρὸς
683 1159 983 1227 Κάσσανδρον
1011 1159 1187 1215 ε’χθραν,
1226 1160 1297 1201 ι’να
1327 1159 1407 1215 τὴν
1434 1175 1505 1203 τα-

123 1217 273 1286 γίστην
302 1218 362 1268 εἰς
389 1219 674 1261 Μακεδονίαν
703 1217 975 1287 καταντὴση,
1004 1217 1078 1259 καὶ
1106 1219 1424 1271 παραλαβοῦσα
1453 1216 1502 1261 τὸ

132 1272 408 1327 Αλεξάνδρου
450 1276 629 1317 παιδίον
663 1272 906 1329 ἐπιμέλειαν
946 1271 1084 1316 αὐτοῦ
1120 1277 1320 1328 ποιῆται,
1378 1275 1502 1329 μέχρι
1532 1285 1587 1328 85

127 1329 185 1371 ἂν
223 1331 284 1381 εἰς
309 1330 485 1385 ἡλικίαν
515 1331 621 1399 ἔλθῃ
653 1331 726 1374 καὶ
748 1331 834 1399 τὴν
871 1329 1081 1400 πατρῴαν
1110 1332 1336 1384 βασιλείαν
1364 1347 1502 1384 παρα-

125 1384 253 1455 λα’βη
313 1387 469 1442 έπεμψε
500 1387 546 1430 δὲ
575 1388 649 1430 καὶ
677 1386 786 1441 πρὸς
814 1385 1018 1457 Εὐμένη,
1062 1386 1236 1442 γράψας
1273 1387 1505 1458 ἐπιστολὴν

124 1458 172 1485 εκ
200 1446 280 1489 τοῦ
307 1447 396 1486 τῶν
425 1444 638 1498 βασιλέων
666 1443 900 1498 ὀνόματος,
933 1443 1047 1494 ὅπως
1076 1443 1186 1496 πρὸς
1215 1460 1292 1498 μεν
1320 1443 1504 1499 Ἀντίγο-

125 1515 207 1541 νον
233 1498 290 1555 μὴ
320 1501 573 1555 διαλύσηται
584 1500 682 1572 „miv
712 1499 1042 1556 ἀλλοτριότητα,
1075 1499 1186 1553 πρὸς
1216 1500 1262 1542 δὲ
1293 1517 1398 1552 τους
1428 1506 1504 1557 βα-

125 1560 260 1606 σιλεῖς
286 1555 468 1600 άποκλίν
472 1575 532 1608 ας,
563 1559 644 1600 εἴτε
663 1557 867 1613 βούλεται
887 1559 1104 1601 καταντᾶν
1129 1558 1189 1606 εἰς
1212 1560 1503 1601 Μακεδονίαν
1532 1571 1587 1611 90

98 1613 199 1659 ,καὶ
226 1611 321 1666 μετ’
353 1614 493 1657 αὐτοῦ
532 1618 840 1669 κοινοπραγῶν
869 1612 1120 1670 επιμελητης
1158 1618 1271 1656 ειναι
1300 1618 1389 1657 των
1419 1617 1504 1670 βα-

97 1669 301 1719 ·σιλέων,
352 1672 433 1713 είτε
470 1673 636 1725 μᾶλλον
665 1676 941 1726 προαιρεῖται
970 1671 1114 1726 με’νειν
1144 1670 1211 1712 ἐπὶ
1241 1674 1318 1724 τῆς
1343 1670 1499 1724 Ἀσίας,

123 1727 197 1769 καὶ
224 1726 372 1783 λαβὼν
401 1725 589 1797 δύναμιν
617 1744 692 1771 και
720 1727 913 1784 χρήματα
936 1730 1212 1782 διαπολεμεῖν
1230 1727 1342 1781 πρός
1367 1726 1503 1771 Ἀντί-

123 1797 283 1852 γονον,
322 1788 531 1854 φανερῶς
561 1784 643 1854 η’δη
671 1785 961 1856 γεγενημένον
989 1783 1235 1839 άποστατην
1264 1788 1354 1827 τῶν
1382 1788 1501 1839 βασι·
1528 1794 1585 1837 95

122 1838 247 1882 λέων.
305 1838 681 1885 ἀποκαθιστάνειν
709 1841 765 1885 δ’
807 1841 925 1911 αὐτῷ
964 1841 1067 1892 τούς
1109 1844 1299 1897 βασιλεῖς
1336 1842 1415 1898 τήν
1455 1858 1500 1886 τε

122 1899 412 1964 σατραπείαν,
434 1896 498 1953 ἣν
526 1898 548 1967 6
575 1897 820 1959 Ἀντίγονος
853 1898 1098 1969 άφήρηται.
1129 1914 1203 1940 και
1230 1899 1305 1947 τὰς
1335 1900 1503 1969 δωρεὰς

122 1949 296 2024 ἁπάσας
325 1952 432 2005 ὅσας
461 1954 680 2023 πρότερον
705 1961 787 2010 εἰχε
817 1956 927 1998 κατὰ
956 1957 1035 2011 τήν
1063 1954 1217 1997 Ἀσίαν.
1258 1954 1308 1998 τὸ
1327 1954 1373 1999 δ’
1395 1956 1502 1999 ὅκον

121 2007 388 2065 ἀπεφαίνετο
416 2010 603 2066 μάλιστα
631 2012 809 2055 πάντων
837 2011 1017 2065 πρέπειν
1045 2010 1221 2067 Εὐμένη
1239 2015 1315 2067 τῆς
1339 2015 1502 2067 βασιλι-

121 2070 202 2138 πῆς
231 2068 372 2118 οἰκίας
400 2067 612 2122 κήδεσθαι
639 2071 714 2113 καὶ
749 2071 1008 2124 φροντίζειν,
1038 2068 1377 2113 ἀκολουθοῦντα
1404 2076 1497 2121 τοῖς
1528 2080 1609 2120 100

121 2121 202 2166 ’ὑπ’
224 2122 363 2168 αὐτοῦ
378 2126 964 2194 πεπολιτευμένοιςπρόςτην
976 2125 1214 2196 βασιλικὴν
1228 2127 1385 2170 οἰκίαν.
1418 2126 1496 2170 ἐαν

123 2178 170 2221 δὲ
199 2183 395 2234 μείζονος
434 2180 661 2236 δυνάμεως
688 2184 968 2238 προςδὲηται,
1008 2185 1082 2227 καὶ
1113 2182 1244 2233 αὐτὸς
1273 2185 1378 2239 μετά
1407 2201 1496 2226 των

122 2238 334 2289 βασιλέων
363 2237 609 2292 ἀναζεύξειν
640 2240 685 2283 ἐκ
715 2242 998 2291 Μακεδονίας
1026 2256 1131 2295 μετα
1160 2239 1300 2295 πάσης
1322 2245 1397 2296 τῆς
1420 2244 1496 2296 βα·

124 2295 287 2360 σιλικῆς
306 2295 542 2365 δυνάμεως.
588 2301 726 2341 ταῦτα
753 2314 833 2353 μεν
863 2302 945 2342 οὑν
973 2296 1169 2354 ἐπράχθη
1197 2296 1305 2341 κατά
1334 2301 1495 2342 τοῦτον
1525 2304 1551 2347 5

119 2346 199 2391 τὸν
226 2348 440 2396 ἐνιαυτόν.

1538 779 1561 816 Κὶ
1537 720 1564 760 <51

1568 775 1592 816 01
1567 721 1594 759 αἱ

120 2526 179 2563 65.
226 2526 374 2576 δόγμα]
401 2528 565 2578 δόγματα
587 2535 671 2572 Bas.
852 2536 910 2571 67.
957 2532 1182 2584 ὑπεναντία]
1218 2505 1442 2574 ΰπεναντίδκν
1467 2539 1497 2573 F

210 2598 291 2632 300.
337 2600 394 2635 76.
441 2599 774 2648 ἀφηγησαμένους]
817 2602 1084 2650 οἶφησαμένους
1107 2607 1138 2640 Y
1161 2606 1243 2640 Bas.
1438 2607 1495 2643 81.

121 2645 288 2690 ποιῆται]
313 2647 465 2702 ποιῆσαι
488 2650 568 2682 Bas.
752 2651 810 2686 85.
857 2653 964 2696 μέχρι
992 2655 1087 2696 131„OE
1113 2654 1242 2687 caeteri
1264 2652 1387 2697 μέχρις

211 2691 269 2727 96.
316 2689 336 2727 ὁ
360 2691 579 2739 Ἀντίγονος]
602 2693 803 2742 Ἀντιγονος
823 2698 853 2731 F
879 2700 962 2732 Bas.
1148 2700 1204 2734 98.
1250 2699 1400 2736 πάντων
1423 2710 1494 2732 ⁰1¹¹·

118 2736 191 2820 {gv
215 2795 285 2821 om
309 2785 341 2820 B
342 2741 452 2821 ειει100
496 2743 840 2789 πεπολιτευμένοις]
876 2744 1172 2791 πολιτευομένοις
1203 2746 1269 2791 QX
1459 2745 1494 2783 2.
