1820 3249
333 127 447 168 1418
752 126 865 167 LIB.
892 125 1000 167 XIX.
1058 125 1190 168 cAP.
1218 130 1285 171 77.

331 252 487 288 τιωτας
513 235 670 290 πεζούς
709 253 787 291 μεν
826 239 1055 293 διςχιλίους
1088 240 1361 290 διακοσίους,
1401 240 1542 289 ἱππεῖς
1571 238 1618 281 δὲ
1645 256 1703 294 χι-

331 296 455 345 λίους
490 294 783 348 τριακοσίους.
841 294 1134 349 μετεπέμψατο
1174 297 1219 339 δὲ
1249 298 1320 340 καὶ
1358 296 1435 346 τοὶς
1475 295 1517 347 ἐξ
1544 293 1779 349 2152195013379

223 352 303 391 100
332 354 465 402 ναῦς,
506 350 579 393 καὶ
621 351 804 405 τειχίσας
841 351 920 394 τὸν
957 352 1186 407 Σαλγανέα
1228 352 1472 408 συνήγαγεν
1510 352 1706 395 ἐνταῦθα

331 411 478 450 πᾶσαν
505 423 586 461 την
615 406 821 461 δύναμιν·
853 407 997 464 ἤλπιζε
1027 409 1110 477 γαρ
1131 410 1454 461 προςδὲξασθαι
1469 407 1574 458 τούς
1594 412 1707 452 Χαλ

327 466 484 514 κιδεῖς,
524 464 645 517 οἵπερ
692 463 822 533 μόνοι
858 470 947 507 τῶν
986 463 1198 520 Εὐβοέων
1235 465 1322 509 ὑπὸ
1363 471 1451 509 τῶν
1487 467 1706 519 πολεμίων

327 519 644 591 ἐφρουροῦντο
688 518 711 562 ὁ
742 520 787 564 δὲ
818 520 1107 575 Κάσσανδρος
1137 521 1336 576 ἀγωνιῶν
1364 522 1473 574 ὑπὲρ
1496 525 1572 577 τῆς
1595 506 1705 564 Xan.-

327 578 450 626 κίδος
478 576 559 632 τὴν
585 575 741 632 Ὠρεοῦ
769 580 1028 631 πολιορκίαν
1058 578 1227 630 ἔλυσεν
1268 581 1326 629 εἰς
1358 580 1402 622 δὲ
1438 595 1518 634 την
1549 580 1707 620 Χαλκί-

275 635 386 682 5δα
415 638 635 687 παρῆλθε,
669 633 742 676 καὶ
770 633 846 684 τοὶς
877 634 1082 687 δυνάμεις
1112 635 1408 689 μετεπέμπετο.
1464 635 1709 689 Ἀντίγονος

330 691 377 732 δὲ
407 690 654 757 πυθόμενος
684 691 781 744 περὶ
810 690 890 744 τὴν
921 689 1120 746 Εὔβοιαν
1150 690 1399 744 ἐφεδρεύειν
1431 690 1631 762 ἀλλήλοις
1653 708 1706 732 τα

329 743 617 799 στρατόπεδα,
660 746 958 801 μετεπέμψατο
1003 747 1081 789 τὸν
1118 747 1295 802 Μήδιον
1336 750 1393 798 εἰς
1439 765 1521 817 την
1560 747 1707 789 Ἀσίαν

328 803 433 857 μετα
463 807 542 845 τοῦ
572 803 753 845 στόλου·
795 802 930 854 εὐθὺς
959 803 1005 845 δὲ
1034 803 1107 845 καὶ
1136 806 1211 854 τὰς
1238 803 1442 858 δυνάμεις
1473 802 1707 871 ἆναλαβων

328 863 521 914 προῆγεν
549 858 619 914 ἐφ’
647 859 963 913 Ἑλληςπόντου
991 859 1100 902 κατὰ
1127 860 1267 916 τάχος,
1297 859 1357 910 ὠς
1387 858 1707 927 διαβησόμενος

251 922 304 961 10
334 918 394 965 εἰς
418 917 717 985 Μακεδονίαν,
749 915 866 967 ὅπως
895 915 924 972 ἢ
953 917 1161 971 μένοντος
1184 917 1477 970 Κασσάνδρου
1507 917 1604 970 περὶ
1627 916 1708 971 τήν

331 972 533 1027 Εὔβοιαν
562 970 694 1022 αὐτός
724 973 884 1027 ε’ρημον
914 973 1137 1029 καταλάβῃ
1168 976 1453 1017 Μακεδονίαν
1481 978 1571 1016 τῶν
1600 973 1710 1028 ἄμυ-

330 1029 534 1081 νομένων
570 1028 599 1084 ἢ
617 1033 691 1097 τῆ
719 1032 914 1086 βασιλεία
952 1033 1134 1084 βοηθῶν
1170 1029 1369 1086 ἀποβάλῃ
1400 1047 1453 1073 τα
1492 1029 1601 1073 κατὰ
1629 1029 1708 1084 τὴν

248 1089 300 1131 15
326 1084 509 1128 Ἑλλάδα
537 1084 779 1140 πράγματα.
839 1086 863 1130 ὁ
896 1086 942 1129 δὲ
975 1086 1261 1140 Κάσσανδρος
1292 1085 1483 1130 συνιδων
1511 1086 1591 1140 τήν
1622 1087 1708 1128 ἐπί-

328 1159 456 1188 νοιαν
480 1141 630 1192 αὐτοῦ,
660 1144 955 1211 Πλείσταρχον
984 1143 1062 1196 μὲν
1092 1143 1299 1187 απέλιπεν
1329 1143 1397 1187 ἐπὶ
1426 1147 1501 1197 τῆς
1528 1144 1574 1186 ἐν
1595 1147 1705 1185 Χαλ-

328 1201 418 1242 κίδι
450 1202 671 1253 φρουρᾶς·
712 1197 842 1250 αὐτὸς
873 1201 918 1242 δὲ
949 1216 1052 1254 μετα
1065 1200 1222 1266 πάσης
1250 1204 1326 1256 τῆς
1356 1201 1578 1255 δυνάμεως
1600 1216 1705 1242 ανα-

331 1255 480 1307 ζεύξας
504 1254 709 1307 Ὠρωπον
739 1272 815 1310 μεν
843 1272 952 1298 κατα
991 1255 1149 1308 κράτος
1178 1255 1283 1305 εἷλε,
1320 1258 1540 1324 Θηβαίους
1571 1255 1613 1297 δ’
1646 1257 1706 1305 εἰς

329 1328 408 1368 την
439 1310 577 1354 αὐτοῦ
607 1314 866 1381 συμμαχίαν
901 1312 1152 1381 κατέστησε·
1186 1313 1298 1366 πρός
1340 1315 1385 1356 δὲ
1414 1312 1516 1362 τοὺς
1547 1310 1708 1362 α’λλους

244 1371 300 1410 20
330 1368 555 1419 Βοιωτούς
593 1367 754 1423 ἀνοχάς
793 1368 1107 1423 ποιησαμενος,
1147 1371 1219 1412 καὶ
1249 1369 1498 1413 καταλιπων
1535 1368 1601 1411 ἐπὶ
1631 1373 1707 1424 τῆς

325 1423 529 1474 Ἑλλαδος
568 1425 811 1480 στρατηγόν
851 1424 1135 1481 Εὐπόλεμον,
1179 1426 1374 1482 απῆλθεν
1415 1428 1473 1476 εἰς
1506 1428 1706 1469 Μακεδο-

327 1484 450 1531 νίαν,
485 1480 686 1536 αγωνιιὸν
715 1481 813 1535 περὶ
841 1487 919 1537 τῆς
948 1487 1036 1525 τῶν
1065 1485 1284 1538 πολεμίων
1314 1483 1565 1537 διαβάσεως.
1603 1480 1625 1525 ὁ
1657 1479 1702 1525 δ’

323 1536 568 1592 Ἀντίγονος
605 1537 750 1607 ἐπειδὴ
791 1540 1056 1607 κατήντησεν
1086 1541 1144 1589 εἷς
1173 1539 1251 1595 τὴν
1285 1542 1590 1592 Προποντίδα,
1622 1541 1707 1581 διε-

327 1593 624 1650 πρεσβεύσατο
655 1594 765 1649 πρὸς
792 1612 899 1646 τους
930 1599 1219 1649 Βυζαντίους,
1251 1595 1384 1648 αξιῶν
1415 1595 1602 1652 μετέχειν
1631 1599 1706 1650 τῆς

245 1656 300 1698 25
332 1653 585 1706 συμμαχίας.
651 1651 1019 1707 παραγενομένων
1068 1653 1113 1696 δὲ
1160 1670 1232 1696 και
1280 1670 1398 1706 παρα
1447 1652 1705 1722 Λυσιμάχου

327 1711 615 1778 πρεσβευτῶν,
640 1709 714 1752 καὶ
742 1708 1120 1763 παρακαλούντων
1149 1710 1283 1764 μηδεν
1311 1714 1454 1752 ποιεῖν
1483 1709 1586 1763 μήτε
1604 1706 1701 1752 κατ’

331 1764 469 1807 αὐτοῦ
499 1764 602 1820 μήτε
631 1765 742 1808 κατὰ
772 1765 1081 1838 Κασσανδρου,
1107 1772 1196 1817 τοῖς
1224 1783 1302 1821 μεν
1325 1767 1582 1819 Βυζαντίοις
1613 1765 1703 1808 ε’δο-

330 1824 372 1874 ξε
402 1821 545 1876 μένειν
576 1820 648 1877 ἐφ’
676 1822 857 1894 ἡσυχίας
894 1823 967 1866 καὶ
1006 1829 1155 1892 τηρεῖν
1184 1823 1262 1879 τὴν
1291 1822 1400 1875 πρὸς
1429 1821 1704 1891 αμφοτέρονς

331 1878 505 1933 εἰρήνην
544 1878 633 1933 ἅμα
666 1879 741 1922 καὶ
770 1880 933 1934 φιλίαν.
993 1877 1017 1922 ὁ
1058 1878 1102 1923 δ’
1135 1853 1382 1934 Ἀντίγονος
1419 1878 1705 1934 δυςχρηστού-

250 1939 304 1978 30
333 1952 462 1990 μενος
492 1935 560 1977 επὶ
588 1936 772 1986 τούτοις,
792 1935 895 2004 ἅμα
911 1936 957 1979 δε
986 1937 1058 1980 καὶ
1086 1953 1160 1991 της
1188 1940 1440 2005 χειμερινῆς
1459 1935 1574 1989 ω’ρας
1605 1947 1705 1988 συγ-

331 1991 580 2046 κλειούσης,
610 1993 786 2036 διέδωκε
817 1991 922 2043 τούς
952 1994 1216 2049 στρατιώτας
1245 2010 1354 2037 κατα
1383 1991 1510 2037 πόλιν
1538 1994 1597 2043 εἰς
1624 1993 1704 2047 τήν

331 2049 569 2105 χειμασίαν.

332 2207 390 2241 97.
415 2206 610 2251 διςχιλίους
640 2206 874 2250 διακοσίους]
909 2206 1103 2250 διςχιλίους
1133 2207 1368 2248 τριακοσίους
1398 2207 1492 2246 FW,
1517 2219 1705 2244 πεντακις-

333 2255 471 2297 χιλίους
493 2255 587 2295 Bas„
615 2259 648 2287 et
671 2265 733 2296 pro
757 2253 906 2297 χιλίους]
939 2253 988 2296 φ’,
1018 2259 1055 2287 nt
1078 2255 1126 2287 ait
1150 2254 1413 2296 wesselinghu,
1437 2253 1526 2285 alius
1549 2258 1586 2285 ut
1611 2253 1704 2285 vide—

334 2306 391 2333 tur
407 2299 488 2333 libri
508 2300 694 2342 scripturas
705 2299 845 2333 editioni
863 2300 958 2339 Bas„
974 2312 1062 2342 quae
1083 2310 1241 2334 neutram
1258 2311 1378 2333 carum
1396 2301 1513 2341 refert,
1533 2300 1703 2333 tribuens:

334 2346 548 2386 διακοσίους
569 2345 730 2379 asterisco
753 2345 886 2379 notavit
908 2345 1101 2389 Stephanus

426 2392 505 2427 379.
552 2392 608 2425 98.
630 2389 759 2435 Ὠρεοῦ
768 2395 783 2433 ]
803 2389 918 2434 ’Ὠρου
944 2392 1046 2429 Bam,
1068 2391 1197 2434 Ὠρεοῦ
1222 2390 1308 2435 (sic)
1332 2391 1378 2425 W
1523 2390 1579 2424 99.
1606 2392 1703 2424 Σαλ-

333 2436 448 2481 γανέα
512 2438 729 2479 Palmerius,
785 2436 950 2480 σαλμόαν
1009 2439 1059 2479 Ε,
1111 2437 1308 2481 Σαλμονέα
1365 2437 1420 2480 Q,
1485 2437 1703 2480 Σαλμονεαν

334 2484 466 2528 TVW,
511 2483 638 2517 caeteri
687 2484 858 2540 Σαγονέα
1095 2484 1175 2518 100.
1215 2481 1282 2523 τήν
1318 2495 1387 2517 om.
1420 2483 1502 2518 Bas.

471 2529 505 2564 3.
536 2527 686 2574 Ὠρεοῦ]
718 2528 873 2586 Ὡραιοΰ
902 2530 984 2563 Bas.
1164 2529 1197 2564 5.
1224 2526 1410 2575 Εὔβοιαν]
1435 2526 1562 2564 εύοιαν
1582 2529 1613 2563 Ε

427 2575 461 2609 9.
493 2573 783 2620 Ἑλληςπόντου]
817 2573 1062 2631 Ελληςπόντῳ
1085 2576 1168 2609 Bas.
1305 2576 1361 2609 11.
1392 2574 1600 2620 καταλαβῃ]
1637 2587 1702 2609 κα-

336 2619 491 2664 ταλάβοι
513 2622 543 2655 Ε
702 2623 760 2656 12.
784 2620 951 2679 ἀποβάλῃ
973 2619 1020 2656 τοὶ
1041 2620 1134 2656 κατὰ
1156 2622 1220 2656 'PX
1244 2623 1324 2656 Bas.
1316 2646 1343 2663 .‚
1367 2622 1495 2656 caeteri
1515 2621 1607 2678 ὑπὲρ
1630 2634 1703 2655 των

337 2669 482 2703 οἰκείων
506 2665 761 2723 αγωνίσασθαι
784 2667 1052 2713 (ἀγωνίζεσθαι
1075 2669 1122 2711 F)
1145 2668 1211 2702 τόν
1235 2666 1481 2712 Κάσσανδρον
1505 2665 1647 2710 οἷφὲντα

474 2713 532 2749 17.
549 2711 592 2749 ’.Ω
595 2714 734 2758 ρωπὸν]
765 2714 826 2750 sav
847 2726 950 2758 super
973 2727 1030 2749 ωπ
1053 2715 1147 2757 ponit
1169 2715 1199 2747 F
1341 2714 1397 2748 31.
1423 2714 1589 2758 διέδωκε]
1615 2712 1705 2749 ἔδω-

337 2772 377 2795 κε
399 2759 492 2804 FQV
670 2761 758 2802 τοὺς
782 2759 1029 2807 στρατιώτας]
1052 2764 1130 2802 τοῖς
1155 2757 1393 2805 στρατιώταις
1416 2761 1447 2804 Q
