1820 3249
487 173 1461 218 LIB.XV1.CAP.6.7.1047

90 305 154 332 ων
182 287 338 340 Δίων,
378 284 496 342 ἀνήρ
529 286 576 332 ἐν
605 282 848 342 φιλοσοφίᾳ
876 285 1065 342 μεγάλην
1094 286 1202 340 ἔχων
1230 286 1458 341 προκοπὴν

88 346 163 389 καὶ
201 343 302 388 κατ’
342 342 548 396 ἀνδρείαν
583 344 657 386 καὶ
699 344 960 399 στρατηγίαν
996 342 1110 385 πολὺ
1139 343 1338 413 προέχων
1366 347 1454 385 τῶν
1484 345 1538 385 40

87 400 188 445 κατ’
227 399 362 443 αὐτόν
397 402 701 454 Συρακοσίων.
760 400 891 450 οὗτος
931 400 977 442 δὲ
1015 399 1087 442 διοὶ
1125 400 1203 454 τὴν
1231 398 1453 456 εὐγένειαν

86 459 160 501 καὶ
186 456 274 527 τὴν
309 456 584 526 λαμπρότητα
627 461 701 512 τῆς
739 461 876 517 ψυχῆς
917 459 976 507 εἷς
1018 454 1216 506 ὑποψίαν
1253 457 1360 510 ἠλθε
1395 459 1455 511 τῷ

85 512 312 573 τυράννῳ,
354 511 484 565 δόξας
524 511 777 583 ἀξιόχρεως
781 519 891 556 εἰναι
922 517 1165 556 καταλῦσαι
1192 511 1274 568 τὴν
1302 526 1457 564 τυραν-

83 573 197 615 νίδα.
256 558 531 638 φοβούμενος
559 572 642 614 οὐν
672 568 807 613 αὐτὸν
836 569 860 614 ὁ
889 570 1150 619 Διονύσιος,
1193 569 1363 623 ἔκρινεν
1391 567 1455 610 ἐκ
1485 571 1539 611 45

83 625 248 671 ποδων
261 625 528 697 ποιήσασθαι
557 627 634 670 τὸν
663 626 804 682 ἄνδρα
835 626 1062 683 συλλαβών
1093 626 1160 669 ἐπὶ
1189 624 1385 694 θανάτῳ.
1432 622 1454 667 ὁ

84 684 131 728 δὲ
157 685 281 726 Δίων
310 683 571 754 αἰσθόμενος
599 683 647 728 τὸ
677 685 757 739 μὲν
780 688 959 737 πρῶτον
988 682 1191 755 ἐκρύφθη
1220 680 1340 735 παρά
1370 692 1456 724 τισι

83 744 174 784 τῶν
201 742 368 810 φίλων,
408 740 514 796 μετὰ
556 741 602 784 δὲ
631 745 767 784 ταῦτα
795 741 956 796 ε’φυγεν
986 741 1033 784 ἐκ
1062 744 1135 794 τῆς
1165 741 1369 788 Σικελίας
1398 739 1458 787 εἰς

85 796 449 853 Πελοπόννησον,
499 797 608 852 ε’χων
647 796 751 867 μεθ’
782 797 942 841 ἑαυτοῦ
970 799 1047 841 τὸν
1076 795 1269 850 οἷδελφὸν
1300 799 1457 850 Μεγα-

84 858 221 925 κλῆν
220 854 299 897 καὶ
322 854 610 923 Ἡρακλείδην
638 854 715 898 τὸν
744 854 812 898 ἐπὶ
842 859 930 898 τῶν
959 857 1234 925 στρατιωτῶν
1261 852 1457 906 τεταγμέ-
1487 854 1541 893 5’)

82 928 166 955 νον
192 910 281 955 υπό
309 915 391 955 τοῦ
432 911 670 967 τυράννου.
704 913 1030 963 καταπλεύσας
1070 909 1113 955 6⁷
1157 912 1216 960 εἰς
1253 909 1333 964 τὴν
1373 907 1456 951 Κό-

83 973 244 1023 ρινθον
279 984 384 1019 τους
422 969 500 1023 μὲν
530 970 801 1023 Κορινθίους
829 967 954 1039 ἠξίου
984 966 1352 1036 συνεπιλαβέσθαι
1381 968 1468 1020 τῆς

81 1026 334 1078 ἐλευθερίας
361 1028 450 1067 τῶν
471 1027 779 1080 Συρακοσίων,
811 1024 945 1076 αύτὸς
966 1026 1010 1068 δὲ
1030 1022 1339 1081 μισθοφόρους
1358 1034 1458 1065 συν-

81 1086 159 1138 ἥγε
185 1081 262 1124 καὶ
289 1084 534 1132 πανοπλίας
573 1081 842 1138 συνήθροιζε.
901 1082 1008 1152 ταχύ
1046 1083 1091 1125 δὲ
1129 1084 1305 1124 πολλῶν
1339 1079 1458 1122 ὑπα-

81 1137 313 1182 κουόντων
341 1141 586 1190 πανοπλίας
613 1155 657 1182 τε
679 1138 1034 1192 παρεσκευάσατο
1057 1138 1128 1182 καὶ
1148 1135 1459 1205 μισθοφόρους
1489 1139 1525 1180 5
1521 1139 1541 1180 3

29 1243 32 1247 A
85 1194 295 1266 συχνούς,
326 1195 401 1238 καὶ
431 1212 682 1265 φορτηγους
711 1196 794 1239 δύο
823 1200 933 1247 ναῦς
963 1194 1298 1266 μισθωσάμενος
1331 1191 1384 1236 τά
1414 1208 1458 1234 τε

83 1253 196 1296 ὅπλα
223 1251 297 1295 καὶ
325 1251 429 1302 τοὺς
456 1252 768 1308 μισθοφόρους
795 1252 1049 1308 ἐνθέμενος,
1092 1251 1224 1300 αὐτὸς
1253 1250 1332 1305 μὲν
1360 1248 1460 1292 ταύ·

83 1326 160 1360 τας
194 1307 273 1360 τοὶς
311 1310 525 1364 φορτίδας
563 1310 672 1365 ε’χων
710 1309 961 1361 ἐξέπλευσεν
1003 1326 1049 1352 εκ
1092 1307 1334 1351 Ζακύνθου
1379 1309 1457 1360 τῆς

83 1365 194 1420 πρὸς
230 1367 541 1434 Κεφαλληνίαν
588 1368 645 1418 εἰς
693 1383 772 1422 την
810 1368 1047 1418 Σικελίαν,
1088 1365 1373 1433 Ηρακλείδην
1412 1362 1459 1405 δὲ
1489 1367 1543 1406 60

85 1421 264 1466 ἀπέλιπε
301 1422 492 1491 τριήρεις
536 1424 656 1474 τινὰς
697 1424 772 1466 καὶ
820 1423 969 1479 ἑτέρας
1013 1421 1262 1479 φορτηγοὺς
1300 1419 1459 1473 ἄξοντα

83 1476 269 1523 κατόπιν
299 1480 359 1530 εἰς
386 1478 461 1529 τὰς
489 1479 797 1534 Συρακούσας.

186 1534 302 1591 Ἀμα
339 1535 386 1578 δὲ
426 1535 602 1587 τούτοις
630 1537 949 1591 πραττομένοις
974 1534 1263 1591 Ἀνδρόμαχος
1293 1531 1317 1577 ὁ
1350 1537 1461 1575 Ταυ-
1489 1540 1516 1578 7

86 1593 326 1662 ρομενίτης,
361 1594 548 1645 Τιμαίου
576 1592 657 1647 μὲν
685 1597 767 1636 τοῦ
793 1593 870 1644 τὰς
905 1594 1099 1661 ἱστορίας
1128 1591 1462 1660 συγγράψαντος

82 1651 227 1718 πατὴρ
257 1647 341 1698 ὤν,
365 1648 547 1719 πλούτῳ
577 1649 623 1692 δὲ
651 1651 726 1692 καὶ
755 1653 895 1705 ψυχῆς
922 1646 1192 1704 λαμπρότητι
1222 1646 1462 1716 διαφέρων,
1492 1649 1546 1691 65

84 1704 269 1762 ἤθροισε
297 1703 403 1755 τοὺς
431 1704 478 1748 ἐκ
507 1722 583 1761 της
605 1704 759 1758 Νάξου
790 1711 865 1761 τῆς
881 1707 1233 1775 κατασκαφείσης
1256 1702 1340 1746 ὑπὸ
1361 1708 1464 1745 Διο-

85 1765 243 1806 νυσίου
271 1762 643 1816 περιλειφθέντας.
703 1764 870 1813 οἰκίσας
899 1762 946 1805 δε
974 1761 1054 1804 τόν
1083 1778 1194 1814 υπερ
1215 1764 1290 1815 τῆς
1311 1760 1464 1810 Νάξου

86 1818 228 1889 λόφον
257 1817 336 1861 τόν
365 1817 689 1889 ὀνομαζόμενον
724 1823 920 1872 Ταῦρον
966 1819 1040 1861 καὶ
1071 1819 1220 1871 μείνας
1250 1814 1344 1859 κατ’
1378 1814 1464 1858 αύ-

26 1884 69 1920 87
87 1875 165 1920 τὸν
192 1876 325 1919 πλείω
356 1874 532 1930 χρόνον,
565 1874 649 1919 ἄπο
669 1879 755 1945 τῆς
784 1876 855 1919 ἐπὶ
884 1878 964 1918 τοῦ
990 1875 1171 1928 Ταύρου
1199 1877 1339 1929 μονῆς
1360 1871 1464 1916 ὠνό-

86 1944 195 2002 μασε
221 1932 536 1987 Ταυρομένιον.
555 1934 682 2001 ταχὺ
702 1933 748 1976 δὲ
772 1937 846 1987 τῆς
874 1931 1054 1982 πόλεως
1071 1932 1268 1975 ἐπίδοσιν
1296 1932 1460 1998 λαμβα-
1491 1936 1546 1973 70

86 1988 287 2059 νούσης,
295 1990 339 2031 οἰ
367 1988 445 2044 μὲν
453 1987 689 2060 οἰκήτορες
712 1989 928 2045 μεγάλους
950 1986 1325 2056 περιεποιήσαντο
1331 1985 1462 2030 πλού

87 2063 216 2097 τους,
261 2043 289 2101 ἡ
331 2045 378 2089 δὲ
407 2045 531 2097 πόλις
560 2044 790 2118 ἀξιόλογον
819 2046 985 2101 αξίωμα
1013 2043 1383 2114 περιποιησαμένη
1411 2042 1461 2085 τὸ

87 2107 335 2147 τελευταῖον
374 2101 421 2144 ἐν
449 2106 510 2157 τῷ
539 2102 650 2146 καθ’
682 2102 795 2158 ἡμᾶς
820 2105 905 2159 βίῳ
936 2103 1161 2153 Καίσαρος
1194 2100 1464 2170 αναστησαν-

88 2177 163 2210 τος
191 2159 295 2209 τούς
329 2147 654 2212 Ταυρομενίτας
679 2159 726 2203 ἐκ
751 2164 826 2215 τῆς
855 2161 1065 2212 πατρίδος
1087 2158 1322 2227 Ρωμαίων
1341 2155 1463 2200 ἆποι
1493 2159 1548 2200 75

89 2219 192 2260 κίαν
219 2216 403 2267 ἐδέξατο.
463 2215 551 2271 ἅμα
582 2217 627 2259 δὲ
655 2216 829 2267 τούτοις
856 2215 1173 2286 πραττομένοις
1204 2217 1248 2258 οἱ
1275 2231 1356 2269 την
1381 2211 1465 2255 Εὕ-

90 2277 220 2330 βοιαν
246 2275 554 2324 κατοικοῦντες
582 2273 841 2317 ἐστασίασαν
867 2272 978 2329 πρὸς
1001 2270 1238 2329 αλλήλουςξ,
1275 2271 1349 2315 καὶ
1378 2274 1467 2314 τῶν

92 2445 148 2479 41.
182 2443 240 2478 52.
288 2443 532 2489 Συρακοσίων
555 2445 639 2479 Bae.
824 2445 882 2479 40.
913 2442 1073 2487 ἀνδρίαν
1096 2445 1126 2478 F
1146 2444 1283 2488 saepius

93 2491 155 2525 4.9
181 2490 238 2525 60.
260 2487 498 2534 Ἡρακλείδην
524 2491 721 2526 ὃίωεοηιιεε
745 2491 828 2525 libri
843 2492 1119 2547 Χαρικλείδην;
1145 2502 1179 2527 v.
1204 2491 1249 2525 ad
1270 2503 1302 2534 p.
1326 2489 1383 2524 94.
1406 2487 1464 2523 26.

277 2536 333 2572 50.
373 2535 612 2581 τεταγμένον]
638 2536 916 2582 ἐπιτεταγμένον
939 2539 970 2581 Q
994 2539 1075 2571 Bas.
1260 2537 1316 2571 55.
1350 2547 1464 2570 πανο-

94 2581 220 2621 πλίαις
240 2583 271 2616 Y
443 2584 763 2628 παρεσκευάσατο]
785 2581 1072 2626 παρεσκευάζετο
1100 2585 1129 2617 L
1154 2586 1228 2617 Bas.
1405 2580 1463 2614 58

96 2628 301 2672 meotidas]
334 2631 549 2672 φροντίδας
581 2631 614 2663 Κ
826 2630 883 2664 6⁰.
928 2628 1193 2674 “Ηρακλείδην]
1242 2628 1465 2672 Χαρικλείδη

94 2674 198 2714 FLY,
225 2675 352 2708 caeteri
376 2676 621 2729 Χαρικλείδην
806 2673 954 2711 ἀπέλιπε
978 2678 995 2719 (
1007 2689 1062 2711 -εν
1088 2677 1116 2709 Ι
1128 2677 1168 2720 )]
1191 2676 1304 2723 FIQ,
1332 2674 1465 2715 Mean&

95 2721 140 2762 ὶ,
164 2719 293 2755 caeteri
312 2719 501 2763 ἀπέπεμπε
645 2722 702 2758 δῦ.
729 2722 868 2763 οἰκίσας
892 2724 1186 2758 Rhodomannus:
1209 2720 1291 2757 libri
1317 2719 1467 2764 οἰκήσας

186 2777 243 2811 87.
276 2776 332 2812 69.
385 2776 667 2833 Ταυρομένιον]
697 2779 970 2827 Τανρομένειον
995 2791 1113 2816 omnes
1297 2779 1354 2815 70.
1378 2781 1467 2825 λαμ

72 2834 75 2837 ’
94 2820 296 2870 βανούσης]
322 2823 506 2870 λαβούσης
529 2827 562 2870 Q
