1820 3249
450 165 565 208 LIB.
596 162 709 205 XVI.
769 162 900 204 GAP.
929 165 997 205 70.
1015 164 1155 205 -72.
1376 165 1487 208 1107

108 288 234 348 στησε
273 276 318 321 δὲ
347 276 419 320 καὶ
447 275 543 346 τὴν
555 271 654 317 κατ’
689 272 735 317 ἐν
739 272 893 316 ιαυτὸν
921 272 1203 344 ἐντιμοτάτην
1231 272 1390 331 ἀρχήν,
1427 275 1484 349 ἢν
1512 278 1566 324 40

107 334 382 405 άμφιπολίαν
397 334 506 383 Διὸς
532 329 776 386 Ὀλυμπίου
807 331 850 374 οἱ
870 329 1145 383 Συρακόσιοι
1176 335 1382 375 καλοῦσι·
1413 333 1488 377 καὶ

105 391 256 460 ᾑρέθη
283 394 454 444 πρῶτος
497 386 746 458 ἀμφίπολος
779 386 889 437 Διὸς
924 385 1166 443 Ὀλυμπίου
1192 387 1482 460 Καλλιμένης,

105 449 179 491 καὶ
207 446 257 490 τό
286 445 442 490 λοιπὸν
473 444 716 489 διετέλεσαν
745 445 789 487 οἱ
817 444 1093 497 Συρακόσιοι
1121 442 1227 496 τούς
1254 444 1484 499 ένιαυτους

104 503 419 578 ἐπιγράφοντες
466 501 638 572 τούτοις
680 506 771 552 τοῖς
822 501 1008 557 ἄρχουσι
1034 501 1181 571 μέχρι
1217 504 1354 546 τῶνδε
1391 507 1482 547 τῶν
1511 506 1565 551 45

104 563 310 616 ἱστοριῶν
334 560 626 630 γραφομένων
647 558 722 602 καὶ
748 561 824 614 τῆς
852 575 962 602 κατα
991 556 1074 615 τήν
1103 560 1327 602 πολιτείαν
1357 557 1486 603 ἀλλα-

101 622 202 673 γῆς·
256 633 347 660 των
385 633 477 686 γαρ
505 614 728 687 Ῥωμαίων
762 614 1038 685 μεταδόντων
1077 620 1169 667 τοῖς
1200 615 1484 668 Σικελιώταις

99 679 187 729 τῆς
204 675 422 725 πολιτείας
449 670 477 729 ἡ
506 677 594 716 τῶν
622 671 889 729 ἀμφιπόλων
910 670 1028 745 άρχὴ
1058 671 1352 744 ἐταπεινώθη,
1390 674 1484 717 δια-

101 733 284 786 μείνασα
319 730 391 787 ἔτη
428 732 558 774 πλείω
596 734 683 774 τῶν
719 730 997 788 τριακοσίων.
1054 729 1129 774 καὶ
1165 746 1219 774 τα
1254 729 1335 786 μὲν
1371 729 1482 775 κατά

98 787 198 844 τὴν
194 789 414 831 Σικελίαν
441 788 488 831 ἐν
515 786 689 839 τούτοις
716 788 783 843 ἦν.
1356 810 1357 814 ’
1510 789 1566 832 50

182 843 340 888 σΚατοὶ
370 844 416 888 δὲ
443 844 524 900 τὴν
559 845 846 889 Μακεδονίαν
877 844 1094 894 Φίλιππος
1121 859 1198 895 τας
1226 842 1296 887 ἐπὶ
1327 839 1481 915 Θράκῃ
1508 848 1564 888 71

97 899 246 952 πόλεις
285 900 540 956 Ελληνίδας
590 904 650 954 εἰς
692 899 872 945 εὔνοιαν
914 899 1294 956 προκαλεσάμενος
1334 900 1481 956 εστρά-

96 970 269 1001 τευσεν
266 957 348 1002 ἐπὶ
380 957 571 1029 Θράκην.
607 956 964 1029 Κερσοβλέπτης
992 958 1078 1014 γάρ
1109 957 1133 1001 ὁ
1163 956 1366 1028 βασιλεὺς
1390 961 1481 1001 τῶν

101 1018 292 1083 Θρᾳκῶν
323 1015 496 1066 διετέλει
523 1032 600 1066 τας
629 1014 705 1085 ἐφ’
730 1013 1025 1087 Ἐλληςπόντῳ
1053 1012 1200 1065 πόλεις
1227 1013 1480 1070 ὁμορούσας
1510 1017 1565 1059 55

97 1088 150 1126 τῃ
186 1070 337 1130 Θράκῃ
371 1071 781 1144 καταστρεφόμενος
817 1088 892 1115 και
931 1070 1012 1126 τὴν
1052 1070 1200 1128 χώραν
1241 1073 1481 1120 καταφθεί-

99 1145 204 1199 ρων.
258 1116 533 1184 βουλόμενος
564 1131 647 1172 οὐν
675 1128 892 1199 ἐμφράξαι
919 1144 1009 1171 των
1037 1129 1278 1198 βαρβάρων
1299 1127 1381 1184 τήν
1404 1127 1480 1183 ὁρ-

97 1185 209 1240 μήν,
236 1185 538 1239 ἐστράτευσεν
576 1185 648 1230 ἐπ’
686 1184 849 1236 αὐτους
880 1187 963 1228 σύν
991 1189 1131 1241 πολλῇ
1163 1184 1357 1241 δυνάμει.
1416 1202 1482 1229 νι-

95 1242 232 1298 κήσας
261 1243 308 1286 δὲ
337 1246 505 1286 πλείοσι
531 1242 687 1299 μάχαις
715 1241 820 1293 τούς
844 1246 1036 1312 Θρᾷκας.
1064 1247 1157 1292 τοῖς
1186 1259 1265 1298 μεν
1293 1257 1482 1286 καταπο·

94 1303 319 1354 λεμηθεῖσι
347 1298 590 1371 βαρβάροις
618 1301 848 1353 προςέταξε
874 1298 1056 1349 δεκάτας
1084 1303 1221 1342 τελεῖν
1250 1303 1343 1351 τοῖς
1378 1303 1480 1342 Μα-
1509 1304 1565 1346 60

95 1356 285 1408 κεδόσιν,
317 1355 450 1408 αὐτὸς
480 1355 523 1400 δ’
557 1356 604 1400 ἐν
632 1362 723 1407 τοῖς
743 1356 986 1410 ἐπικαίροις
1013 1354 1164 1407 τόποις
1191 1357 1338 1408 κτίσας
1369 1354 1480 1409 ἄξιο-

21 1417 88 1453 138
99 1412 256 1467 λόγους
284 1413 429 1464 πόλεις
459 1414 616 1457 ε’παυσε
644 1417 724 1458 τοῦ
747 1414 950 1466 θράσους
969 1413 1074 1464 τοὺς
1094 1417 1283 1482 Θρᾷκας.
1325 1414 1477 1469 διόπερ

98 1471 144 1512 αἱ
172 1473 261 1512 τῶν
283 1468 502 1526 Ἑλλήνων
529 1469 675 1521 πόλεις
702 1467 994 1513 ἀπολυθεῖσαι
1021 1486 1108 1512 των
1138 1470 1293 1540 φόβων
1317 1471 1377 1522 εἰς
1399 1470 1480 1527 τὴν

96 1527 344 1582 συμμαχίαν
388 1543 468 1586 του
518 1529 740 1570 Φιλίππου
785 1522 1101 1582 προθυμότατα
1121 1526 1479 1598 κατετάχθησαν.
1508 1529 1563 1573 65

95 1599 184 1625 των
223 1585 270 1626 δὲ
311 1582 602 1655 συγγραφέων
635 1582 917 1654 Θεόπομπος
922 1583 945 1627 ὁ
978 1586 1086 1633 Χῖος
1115 1582 1164 1626 έν
1193 1587 1246 1640 τῇ
1274 1587 1365 1627 τῶν
1395 1588 1480 1627 Φι-

93 1642 314 1682 λιππικῶν
362 1642 532 1710 ἱστορία
573 1641 775 1692 κατέταξε
821 1645 936 1693 τρεῖς
975 1641 1157 1695 βίβλους
1186 1638 1481 1696 περιεχούσας

74 1695 323 1746 ’Σικελικας
352 1695 547 1750 πράξεις·
580 1696 819 1753 ἀρξάμενος
849 1698 895 1740 δὲ
925 1695 1011 1740 άπὸ
1030 1700 1107 1753 τῆς
1127 1699 1373 1741 Διονυσίου
1397 1700 1480 1741 τοῦ

93 1752 392 1808 πρεσβυτέρου
416 1756 678 1808 τυραννίδος
708 1756 860 1810 διῆλθε
879 1753 1044 1809 χρόνον
1065 1754 1176 1796 ἐτῶν
1195 1753 1478 1810 πεντήκοντα,

92 1811 166 1853 καὶ
201 1810 488 1863 κατέστρεψεν
527 1812 589 1861 εἰς
626 1811 707 1866 τήν
747 1811 958 1854 ἔκπτωσιν
988 1812 1238 1854 Διονυσίου
1267 1815 1346 1855 τοῦ
1374 1827 1478 1855 νεω-
1506 1816 1562 1856 70

92 1867 237 1921 τέρου.
298 1868 379 1910 εἰσὶ
409 1867 455 1911 δὲ
487 1885 531 1910 αι
559 1869 707 1923 βίβλοι
735 1872 873 1923 τρεῖς,
914 1865 1000 1911 άπὸ
1032 1871 1109 1924 τῆς
1138 1872 1241 1924 μιᾶς
1273 1884 1478 1923 τετταρα-

93 1928 251 1978 κοστῆς
280 1924 378 1979 άχρι
407 1928 483 1980 ,τῆς
512 1926 658 1995 τρίτης
686 1925 759 1967 καὶ
787 1929 1142 1981 τετταρακοστῆς.

200 1979 296 2023 ”Επ
329 1980 538 2052 ἄρχοντος
569 1979 612 2024 δ’
641 1979 852 2052 Ἀθήνησι
866 1982 1148 2037 Σωσιγένους
1172 1979 1380 2037 Ῥωμαῖοι
1401 1997 1478 2025 κα·
1505 1993 1562 2033 72

93 2036 304 2106 τέστησαν
333 2036 528 2089 ὑπάτους
557 2038 749 2091 Μάρκον
788 2036 1034 2092 Οὐαλέριον
1065 2039 1138 2082 καὶ
1170 2042 1339 2082 Γναῖον
1370 2039 1476 2081 Ποι-
1505 2049 1561 2091 75

93 2093 258 2149 τήλιον.
319 2094 388 2138 ἐπὶ
425 2096 471 2138 δὲ
500 2094 673 2138 τούτων
700 2094 917 2151 Ἀρύμβας
948 2094 971 2140 ὁ
1000 2112 1090 2140 των
1121 2099 1368 2139 Μολοττῶν
1401 2098 1477 2165 βα-

93 2150 236 2202 σιλεὺς
265 2151 533 2222 ἐτελεύτησεν
565 2151 701 2206 ἄρξας
731 2153 818 2221 ἔτη
834 2153 958 2203 δέκα,
1008 2151 1238 2196 άπολιπων
1267 2151 1371 2196 υιόν
1398 2151 1478 2195 τὸν

94 2207 284 2263 Πύῤῥου
312 2208 475 2262 πατέρα
504 2210 738 2280 Αἰακίδην·
769 2209 848 2265 τήν
878 2207 919 2253 δ’
953 2207 1091 2266 άρχην
1114 2208 1336 2262 διεδέξατο
1365 2206 1477 2252 Ἀλέ·

95 2265 280 2318 ξανδρος
323 2264 347 2309 ὁ
388 2264 580 2321 ἀδελφός
614 2263 908 2321 Ὀλυμπιάδος
943 2264 1294 2322 συνεργήσαντος
1325 2267 1476 2309 Φιλίπ-

94 2337 180 2364 που
219 2326 302 2365 τοῦ
338 2324 612 2373 Μακεδόνος.
670 2323 781 2366 κατά
820 2323 866 2366 δὲ
904 2340 984 2381 την
1013 2325 1222 2368 Σικελίαν
1256 2321 1475 2392 Τιμολέων
1503 2331 1559 2372 80

95 2377 174 2432 μὲν
212 2376 492 2434 ἐστράτευσεν
527 2379 599 2423 ἐπι
636 2381 925 2432 Λεοντίνους
978 2382 1038 2433 εἰς
1077 2379 1244 2438 ταύτην
1281 2396 1364 2436 γαρ
1394 2378 1475 2437 τὴν

95 2537 153 2572 40.
199 2534 450 2584 οἷμφιπολίαν]
489 2535 698 2585 άμφίπολιν
721 2539 772 2631 Χὴ
940 2540 998 2574 42.
1046 2537 1296 2596 Καλλιμένης]
1331 2540 1476 2574 Καλλυ-

94 2584 206 2628 μένης
229 2586 310 2619 Bas.
314 2587 476 2642 ‚Cospus
660 2586 716 2622 47.
795 2599 872 2620 των
893 2587 952 2621 Ft.
975 2588 1078 2628 Bas„
1109 2585 1239 2621 caeteri
1262 2583 1286 2631 ἡ
1307 2597 1374 2629 μεν
1397 2587 1474 2620 τῶν

277 2611 333 2667 46.
378 2645 422 2677 τη
425 2645 446 2666 ν
472 2633 671 2677 Σικελίαν]
708 2634 884 2668 Σικελίαν
907 2635 968 2668 FL
1002 2634 1087 2668 Bas.
1279 2632 1336 2668 52.
1381 2644 1473 2677 προ-

95 2674 362 2722 καλεσάμενος]
390 2679 472 2712 libri
501 2677 841 2723 προςκαλεσάμενος

188 2723 267 2758 138.
309 2724 366 2757 71.
398 2724 456 2758 72.
510 2725 594 2759 libri
623 2726 917 2782 τεσσαρακοστῆς
1139 2723 1197 2758 7-1.
1248 2725 1392 2758 Γναῖον
1433 2723 1479 2765 Q,

93 2766 268 2810 Μάρτιον
294 2773 432 2804 Γναῖον
456 2771 502 2812 Χ,
525 2772 654 2806 caeteri
677 2771 839 2816 Μάρκον
1023 2768 1079 2805 75.
1119 2767 1322 2814 Hamil-mv
1346 2767 1480 2809 Ῑιίνὶυε,

94 2815 264 2860 Popilium
289 2817 432 2861 Cospoe,
457 2819 586 2851 caeteri
607 2814 776 2854 Πόπλιον

1095 2875 1149 2915 71
1174 2874 1197 2899 '‘
