1820 3249
325 132 438 172 1210
689 133 811 178 L1B
838 134 966 176 XVII.
1029 136 1162 178 cAP.
1192 140 1260 180 76.
1289 140 1357 180 77.

328 240 352 285 6
383 242 431 286 δὲ
464 247 670 301 βασιλευς
699 245 915 302 ἐπιμένων
939 245 1089 298 αὐτοῖς
1109 244 1182 291 καὶ
1204 247 1401 320 συνάψας
1423 246 1575 304 μάχην,
1604 249 1707 301 τοὺς
1768 287 1771 290 .

324 301 507 354 πλείους
539 304 617 358 μὲν
656 303 890 356 κατέκοψε,
939 320 1043 354 τους
1073 304 1118 347 δὲ
1146 303 1327 355 λοιπους
1358 306 1417 355 εἰς
1445 305 1520 355 τὰς
1549 307 1706 373 δυςχω-

328 357 428 409 ρίας
459 362 709 411 κατεδίωξε
780 365 1117 413 πυρπολοῦντος
1156 358 1200 431 δ’
1246 360 1385 404 αὐτοῦ
1424 361 1503 415 τὴν
1542 360 1704 416 χώραν.

325 413 399 456 καὶ
429 431 520 457 των
548 432 653 466 τους
683 416 976 471 βασιλικοὺς
966 418 1123 468 ι’ππους
1153 415 1350 472 ἀγόντων
1374 419 1544 461 παίδων
1562 417 1702 474 βραχὺ

235 469 293 508 30
321 473 404 513 τοῦ
435 474 650 541 βασιλέως
681 474 1011 527 χωρισθέντων,
1040 473 1317 529 ἐπιβαλόντες
1345 490 1458 525 τινες
1485 478 1571 516 τῶν
1600 477 1702 545 βαρ-

321 526 477 597 βάρων
517 528 784 584 ἀφήρπασαν
821 530 899 600 τρν
936 530 1115 584 ἄριστον
1149 535 1236 574 τῶν
1278 533 1435 574 ἵ.ππων
1495 532 1625 581 οὑτος
1656 528 1700 573 δ’

319 583 459 652 ἐδόθη
495 588 639 639 δῶρον
668 585 747 640 μὲν
775 586 864 630 υπό
882 586 1152 657 Δημαράτου
1181 592 1260 630 τοῦ
1278 589 1540 640 Κορινθίου,
1573 600 1703 642 συνη-

317 639 511 710 γώνιστο
553 624 599 685 δὲ
639 647 699 697 τῷ
740 647 909 697 βασιλεῖ
942 643 1109 694 πάντας
1148 645 1251 695 τοὺς
1290 661 1400 687 κατα
1438 644 1518 699 τὴν
1553 642 1701 686 Ἀσίαν

230 696 284 737 35
317 693 507 753 ἆγωνας.
577 698 740 755 γυμνὸς
781 698 824 742 δ’
865 700 927 743 ὧν
963 701 1021 743 ετι
1059 700 1136 743 τὸν
1174 702 1520 756 πωλοδαμαστὴν
1561 699 1701 755 μόνον

314 755 624 810 προςεδέχετο,
668 773 810 811 τυχων
849 757 895 800 δὲ
923 761 998 813 τῆς
1029 759 1256 826 βασιλικῆς
1288 762 1444 814 σκευῆς
1474 757 1575 800 οὐδὲ
1604 759 1703 800 τοῦ·

315 827 395 854 τον
437 811 497 853 ἔτι
537 813 758 866 προςίετο,
808 813 928 882 μόνῳ
973 814 1019 856 δὲ
1052 812 1315 883 Ἀλεξάνδρῳ
1351 817 1590 866 παρίστατο
1628 813 1702 856 καὶ

316 870 552 922 συγκαθίει
587 868 636 911 τὸ
679 881 804 924 σωμα
832 870 946 939 προς
974 870 1054 925 τὴν
1086 860 1311 926 ἀνάβασιν.
1373 869 1396 939 6
1425 871 1469 913 δὲ
1499 869 1702 925 βασιλευς

319 924 391 968 διοὶ
434 923 514 979 τὴν
557 923 712 982 ἀρετὴν
741 930 820 969 τοῦ
852 926 965 984 ζῴου
996 927 1298 997 δυςφορήσας,
1340 926 1421 980 τήν
1448 926 1526 981 μὲν
1553 942 1700 997 χωραν

232 976 288 1019 40
319 983 629 1036 δενδροτομεῖν
659 973 907 1037 προςέταξε,
940 983 1010 1027 δια
1040 984 1086 1026 δὲ
1115 988 1204 1026 τῶν
1234 982 1485 1052 ὁμοφώνων
1512 989 1604 1033 τοῖς
1637 982 1700 1037 ἐγ-

316 1040 493 1093 χωρίοις
525 1037 756 1095 κηρύττειν
786 1038 842 1091 ὡς
873 1039 927 1083 ἄν
958 1039 1015 1097 μὴ
1045 1039 1123 1082 τὸν
1153 1042 1290 1083 ι’ππον
1321 1038 1530 1087 άποδωσι,
1558 1039 1637 1094 τήν
1656 1055 1700 1082 τε

316 1095 464 1162 χώραν
512 1097 570 1146 εἰς
609 1096 732 1147 τέλος
769 1096 955 1148 ὄψονται
991 1097 1358 1152 κατεφθαρμένην
1388 1095 1491 1147 τούς
1520 1095 1561 1138 τ’
1592 1096 1701 1139 ἐνοι-

316 1155 510 1202 κοῦντας
556 1153 770 1208 πανδημεὶ
817 1155 1215 1208 κατεσφαγμένους.
1282 1159 1372 1196 τῶν
1419 1152 1462 1195 δ’
1512 1151 1701 1195 ἀπειλῶν

317 1206 448 1259 ὀξέως
491 1207 852 1278 ἐπιτελουμένων,
904 1210 1247 1264 καταπλαγέντες
1284 1212 1327 1253 οἰ
1365 1209 1583 1265 βάρβαροι
1620 1207 1700 1253 τόν

233 1262 286 1305 45
317 1267 453 1308 ἵππον
502 1263 878 1336 ἀποκατέστησαν,
932 1267 1006 1310 καὶ
1047 1266 1141 1335 μετ’
1177 1265 1317 1310 αὐτοῦ
1356 1266 1700 1310 πολυτελέστατα

317 1324 439 1377 δῶρα
468 1322 810 1390 προςεκόμισαν·
849 1323 961 1378 πρὸς
989 1324 1035 1366 δε
1063 1321 1237 1375 τούτοις
1254 1326 1327 1366 καὶ
1347 1321 1604 1393 πεντήκοντ’
1628 1320 1701 1365 ἄν·

317 1381 426 1432 δρας
457 1376 727 1430 ἀπέστειλαν,
759 1379 960 1433 δεόμενοι
987 1384 1133 1435 τυχεῖν
1161 1380 1433 1450 συγγνωμης.
1470 1379 1493 1423 6
1525 1378 1569 1422 6'
1589 1378 1698 1421 Ἀλέ-

315 1437 530 1488 ξανὸρος
541 1435 645 1487 τοὺς
685 1437 763 1492 μὲν
803 1434 1180 1492 ἀξιολογωτάτους
1217 1453 1306 1480 των
1337 1435 1515 1492 ἀνδρῶν
1546 1435 1698 1492 ἔλαβεν

228 1519 284 1557 77
315 1491 526 1563 ΟμήῼΟυς.

228 1575 282 1616 50
323 1600 340 1607 „
423 1547 769 1600 Ἐπανελθόντος
809 1547 850 1592 δ’
893 1548 1035 1594 αὐτοῦ
1071 1549 1205 1593 πάλιν
1245 1552 1304 1600 εις
1340 1548 1420 1606 τὴν
1445 1548 1773 1605 Ὑρκανίαν,ρρο

313 1608 388 1662 ἡκε
419 1605 532 1659 πρὸς
565 1604 700 1649 αὐτὸν
730 1606 756 1661 ἡ
787 1608 1017 1661 βασίλισσα
1043 1623 1133 1650 των
1156 1606 1420 1661 Ἀμαζόνων,
1453 1607 1593 1661 ὄνομα
1615 1606 1696 1662 μὲν

316 1664 569 1718 Θάληστρις,
601 1662 909 1731 βασιλεύουσα
930 1665 975 1706 δὲ
1003 1668 1079 1733 τῆς
1100 1664 1268 1718 μεταξυ
1301 1667 1382 1706 τοῦ
1407 1663 1600 1713 Φάσιδος
1621 1664 1696 1706 καὶ

314 1719 628 1773 Θερμώδοντος
666 1718 820 1774 χώρας.
881 1722 937 1776 ἠν
975 1720 1020 1764 δε
1059 1725 1119 1792 τῷ
1156 1737 1200 1764 τε
1239 1719 1386 1763 κάλλει
1421 1721 1494 1763 καὶ
1531 1737 1582 1777 τη
1612 1724 1695 1763 τοῦ

226 1774 280 1817 55
312 1776 514 1832 σώματος
558 1775 687 1847 ρω’μη
730 1775 1004 1830 διαφέρουσα
1043 1778 1116 1819 καὶ
1160 1793 1280 1847 παρα
1319 1781 1413 1826 τοῖς
1459 1777 1693 1832 ὁμοεθνέσι

310 1832 622 1889 θαυμαζομένη
652 1831 750 1875 κατ’
782 1831 999 1887 ἀνδρείαν,
1032 1834 1104 1876 καὶ
1122 1833 1170 1878 τό
1193 1850 1271 1888 μεν
1290 1838 1459 1889 πλῆθος
1475 1838 1549 1889 τῆς
1568 1846 1692 1888 στρα-

311 1895 404 1941 τιᾶς
433 1890 502 1932 ἐπὶ
532 1895 621 1933 τῶν
652 1889 770 1944 ὅρων
800 1894 876 1945 τῆς
900 1890 1133 1944 Υρκανίας
1163 1888 1489 1943 ἀπολελοιπυῖα,
1520 1907 1624 1945 μετα
1644 1890 1692 1934 δὲ

311 1948 575 2000 τριακοσίων
601 1946 894 2002 Ἀμαζονίδων
912 1948 1246 2018 κεκοσμημένων
1263 1953 1513 2002 πολεμικοῖς
1540 1947 1692 1998 ὅπλοις

227 2003 281 2043 60
311 2003 657 2073 παραγενομένη.
704 2008 784 2046 τοῦ
815 2004 861 2047 δε
891 2004 1099 2060 βασιλέως
1129 2003 1432 2060 θαυμάζοντος
1461 2003 1512 2047 τό
1541 2020 1586 2047 τε
1613 2020 1691 2046 πα-

313 2060 503 2115 ράόοξον
545 2065 620 2116 τῆς
659 2062 904 2114 παρουσίας
949 2062 1023 2104 καὶ
1061 2062 1110 2104 τὸ
1143 2061 1308 2114 άξίωμα
1337 2077 1424 2103 των
1452 2067 1689 2115 γυναικών,

308 2118 381 2161 καὶ
423 2119 502 2172 τὴν
545 2117 789 2172 Θάληστριν
826 2116 1039 2171 ἐρομένου
1069 2120 1166 2160 τίνα
1194 2119 1342 2173 χρείαν
1374 2118 1532 2172 ἔχουσα
1562 2118 1691 2169 πάρε-

309 2187 416 2228 στιν,
452 2174 717 2230 ἀπεφαίνετο
747 2175 1033 2226 παιδοποιίας
1063 2174 1206 2218 ε’νεκεν
1227 2174 1362 2231 ἥκειν.
1420 2173 1590 2217 ἐκεινου
1609 2171 1716 2230 μὲν

305 2344 363 2379 25.
411 2344 605 2391 ἐπιμένων]
631 2343 830 2386 υπομένων
852 2344 902 2378 F:
925 2344 1103 2388 praeteriit
1126 2345 1270 2389 CospuS‚
1295 2343 1354 2401 qui
1375 2344 1510 2388 praelio
1534 2355 1610 2377 cum
1637 2343 1686 2377 eis

305 2403 584 2479 ῗέἕνῗεειῖἶῑεοο
607 2392 747 2472 ηοῐᾶῗῇς
765 2391 1044 2481 Sge‘iihzrtxllusssas
1158 2388 1589 2482 πωὸλῖδαῗιτάέτξῖὶμιιίίῗν
1600 2401 1683 2469 136¹:-

489 2484 546 2517 37.
595 2484 814 2540 συγκαθίει]
833 2482 1044 2526 συγκαθιεὶς
1065 2483 1106 2524 F,
1132 2485 1332 2529 συγκαθείη
1358 2484 1440 2518 Bas.
1626 2481 1684 2515 41.

305 2526 355 2564 ὂῖν
379 2548 422 2554 -
447 2526 638 2574 οἷποδαῖσι]
667 2531 700 2565 εἰ
723 2550 763 2555 -
790 2526 1017 2564 οἷποδώσειεν
1041 2528 1070 2561 L
1228 2530 1285 2564 42.
1333 2527 1422 2569 τούς
1445 2524 1502 2573 τ’]
1530 2540 1617 2569 τους
1641 2525 1682 2561 δ’

303 2576 337 2608 Τ
366 2576 446 2608 Bas.
631 2576 687 2611 45.
736 2573 1058 2618 ἀποκατέστησαν]
1090 2572 1385 2634 οἷπεκατέστησαν
1410 2575 1437 2608 F
1618 2573 1682 2609 καὶ

302 2619 386 2666 μετ’
409 2619 550 2677 αὕτοΰ]
575 2621 654 2665 μετ’
682 2620 802 2658 αὐτοῦ
826 2620 866 2656 δε
891 2621 951 2656 καὶ
977 2622 1036 2655 FL
1203 2623 1259 2657 46.
1305 2623 1369 2658 καὶ
1392 2633 1461 2656 om.
1485 2621 1516 2655 F

302 2668 359 2703 48.
404 2664 743 2713 ἀξιολογωτάτους]
770 2666 983 2712 άξιολόγονς
1005 2668 1034 2701 L

392 2735 471 2770 220.
503 2735 559 2772 53.
602 2751 653 2784 τω
675 2751 713 2774 τε
737 2749 806 2773 om.
831 2738 914 2773 Bas.
1097 2736 1155 2772 58.
1201 2735 1499 2784 παραγενομένη]
1523 2746 1680 2781 παραγε-

299 2781 476 2827 γενημένη
500 2783 529 2816 L
713 2783 771 2818 62.
817 2782 920 2829 ἥκειν
945 2794 1014 2817 om.
1045 2783 1105 2817 FL
