1820 3249
532 148 829 193 LIB.XV111.
886 147 1018 191 CAP.
1047 151 1115 192 46.
1144 151 1214 193 47.
1449 152 1559 195 13⁰1

183 262 315 314 νέους
340 262 399 320 μὴ
430 259 501 306 δι’·
519 260 599 305 ἕνα
626 260 868 304 Μακεδόνα
897 262 1107 330 περιιδεῖν
1133 258 1213 317 τήν
1231 261 1421 329 πατρίδα
1439 278 1562 317 γινο-

183 319 328 390 μένην
349 317 641 372 δοριάλωτον·
691 318 780 361 ἐπεὶ
820 314 865 360 δ’
896 316 1164 386 ἀμετάθετον
1192 314 1338 359 αὐτῶν
1366 333 1447 373 την
1476 318 1561 372 ὁρ-

182 377 271 433 μήν
308 374 478 429 ἑώρων,
516 374 668 446 λάθρᾳ
707 373 1110 445 συμφρονήσαντες
1126 373 1367 444 ἐξέπεμψαν
1401 375 1560 426 νυκτός

182 434 413 502 πρεσβείαν
441 430 554 485 πρὸς
579 429 843 486 Ἀντίγονον,
874 429 1234 500 ἐπαγγελλόμενοι
1254 431 1332 474 τόν
1357 429 1558 474 Ἀλκέταν
1585 435 1640 474 70

180 489 211 544 ἢ
239 493 376 542 ζῶντα
403 487 682 542 παραδώσειν
711 487 740 543 ἢ
767 487 1110 544 τετελευτηκότα.
1168 485 1321 558 ἠξίουν
1349 485 1389 530 6’
1423 486 1558 532 αυτόν

181 544 254 600 ἐφ’
269 544 448 600 ιἡμέρας
485 545 605 595 τινας
643 544 949 612 προςβαλόντα
989 549 1043 602 τῇ
1072 542 1196 588 πόλει
1225 543 1298 587 καὶ
1329 543 1390 586 δι’
1423 543 1559 598 άκρο-

181 604 404 671 βολισμών
441 601 647 671 ἐλαφρῶν
685 600 1049 670 προαγαγόμενον
1076 600 1181 652 τούς
1213 600 1260 643 ἐκ
1289 604 1364 656 τῆς
1392 599 1560 651 πόλεως

179 657 423 727 υποχωρεῑν
459 657 518 708 ὠς
555 657 789 713 φεύγοντα.
849 663 1008 701 τούτου
1044 658 1128 714 γάρ
1172 658 1430 712 γενομένου,
1481 658 1557 701 καὶ

179 718 269 758 τῶν
287 713 511 768 νεωτέρων
527 715 623 768 περὶ
643 714 724 770 τήν
743 714 901 784 μάχην
904 714 1025 765 ἐκτός
1043 719 1120 771 τῆς
1148 713 1318 764 πόλεως
1347 713 1556 784 άσχολου-
1585 712 1641 756 75

178 769 336 842 μένων,
368 771 584 827 λήψεσθαι
612 771 770 825 καιρὸν
790 775 953 815 οἰκεῖοι
972 776 1066 821 ταῖς
1088 772 1219 821 ἰδίαις
1235 771 1474 838 ἐπιβολαῖς.
1532 768 1556 814 ὁ

180 825 224 871 δ’
241 826 488 883 Ἀντίγονος
507 830 700 879 πεισθεὶς
722 826 800 871 ὑπ’
821 828 982 876 αυτιᾶν,
1012 829 1084 871 καὶ
1104 826 1277 883 μακρὰν
1297 830 1371 882 τῆς
1394 826 1559 878 πόλεως

179 884 676 939 μεταστρατοπεδεύσας,
727 885 800 928 διά
829 889 918 928 τῶν
947 883 1279 953 ἀκροβολισμῶν
1307 887 1556 936 προεσπᾶτο

177 940 282 992 τοὺς
316 941 444 992 νέους
472 943 531 992 εἰς
558 942 636 984 τὸν
668 940 714 984 ἐκ
743 946 820 997 τῆς
853 941 1020 992 πόλεως
1044 939 1218 1013 ἀγῶνα.
1279 942 1323 983 οἱ
1361 940 1407 983 δὲ
1446 956 1555 994 πρε-

178 996 384 1065 σβύτεροι
410 996 720 1052 μεμονωμένον
741 998 927 1051 ὁρῶντες
950 998 1027 1040 τὸν
1044 996 1257 1047 Ἀλκέταν,
1286 997 1360 1040 καὶ
1388 1000 1476 1039 τῶν
1509 1013 1554 1040 τε
1583 997 1638 1036 80

176 1052 350 1097 δούλων
378 1053 482 1104 τούς
516 1053 802 1104 πιστοτάτους
831 1055 902 1097 καὶ
932 1058 1021 1097 τῶν
1051 1052 1333 1124 ἀκμαζόντων
1362 1057 1554 1096 πολιτῶν

176 1109 442 1162 ἐπιλέξαντες
471 1109 575 1160 τούς
605 1110 663 1166 μὴ
693 1109 1138 1179 συστρατευομένους,
1184 1114 1245 1166 τῷ
1274 1108 1446 1179 Ἀλκέτᾳ
1474 1109 1555 1166 τὴν

174 1165 375 1210 ἐπίθεσιν
391 1166 680 1236 ἐποιήσαντο
694 1168 803 1210 κατὰ
829 1167 908 1222 τὴν
938 1165 1156 1210 άπουσίαν
1183 1171 1273 1209 τῶν
1300 1166 1426 1209 νέων.
1468 1170 1554 1219 ζω-

172 1227 332 1292 γρῆσαι
359 1223 437 1280 μὲν
466 1231 550 1267 οὑν
576 1222 713 1267 αὐτόν
742 1222 797 1267 ού
825 1225 1131 1292 κατίσχυσαν,
1155 1222 1322 1278 ἔφθασε
1353 1223 1436 1278 γάρ
1469 1222 1550 1266 αὑ-
1582 1220 1636 1263 85

173 1280 251 1322 τὸν
291 1280 681 1336 διαχειρισάμενος,
729 1280 848 1332 ὅπως
886 1283 958 1349 μὴ
986 1284 1072 1333 ζῶν
1102 1278 1352 1335 υποχείριος
1378 1279 1555 1335 γένηται

173 1340 268 1387 τοῖς
293 1339 541 1392 πολεμίοις,
590 1337 640 1380 τό
672 1336 718 1380 δε
748 1341 872 1391 σῶμα
902 1336 1041 1381 αὐτοῦ
1065 1336 1215 1387 θέντες
1242 1337 1310 1380 ἐπὶ
1340 1338 1555 1380 κλινίδιον

176 1409 249 1436 και
278 1393 749 1448 συγκατακαλύψαντες
778 1393 940 1437 ευτελεῖ
966 1395 1152 1463 τρίβωνι
1180 1410 1291 1436 κατα
1315 1393 1392 1444 τὰς
1411 1393 1553 1444 πύλας

174 1448 428 1520 ἐξήνεγκαν,
479 1450 552 1493 καὶ
590 1450 803 1500 λαθόντες
831 1450 935 1501 τούς
964 1448 1304 1504 άκροβολιζομέι
1307 1466 1384 1500 ους
1411 1450 1550 1503 παρέ,
1580 1480 1635 1520 90

173 1508 322 1549 δωκαν
347 1504 591 1577 Ἀντιγόνῳ.
651 1506 723 1549 διά
754 1507 800 1550 δὲ
829 1510 905 1562 τῆς
934 1507 1047 1557 ἰδίας
1075 1506 1270 1556 ἐπινοίας
1287 1506 1334 1549 ἐκ
1354 1522 1443 1549 των
1461 1523 1552 1549 κιν-
1580 1536 1636 1575 47

173 1562 322 1606 δύνων
345 1562 589 1617 ἐξελόμενοι
616 1563 695 1631 τὴν
724 1566 925 1616 πατρίδα,
956 1563 1034 1605 τόν
1042 1562 1141 1618 μὲν
1164 1560 1359 1632 πόλεμον
1383 1560 1551 1632 cinaei:

171 1625 331 1670 ψαντο,
361 1618 443 1674 τήν
474 1619 520 1663 δὲ
544 1618 655 1676 πρὸς
684 1636 790 1671 τους
818 1619 947 1670 νέους
976 1617 1284 1674 ἀλλοτριότητα
1313 1624 1470 1673 φυγεῖν
1495 1616 1550 1663 οὐ

172 1677 449 1731 κατίσχυσαν.
520 1677 646 1719 οὑτοι
684 1676 767 1746 γὰρ
806 1674 893 1719 άπὸ
932 1679 1008 1732 τῆς
1045 1675 1184 1743 μάχης
1223 1675 1548 1728 ἐπανελθόντες,

171 1732 248 1777 καὶ
272 1733 323 1776 τὸ
351 1732 657 1787 πεπραγμένον
685 1731 964 1783 ἀκούσαντες,
994 1731 1108 1787 πρός
1136 1748 1243 1782 τους
1272 1734 1411 1782 ἰδίους
1440 1730 1550 1803 dm]-
1579 1732 1633 1774 95

172 1787 437 1860 γριῶθησαν
471 1788 545 1832 διὰ
583 1789 664 1858 τήν
696 1790 806 1844 πρὸς
836 1786 1035 1832 Ἀλκέταν
1071 1788 1321 1857 ὑπερβολὴν
1358 1793 1434 1844 τῆς
1474 1805 1549 1832 ευ-

172 1847 310 1896 νοίας
367 1845 443 1890 καὶ
478 1846 554 1888 τό
549 1845 649 1900 μὲν
691 1850 868 1915 πρῶτον
912 1844 1258 1901 καταλαβόμενοι
1305 1845 1436 1901 μέρος
1459 1849 1549 1914 τῆς

171 1900 340 1952 πόλεως
381 1902 651 1972 ἐψηφίσαντο
687 1904 764 1954 τάς
801 1918 881 1957 μεν
909 1903 1048 1952 οἰκίας
1078 1903 1314 1973 ἐμπρῆσαι.
1364 1918 1470 1971 μετα
1500 1901 1548 1945 δὲ

166 1961 264 2001 τῶν
300 1957 448 2002 ὅπλων
485 1958 757 2026 ἐκχυθέντας
783 1959 829 2002 ἐκ
869 1962 944 2013 τῆς
982 1958 1145 2009 πόλεως
1173 1958 1246 2002 καὶ
1264 1962 1349 2027 τῆς
1377 1957 1577 2015 ὀρεινῆς
1580 1961 1659 2000 100

95 2029 163 2065 ξ93
172 2013 407 2084 ἐχομένους
424 2020 613 2069 πορθεῖν
630 2015 710 2071 τὴν
730 2013 811 2058 υπ’
833 2012 1081 2086 Ἀντίγρνον
1096 2013 1357 2070 τεταγμένην
1376 2015 1548 2083 χώραν·

170 2071 360 2124 ὕστερον
389 2071 437 2115 δὲ
464 2072 805 2143 μετανοήσαντες
831 2076 911 2116 τοῦ
941 2073 1020 2128 μὲν
1049 2071 1261 2128 ἐμπρῆσαι
1297 2071 1384 2142 τήν
1418 2070 1550 2115 πόλιν

171 2126 431 2198 ἀπέσχοντο,
459 2127 608 2180 δόντες
637 2127 678 2172 6’
710 2128 894 2180 ἑαυτούς
924 2131 983 2179 εἰς
1012 2130 1209 2198 λῃστείας
1237 2128 1312 2171 καὶ
1335 2131 1549 2182 καταδρο-

169 2184 285 2257 μὰς
294 2184 462 2241 πολλὴν
507 2189 582 2240 τῆς
623 2188 832 2240 πολεμίας
875 2185 1022 2240 χώραν
1059 2185 1368 2252 κατέφθειραν.
1428 2184 1451 2228 ὁ
1499 2183 1548 2228 δ

179 2243 417 2310 Αντίγονος
445 2242 713 2297 παραλαβων
742 2241 792 2285 τὸ
823 2246 947 2310 σῶμα
985 2241 1059 2285 καὶ
1088 2240 1448 2312 καταικισάμενος
1476 2240 1544 2284 ἐπὶ
1574 2241 1601 2284 5

173 2302 288 2348 τρεῖς
299 2296 487 2365 ἡμέρας,
515 2298 590 2342 καὶ
620 2303 701 2342 τοῦ
729 2303 891 2353 νεκροῦ
911 2301 1045 2354 σηψιν
1070 2297 1296 2353 λαβόντος,
1329 2296 1453 2353 ἀφεὶς
1471 2295 1547 2341 αὐ.-

174 2351 253 2396 τόν
291 2352 484 2409 ἄταφον,
533 2353 754 2407 ἀνέζευξεν
794 2355 840 2398 ἐκ
875 2359 951 2411 τῆς
988 2357 1343 2424 Πισιδικῆς.οῑ
1380 2354 1425 2398 δὲ
1457 2358 1547 2396 τῶν

180 2411 462 2466 Τερμησσέων
497 2410 589 2455 νέοι
628 2410 919 2469 φυλάττοντες
951 2428 1030 2468 την
1058 2410 1171 2468 πρὸς
1198 2410 1277 2455 τόν
1308 2409 1546 2471 ήκισμένον

173 2577 233 2614 66.
258 2577 295 2613 δι
301 2575 326 2623 ']
350 2575 390 2614 δ’
401 2579 484 2614 Bas·
619 2581 678 2616 Ἡ.
702 2580 1120 2627 npogssaio'vaQVW,
1132 2577 1543 2626 οιιοίεῐίπροςβάλλοντα

266 2625 326 2659 72.
370 2624 668 2671 προαγαγόμενον
691 2629 783 2672 FQx
788 2630 849 2667 W.
877 2629 1005 2663 caeteri
1028 2629 1303 2674 προςαγόμενον
1483 2625 1542 2660 92·

171 2666 428 2726 ἀπετρίψαντο
454 2672 725 2719 Wesselingiusx
742 2675 824 2710 libri
849 2673 1126 2719 ἀπεστρέψαντο
1288 2674 1346 2708 93.
1379 2684 1423 2707 ου
1446 2673 1546 2706 κατί-

173 2717 333 2762 σχυσαν]
358 2714 426 2753 ουίι
449 2717 596 2763 ἴσχυσαν
618 2720 649 2755 F
808 2721 980 2757 99.100.
1027 2717 1491 2765 ἐκχυθέντες-ἐχομένοις
1513 2717 1544 2752 F

263 2785 345 2821 293.
379 2785 414 2821 ⁷.
459 2787 690 2832 τερμησσέων
716 2790 758 2834 F,
788 2789 1017 2834 Τερμισσὲων
1041 2790 1100 2832 W,
1124 2790 1251 2825 caeteri
1281 2785 1500 2834 Τερμησέων
