1820 3249
573 100 687 142 LIB.
717 94 856 140 xV11.‘
903 97 1033 140 cAP.
1064 103 1131 143 46.
1421 101 1531 144 1179

165 227 247 254 νον
276 211 673 282 ὁμογνωμονοῦντα
704 210 852 266 λαβών
876 208 1089 265 Ἀμύνταν
1106 210 1183 255 τόν
1209 209 1532 265 Ἀνδρομένους,
1564 218 1618 257 60

165 269 298 312 πάλιν
335 269 444 323 πρός
471 266 560 337 τήν
595 269 851 320 πολιορκίαν
890 266 1100 320 ἐτρέπετο.
1158 267 1459 320 παρακαλέσας
1489 269 1533 312 δὲ
1563 274 1619 313 46

165 325 268 376 τοὺς
305 324 564 374 Μακεδόνας
602 324 763 367 ἑαυτοῦ
801 323 859 379 μή
902 328 1138 379 λειφθῆναι
1175 322 1274 367 κατ’
1315 323 1536 377 α’νδρειαν,

164 381 332 432 απάσας
370 381 447 431 τάς
484 385 592 431 ναῦς
630 385 874 435 πολεμικῶς
893 380 1233 450 κατασκευάσας
1275 381 1538 436 προςέβαλλε

164 443 254 490 τοῖς
282 440 459 507 τείχεσιν
489 437 688 492 έκθύμως
718 436 826 480 κατὰ
855 440 938 505 γῆν
967 436 1055 491 ἅμα
1077 438 1150 480 καὶ
1172 454 1280 480 κατα
1299 437 1535 481 θάλατταν.
1567 443 1620 484 65

163 496 433 564 κατανοήσας
476 494 520 563 δὲ
559 494 657 547 περὶ
696 494 747 537 τοὶ
789 492 950 547 νεώρια
977 493 1024 537 τὸ
1058 499 1196 549 τεῖχος
1226 493 1538 547 ἀσθενέστερον

163 550 385 620 ὑπάρχον,
416 550 557 603 τούτῳ
587 566 830 618 προςηγαγε
859 552 935 601 τὰς
963 550 1155 605 τριήρεις
1185 550 1433 605 έζευγμένας
1463 550 1536 593 καὶ

163 609 384 663 φερούσας
413 607 486 657 τὰς
517 595 860 662 αξιολογωτάτας
889 607 1091 662 μηχανάς.
1143 607 1337 650 ἐνταῦθα
1361 607 1406 650 δὲ
1426 606 1537 650 ἐτόλ-

161 676 296 720 μησεν
345 663 670 708 ἐπιτελέσασθαι
713 666 870 716 πρᾶξιν
922 663 1025 707 οὐδὲ
1065 663 1214 713 αὐτοῖς
1255 668 1347 714 τοῖς
1397 661 1537 716 ὁρῶσι
1566 671 1620 710 70

160 720 491 776 πιστευομένην·
541 720 785 777 ἐπιβαθραν
813 737 898 775 γαρ
931 719 1014 763 ἀπὸ
1045 725 1121 764 τοῦ
1152 722 1332 772 ξυλίνου
1362 718 1536 774 πύργου

160 782 252 828 τοῖς
287 781 362 832 τῆς
401 777 564 830 πόλεως
603 780 784 832 τείχεσιν
825 776 1064 847 ἐπιβαλών,
1112 776 1184 820 διὰ
1214 776 1372 846 ταύτης
1402 777 1538 832 μόνος

158 834 286 889 ἐπέβη
315 837 376 894 τῷ
392 836 552 904 τείχει,
593 834 692 877 οὔτε
721 833 798 877 τόν
829 832 915 877 ἀπο
947 839 1021 889 τῆς
1050 832 1179 903 τύχης
1209 831 1385 889 φθόνον
1414 833 1538 876 εὐλα-

160 892 311 960 βηθεὶς
348 879 457 934 οὕτε
500 890 580 946 τὴν
620 895 708 934 τῶν
752 893 924 944 Τυρίων
973 890 1196 946 δεινότητα
1234 892 1534 944 καταπλαγείς,

160 946 270 990 ἀλλὰ
292 947 386 1016 τήν
421 947 831 1002 καταγωνισαμένην
867 964 971 998 τους
1004 948 1178 1001 Πέρσας
1208 946 1397 1002 δύναμιν
1427 947 1535 1002 εχων
1564 950 1618 990 75

158 1001 332 1055 θεωρὸν
365 1008 441 1059 τῆς
479 1005 590 1054 ἰδίας
629 1003 927 1058 ανδραγαθίας
963 1010 1052 1054 τοῖς
1090 1005 1169 1059 μὲν
1210 1003 1360 1054 α’λλοις
1390 1008 1535 1047 Μακε-

159 1059 284 1103 δόσιν
319 1059 582 1103 ἀκολουθεῖν
617 1059 897 1114 προςέταξεν,
949 1059 1082 1112 αὐτὸς
1121 1061 1166 1103 δὲ
1204 1059 1536 1129 καθηγούμενος

159 1121 247 1160 τῶν
277 1117 336 1167 εἰς
367 1121 512 1171 χεῖρας
551 1117 817 1188 βιαζομένων
845 1133 948 1168 τους
978 1117 1056 1172 μὲν
1085 1121 1146 1174 τῷ
1177 1116 1329 1170 δόρατι
1356 1134 1459 1167 τους
1489 1117 1534 1160 δὲ

158 1177 212 1230 τῇ
242 1175 430 1230 μαχαίρᾳ
466 1173 641 1217 τύπτων
671 1172 939 1217 απέκτεινεν·
987 1175 1131 1224 ἐνί-ους
1161 1173 1201 1216 δ’
1242 1172 1353 1229 αὐτῆ
1382 1177 1434 1229 τῇ
1464 1189 1535 1216 πε-
1566 1178 1619 1217 80

161 1231 358 1288 ριφερεία
388 1233 468 1302 τῆς
512 1229 696 1281 ἀσπίδος
736 1229 987 1283 ανατρέπων
1025 1230 1213 1285 ἐπισχεῖν
1251 1233 1341 1284 τοῦ
1371 1232 1538 1273 πολλοῦ

159 1287 355 1341 θράσους
383 1286 571 1358 ἐποίησε
585 1287 688 1338 τοὺς
718 1289 965 1342 πολεμίους.
1016 1286 1105 1357 ἅμα
1130 1287 1174 1330 δὲ
1205 1285 1377 1337 τούτοις
1406 1302 1538 1338 πρατ-

159 1344 358 1398 τομένοις
397 1342 504 1386 καθ’
548 1343 696 1414 ἕτερον
733 1344 862 1413 μέρος
901 1343 924 1387 6
964 1344 1087 1396 κριὸς
1126 1342 1299 1386 τύπτων
1329 1343 1537 1399 κατέβαλε

159 1399 272 1443 πολὺ
303 1401 434 1455 μέρος
466 1404 543 1443 τοῦ
565 1402 758 1470 τείχους·
791 1399 862 1443 δια
895 1399 939 1443 δε
969 1404 1050 1444 τοῦ
1070 1399 1304 1455 πτώματος
1328 1400 1537 1450 εἰςπεσόν-

159 1473 246 1499 των
273 1461 362 1499 τῶν
393 1456 683 1506 Μακεδόνων,
715 1457 789 1499 καὶ
817 1461 905 1499 τῶν
933 1457 1032 1511 περὶ
1049 1457 1127 1499 τόν
1152 1456 1434 1510 Ἀλέξανδρον
1464 1455 1536 1500 δια
1568 1455 1622 1497 85

160 1517 236 1568 τῆς
267 1512 506 1569 ἐπιβάθρας
545 1514 791 1582 διαβάντων
822 1513 890 1556 ἐπὶ
927 1512 976 1555 vd
1017 1519 1179 1583 τεῖχος,
1231 1512 1258 1568 ἡ
1296 1512 1374 1568 μὲν
1414 1513 1539 1563 πόλις

160 1572 442 1625 κατείληπτο,
493 1571 537 1613 οἱ
577 1571 622 1613 δὲ
667 1569 824 1624 Τύριοι
860 1569 969 1621 πρὸς
1004 1568 1142 1625 αλκὴν
1193 1570 1424 1623 τραπέντες
1463 1570 1538 1612 καὶ

161 1626 541 1679 παρακαλέσαντες
571 1625 806 1696 ἀλλήλους,
854 1626 1095 1681 ἐνέφραξαν
1134 1643 1239 1675 τους
1276 1626 1535 1677 στενωπούς,

110 1712 114 1720 -
160 1684 234 1726 καὶ
264 1682 501 1738 μαχόμενοι
530 1682 643 1738 πλὴν
673 1682 832 1737 ὀλίγων
863 1682 1049 1734 ἅπαντες
1069 1682 1383 1738 κατεκόπησαν,
1416 1682 1538 1732 ὄντες
1568 1690 1621 1730 90

160 1742 334 1791 πλείους
374 1743 462 1783 τῶν
500 1739 836 1795 έπτακιςχιλίων.
909 1739 930 1782 6
972 1740 1016 1783 δὲ
1055 1739 1257 1795 βασιλεύς
1293 1739 1423 1782 τέκνα
1458 1740 1538 1794 μὲν

160 1797 232 1840 καὶ
261 1801 470 1852 γυναῖκας
501 1795 918 1852 ἐξηνδραποδίσατο,
958 1796 1062 1847 τούς
1093 1796 1137 1839 δὲ
1166 1797 1295 1846 νέους
1325 1795 1535 1846 ἅπαντας,

161 1852 291 1904 ὄντας
328 1852 411 1896 οὐκ
450 1853 652 1903 ἐλάττους
680 1857 769 1896 τῶν
799 1855 1035 1908 διςχιλίων,
1081 1852 1301 1907 ἐκρέμασε.
1361 1852 1538 1907 σώματα

161 1909 207 1953 δ’
238 1909 482 1965 αἰχμάλωτα
510 1913 702 1953 τοσαῦτα
732 1909 779 1953 τό
811 1914 978 1979 πλῆθος
1009 1908 1167 1978 εὑρέθη
1191 1909 1292 1960 ὤςτε
1311 1913 1398 1951 τῶν
1423 1910 1538 1952 πλεί-

163 1978 276 2010 στων
305 1968 364 2018 εἰς
393 1966 654 2022 Καρχηδόνα
682 1968 1003 2022 κεκομισμένων
1031 1983 1083 2009 τα
1112 1965 1437 2020 ὑπολειφθέντα
1472 1982 1536 2034 γε-
1565 1970 1619 2013 95

161 2024 317 2066 νέσθαι
358 2025 491 2066 πλείω
526 2027 615 2066 τῶν
655 2025 825 2078 μυρίων
853 2024 926 2066 καὶ
957 2025 1208 2079 τριςχιλίων.
1274 2023 1430 2074 Τύριοι
1460 2022 1539 2076 μὲν

164 2082 247 2123 οὐν
282 2079 588 2135 γενναιότερον
628 2085 796 2134 μᾶλλον
832 2079 863 2137 ἢ
901 2081 1233 2151 φρονιμώτερον
1271 2078 1538 2130 ὑποσταντες

162 2136 241 2192 τὴν
268 2139 526 2192 πολιορκίαν
542 2135 776 2188 τοσαύταις
795 2136 1049 2191 περιέπεσον
1071 2141 1343 2207 συμφοραῖς,
1362 2141 1537 2189 πολιορ-

163 2193 369 2248 κηθέντες
406 2197 545 2250 μῆνας
579 2191 695 2237 επτά.
755 2193 777 2236 6
811 2193 856 2237 δε
886 2192 1098 2264 βασιλευς
1116 2197 1196 2236 τοῦ
1227 2210 1305 2261 μεν
1333 2191 1536 2237 Ἀπόλλω-
1569 2197 1650 2237 100

163 2265 240 2299 νος
275 2249 353 2300 τάς
387 2254 556 2319 χρυσᾶς
589 2248 736 2304 σειρας
772 2251 845 2293 καὶ
881 2250 934 2293 τὰ
968 2250 1102 2305 δεσμοὶ
1133 2247 1434 2303 περιελόμενος
1464 2265 1542 2291 πα-

165 2305 386 2360 ρήγγειλεν
415 2305 646 2360 ὀνομαζειν
678 2306 756 2350 τὸν
775 2307 884 2355 θεὸν
902 2311 1062 2350 τοῦτον
1077 2305 1270 2350 Ἀπόλλω
1293 2305 1542 2375 φιλαλέξαν-

165 2365 296 2415 δρον·
327 2367 386 2421 τῷ
417 2362 462 2407 δὲ
488 2362 695 2418 Ηρακλεῖ
717 2368 1052 2420 μεγαλοπρεπεῖς
1080 2365 1238 2415 θυσίας
1270 2362 1540 2414 συντελέσας,

253 2508 332 2543 195.
367 2509 424 2544 64.
468 2509 712 2566 προςέβαλλε]
739 2509 980 2570 προςεβάλετο
1013 2512 1075 2546 FL
1267 2509 1324 2543 67.
1371 2505 1541 2553 υποὲρχθν

163 2554 234 2596 FL,
258 2555 382 2589 caeteri
406 2551 583 2600 ν’παρχειν
766 2560 824 2591 (59.
871 2557 1062 2602 ενταῦθα]
1087 2555 1126 2592 ἐν
1152 2554 1306 2596 ταύταις
1329 2567 1449 2590 omnes

185 2599 451 2682 ⁸mssgvgnmaev
474 2603 585 2682 ΗΊΥ,
616 2604 782 2696 (Ξῖῗίὲτίλι
775 2603 902 2685 τόλμὲι
987 2653 1080 2685 λλων
1095 2603 1166 2683 {Oh
1201 2600 1540 2687 αύτοῖςὸἕοτνῃέἑιὲιὲ

162 2647 233 2728 {⁰²²
255 2693 420 2774 ῑέἶκῑῧθες]
455 2672 596 2728 iuven-:it
617 2664 685 2786 F]¹
715 2664 736 2684 α
761 2648 1134 2738 mvjfi'lmqffi‘itavtag
1133 2695 1213 2740 FL,
1247 2693 1375 2729 caeteri
1398 2659 1540 2732 πεντας

446 2739 643 2780 τοσαύταις
697 2740 888 2785 τοιαύταις
910 2744 942 2777 F
