1820 3249
321 190 433 231 1108
709 187 828 227 Llss.
849 185 960 229 XVI
999 187 1130 230 GAP.
1157 190 1224 231 72.
1243 192 1312 231 73.

323 297 455 344 πόλιν
489 297 648 351 Ἱκέτας
689 297 1011 355 καταπεφεύγει
1047 300 1152 355 μετὰ
1193 298 1417 355 δυνάμεως
1454 295 1700 369 ἀξιολόγου.

322 356 373 401 τὸ
401 356 481 413 μὲν
509 361 593 400 οὐν
622 359 798 411 πρῶτον
823 357 1061 413 προςέβαλε
1091 362 1142 413 τῇ
1165 358 1261 411 Νέᾳ
1285 356 1530 425 καλουμένῃ
1555 355 1699 399 πόλει·

241 415 295 460 85
325 414 431 470 μετὰ
460 412 506 457 65
533 417 671 456 ταῦτα
700 416 876 456 πολλῶν
914 419 1192 467 στρατιωτῶν
1234 415 1281 457 ἐν
1317 430 1369 470 τη
1399 412 1521 455 πόλει
1552 424 1700 466 συγκε-

322 470 607 540 κλεισμένων,
657 471 727 512 καὶ
769 470 929 526 ῥᾳδίως
969 469 1052 513 άπὸ
1099 474 1188 513 τῶν
1216 475 1366 526 τειχῶν
1397 469 1698 537 ἀμυνομένων,

324 526 544 597 α’πρακτος
582 526 815 596 γενόμενος
854 527 976 570 ἔλυσε
1013 526 1094 582 τήν
1129 529 1397 582 πολιορκίαν.
1465 525 1701 578 παρελθών

323 585 371 627 65
411 583 522 637 πρὸς
557 582 686 626 πόλιν
712 582 924 638 ”Εγγυον,
964 585 1323 640 τυραννουμένην
1351 583 1438 626 ὑπὸ
1470 584 1701 652 Λεπτίνου,

322 639 570 696 προςβολάς
598 644 788 710 συνεχεῖς
817 639 1012 689 ἐποιεῖτο,
1043 641 1313 696 βουλόμενος
1343 641 1421 683 τὸν
1449 639 1536 709 μὲν
1552 641 1702 682 Λεπτί-

237 701 294 742 90
323 714 405 753 νην
434 697 629 766 ἐκβαλεῖν
659 696 706 739 ἐκ
734 700 809 752 τῆς
837 695 1017 748 πόλεως,
1047 702 1140 748 τοῖς
1168 697 1211 741 δ’
1232 698 1470 767 Ἐγγυΐνοις
1489 695 1568 752 τήν
1587 697 1700 739 ἐλευ-

322 755 480 824 θερίαν
515 751 786 796 ἀποδοῦναι
832 753 928 807 περὶ
957 757 1093 796 ταῦτα
1123 756 1168 798 65
1200 758 1280 797 τοῦ
1316 753 1601 807 Τιμολέοντος
1631 752 1703 795 ὅν-

322 828 397 860 τος
420 809 578 859 Ικέτας
606 809 823 864 πανδημεὶ
859 809 1122 865 στρατεύσας
1152 812 1198 854 ἐκ
1228 815 1317 854 τῶν
1336 813 1584 854 Λεοντίνων
1606 809 1702 852 ἐπο-

322 866 487 921 λιόρκει
524 883 602 917 τας
639 864 955 919 Συρακούσας·
1005 867 1197 919 πολλοὺς
1236 867 1281 910 65
1309 870 1398 910 τῶν
1427 869 1702 964 στρατιωτῶν

322 922 560 979 ἀποβαλων
603 923 764 978 ταχέως
804 923 1052 980 ἐπανῆλθεν
1092 926 1152 975 εἰς
1188 923 1292 975 τούς
1331 926 1640 972 Λεοντίνους.-

238 982 292 1024 95
324 981 369 1024 65
405 980 628 1036 Τιμολέων
658 982 1039 1036 καταπληξάμενος
1067 982 1145 1024 τόν
1174 982 1404 1036 Λεπτίνην,
1434 983 1593 1023 τοῦτον
1621 977 1701 1033 μὲν

321 1038 607 1080 ὑπόσπονδον
637 1036 868 1091 ἐξέπεμψεν
897 1039 957 1088 εἰς
985 1055 1065 1094 την
1096 1037 1451 1093 Πελοπόννησον,
1483 1034 1700 1080 ἐνδεικνύ-

321 1110 460 1162 μενος
481 1098 573 1144 τοῖς
588 1092 765 1150 Ἐλλησι
793 1095 871 1145 τοὶς
893 1098 980 1138 τῶν
1003 1095 1450 1150 καταπολεμηθέντων
1468 1092 1701 1146 τυράννων

320 1150 565 1200 ἐκπτώσεις.
621 1151 756 1219 οὔσης
794 1151 840 1194 65
876 1152 949 1195 καὶ
985 1156 1062 1208 τῆς
1098 1156 1188 1195 τῶν
1221 1151 1579 1195 Ἀπολλωνιατῶν
1615 1147 1701 1192 πό-

215 1218 291 1257 100
319 1214 427 1258 ’λεως
463 1206 550 1251 ὑπὸ
588 1207 667 1250 τὸν
711 1209 951 1280 Λεπτίνην,
988 1209 1259 1265 παραλαβων
1287 1209 1367 1265 τήν
1389 1207 1700 1256 Ἀπολλωνίαν,

320 1264 458 1321 ταύτῃ
498 1280 542 1307 τε
581 1265 656 1307 καὶ
692 1281 744 1321 τῃ
783 1269 872 1308 τῶν
899 1265 1136 1322 Ἐγγυΐνων
1173 1266 1368 1309 ἀπέδωκε
1405 1281 1486 1321 την
1517 1261 1702 1306 αὐτονο-

237 1329 294 1369 73
323 1324 440 1378 μίαν.
507 1320 807 1377 ἀπορούμενος
854 1323 901 1365 65
947 1323 1180 1379 χρημάτων
1228 1325 1286 1373 είς
1323 1339 1400 1372 τας
1437 1324 1526 1364 τῶν
1567 1320 1700 1388 ξένων

320 1379 632 1450 μισθοδοσίας,
674 1378 937 1429 ἐξαπέστειλε
977 1380 1241 1435 στρατιώτας
1280 1381 1445 1434 χιλίους
1485 1379 1590 1431 μετὰ
1614 1379 1701 1418 τῶν

264 1440 289 1482 5
321 1434 676 1503 ἀξιολογωτάτων
707 1433 936 1490 ἡγεμόνων
963 1439 1021 1487 εἰς
1050 1438 1129 1505 vij
1157 1440 1244 1479 τῶν
1276 1436 1599 1505 Καρχηδονίων
1617 1433 1702 1476 ἐπι-

319 1490 537 1562 κράτειαν.
595 1493 722 1535 οὑτοι
752 1493 797 1536 65
827 1493 993 1549 πολλήν
1022 1494 1168 1550 χώραν
1187 1492 1500 1548 πορθησάντες,
1531 1490 1604 1533 καὶ
1630 1494 1700 1531 λα-

321 1548 479 1604 φύρων
516 1552 685 1604 πλῆθος
724 1551 997 1603 κομίσαντες,
1042 1551 1303 1605 παρέδωκαν
1340 1552 1400 1608 τῷ
1434 1547 1700 1602 Τιμολέοντι.

317 1606 342 1649 ὁ
384 1606 429 1649 65
470 1605 863 1677 λαφυρρπωλήσας
889 1607 967 1663 τὴν
1006 1610 1125 1651 λείαν
1161 1608 1234 1650 καὶ
1270 1595 1504 1678 χρημάτων
1533 1607 1777 1658 πληθος139

297 1662 558 1717 ἀθροίσας,
613 1662 747 1705 ἔδωκε
791 1668 883 1714 τοῖς
928 1665 1237 1735 μισθοφόροις
1266 1666 1327 1714 εἰς
1365 1664 1498 1706 πλείω
1535 1659 1700 1729 χρόνον

233 1729 285 1768 10
314 1736 419 1770 τους
448 1717 645 1774 μισθούς.
706 1719 914 1791 ἐκράτησε
944 1721 990 1764 65
1022 1722 1095 1764 καὶ
1129 1725 1205 1776 τῆς
1227 1719 1463 1774 Ἐντέλλης,
1493 1719 1568 1761 καὶ
1595 1715 1700 1767 τούς

314 1794 368 1820 τα
398 1777 715 1831 Καρχηδονίων
753 1776 937 1830 μάλιστα
978 1782 1260 1833 φρονοῦντας
1286 1777 1592 1820 πεντεκαίδεκα
1621 1779 1700 1816 θα-

314 1832 524 1887 νατῶσας
552 1838 644 1884 τοῖς
682 1832 832 1884 ἄλλοις
872 1834 1074 1888 ἀπένειμε
1109 1834 1190 1890 τήν
1220 1835 1484 1887 ἐλευθερίαν.
1541 1834 1623 1874 τοῦ
1653 1830 1699 1873 65

319 1891 607 1944 Τιμολέοντος
649 1888 894 1957 αὐξομένου
924 1908 975 1948 τη
1005 1908 1049 1934 τε
1080 1891 1261 1946 δυνάμει
1291 1891 1365 1933 καὶ
1394 1894 1448 1946 τῇ
1477 1905 1588 1931 κατα
1617 1903 1698 1955 την

317 1948 593 2016 στρατηγίαν
611 1944 736 2003 δόξῃ,
777 1965 822 1990 αι
851 1949 929 2017 μὲν
955 1949 1200 2004 Ελληνίδες
1230 1946 1376 1998 πόλεις
1407 1964 1451 1989 αι
1478 1946 1588 1988 κατὰ
1615 1960 1698 1999 την

233 2006 285 2049 15
318 2006 527 2048 Σικελίαν
567 2001 731 2046 ἅπασαι
769 2004 1013 2078 προθύμως
1042 2005 1320 2075 ὑπετάγησαν
1349 2007 1410 2061 τῷ
1445 2001 1697 2057 Τιμολέοντι

315 2061 388 2104 διὰ
418 2061 466 2103 τὸ
496 2059 655 2110 πάσαις
683 2076 759 2111 τας
791 2061 1057 2116 αὐτονομίας
1089 2061 1369 2112 ἀποδιδόναι,
1415 2064 1503 2102 τῶν
1533 2058 1579 2101 65
1609 2061 1696 2099 Σι-

315 2122 454 2161 κελῶν
482 2117 557 2160 καὶ
587 2119 799 2160 Σικανῶν
829 2119 901 2161 καὶ
923 2118 1172 2167 τῶνξᾶλλων
1187 2123 1272 2161 τῶν
1291 2117 1377 2161 ὑπό
1397 2117 1501 2165 τοὺς
1521 2118 1697 2182 Καρχη-
1722 2150 1726 2153 ,

317 2176 495 2225 δονίους
521 2173 791 2228 τεταγμένων
814 2177 969 2219 πολλαὶ
994 2174 1353 2231 διεπρεσβεύοντο
1375 2172 1535 2223 πόλεις,
1569 2169 1698 2213 σπεύ-

230 2236 284 2274 20
317 2235 476 2274 δουσαι
496 2235 844 2301 παραληφθηναι
862 2232 972 2286 πρός
993 2249 1072 2288 την
1091 2233 1349 2301 συμμαχίαν.
1395 2227 1696 2283 Καρχηδόνιοι

317 2289 363 2332 65
391 2287 497 2340 τοὺς
523 2286 633 2331 κατὰ
662 2287 742 2344 τὴν
764 2292 973 2333 Σικελίαν
993 2289 1264 2346 στρατηγοὺς
1295 2285 1481 2344 ὁρῶντες
1505 2284 1696 2342 ἀγεννῶς

311 2458 369 2492 85.
417 2458 494 2492 τῶν
525 2459 676 2503 τειχῶν]
721 2461 848 2505 τειχῶν
880 2460 962 2495 Bas.
1147 2459 1235 2493 87.
1272 2456 1452 2502 ’'Eyyvov]
1488 2452 1625 2500 ’Έγυου
1650 2454 1695 2497 Χ,

311 2506 490 2560 Engyz‘um
523 2506 654 2548 Cospus
838 2508 895 2541 90.
941 2506 1021 2552 ’γΕγ
1023 2506 1142 2546 υΐνοις
1158 2505 1423 2550 Wessefinghm,
1445 2503 1628 2549 Ἐγυινοῖς
1649 2502 1693 2542 Χ,

312 2551 442 2585 caeteri
472 2547 685 2596 Ἐγγνηνοῖς
874 2553 932 2587 96.
982 2550 1050 2598 τήν
1082 2564 1150 2587 om.
1181 2553 1212 2585 F
1244 2553 1328 2585 Bas.
1522 2550 1580 2583 99.
1627 2548 1695 2582 τόν

312 2598 520 2640 Λεπτίνην]
566 2600 749 2643 Λεπτίνην
782 2600 844 2633 FT
878 2601 956 2634 Bas.
1150 2598 1229 2632 100.
1278 2594 1472 2642 Έγγυΐνων
1508 2597 1604 2630 Wess
1608 2595 1695 2628 eflin-

313 2644 412 2688 gius.
439 2645 520 2676 limi
542 2641 759 2688 Εγγυηνῶν,
784 2647 954 2689 Fmryinis
978 2645 1210 2689 C‹›sp¹1.=,qui
1234 2656 1268 2678 v.
1295 2645 1351 2678 00.
1377 2643 1604 2688 praeterierat

406 2691 440 2723 ὃ
488 2692 756 2735 μισθοδοσίας]
782 2705 845 2735 μισ
828 2693 1082 2730 οθαποδοσίας
1103 2692 1198 2734 FLQ

406 2747 576 2782 139.1(».
623 2747 749 2788 πόλεις
773 2748 1018 2792 σπεύδουσαι]
1045 2746 1169 2787 πόλεις
1194 2752 1228 2781 et
1251 2748 1342 2791 quod
1366 2750 1444 2791 post
1468 2744 1695 2781 σπεύδουσαι

313 2792 443 2826 addunt
474 2793 554 2826 libri
584 2794 696 2830 παλιν
717 2796 891 2831 asteriscis
914 2795 1050 2830 notavit
1074 2795 1269 2839 Stephanus
1475 2805 1570 2836 προς
1599 2791 1693 2825 LTY

312 2840 410 2881 1555,
432 2840 558 2873 caetezi
583 2842 633 2881 εἰς
