1820 3249
540 201 657 257 LlB.
687 199 816 241 xVu.
875 197 1014 240 CAP.
1046 200 1114 241 87.
1144 203 1213 242 88.
1460 203 1567 263 1221

299 312 392 358 Ἐπ’
416 310 634 384 ἄρχοντος
664 310 706 354 δ’
731 309 940 368 Ἀθήνησι
966 309 1190 380 Χρέμητος
1214 309 1421 369 Ῥωμαῖοι
1449 312 1567 357 κατέ·
1596 321 1653 362 87

187 383 350 441 στησαν
399 369 596 420 υπάτους
634 366 836 412 Πόπλιον
874 367 1127 438 Κορνήλιον
1165 367 1240 410 καὶ
1282 369 1434 411 Αὐλον
1472 374 1568 414 Πο-

188 427 412 498 στούμιον.
469 427 536 470 ἐπὶ
581 425 627 469 δὲ
666 425 838 468 τούτων
878 423 1157 477 Ἀλέξανδρος
1194 424 1241 467 ἐν
1281 428 1334 482 τῇ
1379 427 1567 478 Ταξίλου

186 485 307 542 χώρᾳ
338 480 685 554 προςαναλαβών
719 481 800 536 την
838 481 1025 535 δύναμιν
1053 479 1336 535 ἐστράτευσεν
1364 481 1434 524 ἐπὶ
1466 486 1565 526 Πω-
1595 488 1651 532 55

185 559 269 596 ρον
305 541 382 584 τόν
420 544 508 584 τῶν
545 539 857 595 πλησιοχώρων
890 521 1040 581 Ἰνδῶν
1087 537 1279 592 βασιλέα.
1349 540 1478 589 οὑτος
1520 539 1564 583 δ’

185 596 275 670 εἶχε
297 595 450 650 πεζους
479 597 558 651 μὲν
586 597 762 646 πλείους
791 599 878 638 τῶν
906 596 1301 649 πεντακις-μυρίων,
1343 596 1485 646 ἱππεῖς
1517 596 1564 640 δὲ

182 654 280 710 περὶ
308 655 587 724 τριςχιλίους,
623 651 795 707 ἅρματα
825 652 871 696 δὲ
901 654 1031 695 πλείω
1060 656 1146 695 τῶν
1174 652 1345 707 χιλίων,
1377 651 1563 706 ἐλέφαν-

181 728 259 762 τοις
296 710 342 755 δὲ
379 709 534 754 ἑκατὸν
562 709 635 753 καὶ
665 708 916 762 τριάκοντα.
973 708 1201 778 ἐπεποίητο
1235 708 1280 752 δὲ
1308 708 1382 752 καὶ
1411 708 1562 763 ἕτερον

179 771 266 811 τῶν
295 770 450 824 πλησιο
480 766 607 821 ὥρων
636 765 816 819 βασιλέα
847 764 1088 835 σύμμαχον,
1122 764 1169 816 ὃς
1193 762 1437 819 ωνομοῖζετο
1466 765 1561 821 Ἐμ-
1593 772 1648 814 60

179 826 383 893 βίσαρος,
427 840 520 893 εχε
542 823 587 867 δὲ
624 822 814 875 δύναμιν
845 820 899 866 οὐ
929 822 1042 866 πολυ
1075 822 1335 891 λειπομένην
1372 825 1450 878 τῆς
1478 826 1561 866 τοῦ

177 881 361 934 Πώρου
420 878 444 924 ὁ
475 878 520 924 δ’
552 877 835 933 Ἀλέξανδρος
865 877 1060 931 οἰκούσας
1087 882 1246 924 τοῦτον
1275 878 1352 923 τὸν
1380 878 1561 949 βασιλέα

177 938 487 1009 τετρακοσίους
517 934 689 992 ἀπέχειν
728 937 956 988 σταδίους,
1004 937 1145 989 ἔκρινε
1174 934 1261 991 πρὸ
1292 939 1373 1006 τῆς
1395 934 1558 980 τούτου

175 995 424 1065 παρουσίας
464 993 684 1048 ἐπιβαλεῖν
722 997 783 1051 τῷ
826 993 985 1063 Πώρῳ.
1044 994 1296 1065 ἐγγίσαντος
1334 992 1380 1036 δὲ
1419 991 1559 1038 αὐτοῦ

176 1056 271 1101 τοῖς
297 1048 448 1101 Ἰνδοῖς
477 1049 502 1094 ὁ
535 1053 695 1102 Πῶρος
723 1039 977 1119 πυθόμενος
1005 1052 1191 1106 πλησίον
1221 1046 1333 1093 εἶναι
1362 1048 1465 1101 τούς
1484 1067 1558 1094 πο·
1588 1054 1644 1096 65

174 1107 375 1177 λεμίους,
422 1105 560 1157 εὐθὺς
589 1106 751 1158 ἐξέταξε
781 1107 859 1162 τὴν
890 1105 1104 1161 δύναμιν,
1146 1107 1218 1151 καὶ
1247 1122 1352 1157 τους
1381 1106 1460 1162 μὲν
1476 1108 1559 1150 ἰπ-

172 1168 269 1218 πεῖς
309 1162 378 1206 ἐπὶ
407 1179 461 1207 τα
491 1163 649 1217 κέρατα
679 1163 912 1217 διεμέρισε,
956 1163 1060 1215 τούς
1091 1162 1133 1206 δ’
1163 1163 1400 1217 ἐλέφαντας
1428 1176 1559 1208 κατα-’-

171 1223 416 1276 πληκτικῶς
443 1218 794 1291 κεκοσμημένους
822 1218 933 1264 κατὰ
961 1221 1161 1274 μέτωπον
1188 1219 1234 1264 ἐν
1257 1221 1368 1271 ἴσοις
1386 1220 1557 1276 διαστή·

171 1282 307 1350 μασιν
336 1277 526 1332 ἔστησεν.
585 1275 670 1319 ἀνοὶ
698 1276 832 1330 μέσον
859 1276 906 1320 δὲ
933 1281 1022 1321 τῶν
1053 1279 1227 1348 θηρίων
1252 1275 1358 1328 τούς
1375 1279 1557 1330 λοιποὺς
1585 1288 1641 1328 70

172 1332 353 1391 ὁπλίτας
382 1333 539 1386 ἔταξεν,
577 1330 643 1384 οἷς
674 1333 1018 1405 συντεταγμένον
1047 1329 1103 1390 ἦν
1131 1336 1437 1391 παραβοηθεῖν
1466 1339 1559 1392 τοῖς

172 1386 380 1462 θηρίοις
388 1391 463 1434 καὶ
504 1388 765 1434 διακωλύειν
802 1389 849 1434 ἐκ
886 1394 975 1433 τῶν
998 1393 1211 1461 πλαγίων
1242 1389 1557 1445 εἰςακοντίζειν.

172 1465 200 1504 η
209 1447 301 1517 μὲν
324 1451 408 1490 οὑν
428 1445 508 1503 ὅλη
539 1446 740 1517 σύνταξις
760 1445 904 1491 αὐτῶν
925 1446 1090 1518 ὑπῆρχε
1110 1448 1234 1492 πόλει
1253 1447 1557 1516 παραπλήσιος
1603 1501 1606 1507 ¹
1627 1482 1635 1491 ι

171 1502 254 1574 τὴν
293 1502 534 1558 πρόςοψιν·
563 1502 604 1574 ἡ
623 1520 720 1574 μεν
755 1503 841 1559 γὰρ
879 1507 970 1547 τῶν
1008 1504 1256 1560 ἐλεφαντων
1287 1502 1434 1577 στάσις
1464 1510 1556 1558 τοῖς
1621 1509 1633 1512 ”

169 1559 369 1617 πύργοις,
399 1561 442 1604 οἱ
471 1560 518 1604 δε
547 1557 634 1604 οἶνα
662 1559 799 1630 μέσον
823 1559 993 1604 τούτων
1021 1564 1280 1615 στρατιῶται
1307 1565 1397 1612 τοῖς
1424 1573 1553 1632 μεσο-
1582 1565 1638 1608 75

169 1618 374 1675 πυργίοις
413 1615 650 1671 ὡμοίωντο.
711 1615 735 1660 ὁ
777 1615 822 1660 δ’
858 1616 1137 1686 Ἀλέξανδρος
1171 1616 1446 1687 κατανοήσας
1472 1617 1554 1686 την

169 1678 271 1746 τῶν
293 1674 514 1744 πολεμίων
549 1673 692 1726 τάξιν,
732 1672 842 1726 πρὸς
870 1672 1033 1731 ταύτην
1061 1692 1143 1731 την
1172 1673 1462 1745 διακόσμησιν
1492 1674 1551 1726 οῖ’,ζι

168 1732 297 1782 κείως
325 1729 486 1783 ἐξέταξε
514 1747 595 1786 την
621 1729 826 1800 δύναμιν.
883 1732 1118 1801 γενομένης
1148 1731 1195 1776 δε
1225 1730 1362 1787 μάχης
1391 1730 1440 1775 τὸ
1468 1731 1552 1800 μὲν
1579 1709 1637 1777 88

166 1790 348 1859 πρῶτον
384 1792 475 1839 τοῖς
510 1789 715 1831 ἱππεῦσιν
743 1785 926 1856 α’παντα
944 1788 1116 1856 σχεδὸν
1151 1787 1205 1832 τά
1244 1788 1418 1842 ἅρματα
1457 1792 1548 1831 των
1580 1796 1637 1836 80

166 1842 317 1888 Ἰνδῶν
361 1843 602 1900 διεφθάρη·
652 1842 757 1899 μετὰ
797 1844 842 1888 δὲ
879 1848 1016 1888 ταῦτα
1054 1849 1145 1888 τῶν
1173 1845 1433 1915 ἐλεφάντων
1454 1850 1551 1897 ταῖς

168 1916 243 1945 τε
256 1903 349 1971 τῶν
387 1901 601 1973 σωμάτων
645 1900 880 1970 ὑπεροχαῖς
919 1902 993 1945 καὶ
1031 1907 1125 1953 ταῖς
1170 1900 1330 1972 ἀλκαῖς
1359 1899 1549 1973 δεόντως

167 1957 432 2028 χρωμένων,
455 1974 498 2001 οι
530 1973 610 2013 μεν
638 1955 726 2001 ὑπὸ
758 1963 846 2001 τῶν
860 1960 1052 2029 θηρίων
1063 1959 1424 2030 συμπατούμενοι
1440 1975 1547 2032 μετα

168 2030 259 2057 των
297 2012 443 2057 ὅπλων
483 2013 780 2087 θραυομένων
816 2032 906 2058 των
936 2015 1080 2060 ὀστων
1109 2014 1388 2070 ἀπώλλυντο,
1427 2017 1472 2059 οἷ
1501 2015 1547 2060 δε

166 2075 262 2121 ταῖς
290 2072 584 2126 προνομαίαις
612 2071 1035 2143 περιλαμβανόμενοι
1062 2073 1136 2117 καὶ
1165 2073 1276 2127 πρὸς
1293 2071 1415 2124 ὕψος
1426 2066 1549 2128 ἐξαρέ
1575 2077 1631 2120 85

166 2128 316 2178 θέντες
343 2127 474 2171 πάλιν
503 2128 611 2182 πρὸς
639 2128 719 2184 τήν
747 2133 830 2184 γῆν
858 2127 1100 2200 ηροὶττοντο
1131 2130 1203 2174 καὶ
1225 2131 1385 2180 δεινοῖς
1407 2129 1547 2173 θανά·

166 2200 260 2255 ,τοις
286 2185 592 2239 περιέπιπτον
623 2185 780 2228 πολλοὶ
809 2185 855 2230 δὲ
884 2191 976 2238 τοῖς
997 2185 1152 2231 ὀδοῦσι
1176 2184 1546 2242 συγκεντούμενοι

166 2256 242 2284 και
262 2237 324 2284 δι’
348 2240 464 2291 ὅλων
479 2259 569 2285 των
588 2240 800 2312 σωμάτων
819 2242 1174 2314 τιτρωσκόμενοι
1180 2246 1444 2314 παραχρῆμα
1461 2245 1545 2287 τοῦ
1592 2252 1594 2255 “

169 2297 264 2351 ζῆν
277 2294 590 2351 ἐστερίσκοντο.
647 2296 737 2340 τ’ὦν
756 2298 802 2342 δε
822 2299 1110 2344 Μακεδόνων
1126 2299 1353 2353 εὐρώστως
1385 2299 1543 2355 υπομε-
1570 2308 1626 2348 90

168 2353 338 2396 νόντων
365 2355 414 2398 τὸ
445 2354 605 2404 δεινόν,
634 2355 708 2398 καὶ
736 2355 840 2405 τοὺς
873 2354 958 2399 ανοὶ
987 2357 1120 2416 μέσον
1139 2362 1228 2401 τῶν
1254 2358 1424 2413 θηρίων
1447 2362 1541 2406 ταῖς

168 2410 371 2485 σαρίσαις
409 2409 734 2466 ἀναιρούντων,
779 2411 1015 2469 ἰσόρῤοπος
1043 2417 1110 2471 ἠν
1126 2413 1154 2470 ἡ
1183 2431 1311 2494 μαχη.
1368 2412 1488 2483 μετὰ
1489 2413 1545 2458 δὲ

254 2566 335 2602 28
365 2568 423 2605 60.
467 2557 712 2616 Ἐμβίσαρος]
737 2569 921 2606 Sabisarus
943 2573 1009 2607 cos
995 2583 1075 2615 <pus
1094 2571 1154 2606 Ιιῖο
1178 2576 1211 2607 et
1233 2571 1313 2612 230.
1338 2572 1395 2607 71.

165 2613 222 2646 61.
271 2611 366 2648 3'11·
531 2617 587 2651 64.
636 2614 672 2651 ἐν
652 2619 874 2675 γγίσαντος]
895 2617 1110 2660 ἐπιστάντος
1133 2620 1176 2656 F,
1199 2620 1320 2653 iuud
1310 2632 1367 2664 γρ.
1390 2618 1427 2652 in
1450 2628 1544 2652 mar*

165 2659 248 2704 gine
271 2671 398 2701 ponens
587 2662 645 2696 72.
692 2666 777 2700 ov'v
783 2674 854 2702 nm.
878 2667 961 2703 Bas.
1029 2676 1032 2679 ·
1086 2699 1088 2702 ,
1143 2656 1236 2699 80.-
1259 2667 1335 2700 τῶν
1357 2684 1402 2689 -
1423 2666 1543 2710 ταῦτα

164 2706 362 2740 σηιΒειε.
523 2707 676 2742 81.τε-
688 2720 767 2745 om:
781 2712 811 2746 14“
996 2712 1053 2745 81.
1099 2712 1372 2756 προνομαίαις]
1402 2722 1542 2763 προνο-

165 2754 251 2805 μᾱῖς
274 2745 368 2786 FU}
528 2753 586 2786 85·
626 2747 874 2807 ἔξαρθὲύτες]
912 2756 1134 2801 ἐπαρθέντες
1159 2755 1192 2791 Γ,
1348 2757 1407 2792 ⁸10.
1455 2755 1543 2796 τούς

165 2794 239 2832 οἱνοὶ
261 2797 415 2842 μέσον]
434 2809 518 2832 τινα
542 2799 589 2840 14,
624 2800 712 2835 illud
728 2805 790 2849 ἠιρ
811 2804 848 2840 in
872 2805 1031 2850 margine
1055 2815 1182 2848 ponens
1375 2804 1435 2839 91.
1481 2813 1542 2838 σα-

165 2845 302 2887 ’ρίσαις
309 2837 350 2886 F,
373 2844 498 2879 caeteri
523 2845 715 2887 σαρίσσαις
1051 2893 1053 2896 Ι
1097 2892 1102 2909 ι
