<?xml version="1.0" encoding="UTF-8"?>
<!DOCTYPE html PUBLIC "-//W3C//DTD XHTML 1.0 Transitional//EN"
    "http://www.w3.org/TR/xhtml1/DTD/xhtml1-transitional.dtd">
<html xmlns="http://www.w3.org/1999/xhtml" xml:lang="en" lang="en">
 <head>
  <title>
</title>
<meta http-equiv="Content-Type" content="text/html;charset=utf-8" />
  <meta name='ocr-system' content='tesseract 3.04.00' />
  <meta name='ocr-capabilities' content='ocr_page ocr_carea ocr_par ocr_line ocrx_word'/>
</head>
<body>
  <div class='ocr_page' id='page_1' title='image "./p1bibliothecahisto02dioduoft_0116.png"; bbox 0 0 1820 3249; ppageno 0'>
   <div class='ocr_carea' id='block_1_1' title="bbox 335 163 447 203">
    <p class='ocr_par' dir='ltr' id='par_1_1' title="bbox 335 163 447 203">
     <span class='ocr_line' id='line_1_1' title="bbox 335 163 447 203; baseline 0.009 -1"><span class='ocrx_word' id='word_1_1' title='bbox 335 163 447 203; x_wconf 64' lang='lat'>1⁰4⁰</span> 
     </span>
    </p>
   </div>
   <div class='ocr_carea' id='block_1_2' title="bbox 247 266 1702 1344">
    <p class='ocr_par' dir='ltr' id='par_1_2' title="bbox 247 266 1702 1344">
     <span class='ocr_line' id='line_1_2' title="bbox 334 266 1702 326; baseline 0.001 -14"><span class='ocrx_word' id='word_1_2' title='bbox 334 267 404 320; x_wconf 82' lang='grc' dir='ltr'><em>λς’.</em></span> <span class='ocrx_word' id='word_1_3' title='bbox 431 270 500 320; x_wconf 81' lang='grc' dir='ltr'><em>Ὡς</em></span> <span class='ocrx_word' id='word_1_4' title='bbox 519 267 771 325; x_wconf 78' lang='grc' dir='ltr'><em>Ἀρταξέρξης</em></span> <span class='ocrx_word' id='word_1_5' title='bbox 792 268 815 311; x_wconf 82' lang='grc' dir='ltr'>ό</span> <span class='ocrx_word' id='word_1_6' title='bbox 835 268 1067 322; x_wconf 83' lang='grc' dir='ltr'><em>ἒπικληθεις</em></span> <span class='ocrx_word' id='word_1_7' title='bbox 1086 272 1204 324; x_wconf 80' lang='grc' dir='ltr'><em>’.Ωχος</em></span> <span class='ocrx_word' id='word_1_8' title='bbox 1233 266 1474 324; x_wconf 68' lang='grc' dir='ltr'><em>ἀνεκτήσατο</em></span> <span class='ocrx_word' id='word_1_9' title='bbox 1495 271 1702 326; x_wconf 74' lang='grc' dir='ltr'><em>Αἴγυπτον</em></span> 
     </span>
     <span class='ocr_line' id='line_1_3' title="bbox 445 323 1019 380; baseline -0.005 -11"><span class='ocrx_word' id='word_1_10' title='bbox 445 328 514 369; x_wconf 76' lang='grc' dir='ltr'><em>καὶ</em></span> <span class='ocrx_word' id='word_1_11' title='bbox 533 329 728 379; x_wconf 81' lang='grc' dir='ltr'><strong><em>Φοινίκην</em></strong></span> <span class='ocrx_word' id='word_1_12' title='bbox 746 326 813 367; x_wconf 84' lang='grc' dir='ltr'><em>καὶ</em></span> <span class='ocrx_word' id='word_1_13' title='bbox 834 323 1019 380; x_wconf 77' lang='grc' dir='ltr'><strong><em>Κύπρον</em></strong></span> 
     </span>
     <span class='ocr_line' id='line_1_4' title="bbox 335 379 1700 439; baseline -0.001 -13"><span class='ocrx_word' id='word_1_14' title='bbox 335 380 410 434; x_wconf 81' lang='grc' dir='ltr'><em>λζ’.</em></span> <span class='ocrx_word' id='word_1_15' title='bbox 436 384 505 432; x_wconf 79' lang='grc' dir='ltr'><em>Ὡς</em></span> <span class='ocrx_word' id='word_1_16' title='bbox 524 385 723 431; x_wconf 84' lang='grc' dir='ltr'><em>Φίλιππος</em></span> <span class='ocrx_word' id='word_1_17' title='bbox 741 399 812 431; x_wconf 91' lang='grc' dir='ltr'><em>τας</em></span> <span class='ocrx_word' id='word_1_18' title='bbox 839 379 1079 431; x_wconf 70' lang='grc' dir='ltr'><em>Χαλκιδικᾶς</em></span> <span class='ocrx_word' id='word_1_19' title='bbox 1098 380 1233 432; x_wconf 82' lang='grc' dir='ltr'><em>πόλεις</em></span> <span class='ocrx_word' id='word_1_20' title='bbox 1258 380 1605 438; x_wconf 76' lang='grc' dir='ltr'><em>προςαγαγόμενος</em></span> <span class='ocrx_word' id='word_1_21' title='bbox 1624 401 1700 439; x_wconf 87' lang='grc' dir='ltr'><em>την</em></span> 
     </span>
     <span class='ocr_line' id='line_1_5' title="bbox 448 435 1135 493; baseline -0.004 -11"><span class='ocrx_word' id='word_1_22' title='bbox 448 437 740 493; x_wconf 77' lang='grc' dir='ltr'><em>ἐπισημοτάτην</em></span> <span class='ocrx_word' id='word_1_23' title='bbox 756 435 877 480; x_wconf 82' lang='grc' dir='ltr'><em>πόλιν</em></span> <span class='ocrx_word' id='word_1_24' title='bbox 901 439 1135 489; x_wconf 77' lang='grc' dir='ltr'><em>κατέσκαψε.</em></span> 
     </span>
     <span class='ocr_line' id='line_1_6' title="bbox 251 493 1701 550; baseline -0.001 -12"><span class='ocrx_word' id='word_1_25' title='bbox 251 498 307 538; x_wconf 89' lang='grc'><em>70</em></span> <span class='ocrx_word' id='word_1_26' title='bbox 334 493 410 550; x_wconf 85' lang='grc' dir='ltr'><em>λη’.</em></span> <span class='ocrx_word' id='word_1_27' title='bbox 443 495 617 550; x_wconf 88' lang='grc' dir='ltr'><em>Ζητησις</em></span> <span class='ocrx_word' id='word_1_28' title='bbox 640 499 723 536; x_wconf 78' lang='grc' dir='ltr'><em>τῶν</em></span> <span class='ocrx_word' id='word_1_29' title='bbox 747 493 1038 536; x_wconf 76' lang='grc' dir='ltr'><em>ἅναλωθὲντων</em></span> <span class='ocrx_word' id='word_1_30' title='bbox 1070 496 1190 550; x_wconf 84' lang='grc' dir='ltr'><em>ἷερων</em></span> <span class='ocrx_word' id='word_1_31' title='bbox 1209 510 1420 548; x_wconf 87' lang='grc' dir='ltr'><em>χρηματων</em></span> <span class='ocrx_word' id='word_1_32' title='bbox 1442 495 1512 536; x_wconf 87' lang='grc' dir='ltr'><em>καὶ</em></span> <span class='ocrx_word' id='word_1_33' title='bbox 1538 493 1701 545; x_wconf 80' lang='grc' dir='ltr'><em>κόλασις</em></span> 
     </span>
     <span class='ocr_line' id='line_1_7' title="bbox 441 552 856 619; baseline -0.01 -24"><span class='ocrx_word' id='word_1_34' title='bbox 441 570 524 595; x_wconf 91' lang='grc' dir='ltr'><em>των</em></span> <span class='ocrx_word' id='word_1_35' title='bbox 539 552 856 619; x_wconf 84' lang='grc' dir='ltr'><em>νοσφισαμένων.</em></span> 
     </span>
     <span class='ocr_line' id='line_1_8' title="bbox 331 603 1697 676; baseline -0.003 -24"><span class='ocrx_word' id='word_1_36' title='bbox 331 607 409 652; x_wconf 78' lang='grc' dir='ltr'><em>λθ’.</em></span> <span class='ocrx_word' id='word_1_37' title='bbox 442 610 511 658; x_wconf 80' lang='grc' dir='ltr'><em>Ὡς</em></span> <span class='ocrx_word' id='word_1_38' title='bbox 531 610 572 650; x_wconf 80' lang='grc' dir='ltr'><em>οἱ</em></span> <span class='ocrx_word' id='word_1_39' title='bbox 591 605 882 675; x_wconf 79' lang='grc' dir='ltr'><em>καταφυγόντες</em></span> <span class='ocrx_word' id='word_1_40' title='bbox 905 608 960 656; x_wconf 83' lang='grc' dir='ltr'><em>εἰς</em></span> <span class='ocrx_word' id='word_1_41' title='bbox 977 625 1020 649; x_wconf 85' lang='grc' dir='ltr'><em>το</em></span> <span class='ocrx_word' id='word_1_42' title='bbox 1045 608 1076 649; x_wconf 81' lang='grc' dir='ltr'><strong><em>ἴ</em></strong></span> <span class='ocrx_word' id='word_1_43' title='bbox 1062 624 1153 676; x_wconf 86' lang='grc' dir='ltr'><em>ερον</em></span> <span class='ocrx_word' id='word_1_44' title='bbox 1173 610 1246 647; x_wconf 80' lang='grc' dir='ltr'><em>τοῦ</em></span> <span class='ocrx_word' id='word_1_45' title='bbox 1264 603 1510 656; x_wconf 83' lang='grc' dir='ltr'><em>Ἀπόλλωνος</em></span> <span class='ocrx_word' id='word_1_46' title='bbox 1531 611 1697 657; x_wconf 84' lang='grc' dir='ltr'><em>Φωκεῖς,</em></span> 
     </span>
     <span class='ocr_line' id='line_1_9' title="bbox 444 660 1700 719; baseline -0.002 -12"><span class='ocrx_word' id='word_1_47' title='bbox 444 666 556 714; x_wconf 77' lang='grc' dir='ltr'><em>ὄντες</em></span> <span class='ocrx_word' id='word_1_48' title='bbox 571 662 829 716; x_wconf 82' lang='grc' dir='ltr'><em>πεντακόσιοι,</em></span> <span class='ocrx_word' id='word_1_49' title='bbox 848 662 1117 719; x_wconf 80' lang='grc' dir='ltr'><em>παραδόξως</em></span> <span class='ocrx_word' id='word_1_50' title='bbox 1101 662 1272 713; x_wconf 70' lang='grc' dir='ltr'><em>ἅπαντες</em></span> <span class='ocrx_word' id='word_1_51' title='bbox 1287 662 1393 706; x_wconf 85' lang='grc' dir='ltr'><em>υπὸ</em></span> <span class='ocrx_word' id='word_1_52' title='bbox 1382 663 1510 718; x_wconf 80' lang='grc' dir='ltr'><em>πυρὸς</em></span> <span class='ocrx_word' id='word_1_53' title='bbox 1531 660 1700 717; x_wconf 80' lang='grc' dir='ltr'><em>διεφθα-</em></span> 
     </span>
     <span class='ocr_line' id='line_1_10' title="bbox 471 737 585 776; baseline 0 -13"><span class='ocrx_word' id='word_1_54' title='bbox 471 737 585 776; x_wconf 88' lang='grc' dir='ltr'><em>ησαν.</em></span> 
     </span>
     <span class='ocr_line' id='line_1_11' title="bbox 248 740 1148 844; baseline -0.007 -22"><span class='ocrx_word' id='word_1_55' title='bbox 248 779 305 822; x_wconf 87' lang='grc'><em>75</em></span> <span class='ocrx_word' id='word_1_56' title='bbox 335 777 386 834; x_wconf 82' lang='grc' dir='ltr'><em>μ’.</em></span> <span class='ocrx_word' id='word_1_57' title='bbox 413 740 525 828; x_wconf 58' lang='grc' dir='ltr'><em>ῗςέςΓ</em></span> <span class='ocrx_word' id='word_1_58' title='bbox 506 779 526 822; x_wconf 87' lang='grc' dir='ltr'><em>ὅ</em></span> <span class='ocrx_word' id='word_1_59' title='bbox 549 774 726 825; x_wconf 79' lang='grc' dir='ltr'><em>Φωκικὸς</em></span> <span class='ocrx_word' id='word_1_60' title='bbox 737 773 916 844; x_wconf 82' lang='grc' dir='ltr'><em>πόλεμος</em></span> <span class='ocrx_word' id='word_1_61' title='bbox 933 772 1148 829; x_wconf 79' lang='grc' dir='ltr'><em>κατελύθη.</em></span> 
     </span>
     <span class='ocr_line' id='line_1_12' title="bbox 335 829 1699 901; baseline -0.001 -23"><span class='ocrx_word' id='word_1_62' title='bbox 335 834 413 891; x_wconf 82' lang='grc' dir='ltr'><em>μα’.</em></span> <span class='ocrx_word' id='word_1_63' title='bbox 440 836 508 884; x_wconf 81' lang='grc' dir='ltr'><em>Ὡς</em></span> <span class='ocrx_word' id='word_1_64' title='bbox 528 837 570 876; x_wconf 85' lang='grc' dir='ltr'><em>οἷ</em></span> <span class='ocrx_word' id='word_1_65' title='bbox 584 829 835 887; x_wconf 74' lang='grc' dir='ltr'><em>μετασχόντες</em></span> <span class='ocrx_word' id='word_1_66' title='bbox 857 837 929 886; x_wconf 78' lang='grc' dir='ltr'><em>τῆς</em></span> <span class='ocrx_word' id='word_1_67' title='bbox 948 835 1170 901; x_wconf 79' lang='grc' dir='ltr'><em>ἱεροσυλίας</em></span> <span class='ocrx_word' id='word_1_68' title='bbox 1188 837 1273 882; x_wconf 81' lang='grc' dir='ltr'><em>τοῖς</em></span> <span class='ocrx_word' id='word_1_69' title='bbox 1298 832 1544 875; x_wconf 80' lang='grc' dir='ltr'><em>Φωκευσιν</em></span> <span class='ocrx_word' id='word_1_70' title='bbox 1528 832 1699 884; x_wconf 81' lang='grc' dir='ltr'><em>α’παντες</em></span> 
     </span>
     <span class='ocr_line' id='line_1_13' title="bbox 445 887 1322 943; baseline -0.003 -10"><span class='ocrx_word' id='word_1_71' title='bbox 445 890 527 934; x_wconf 71' lang='grc' dir='ltr'><em>’ὑπὸ</em></span> <span class='ocrx_word' id='word_1_72' title='bbox 547 893 666 939; x_wconf 76' lang='grc' dir='ltr'><em>θείας</em></span> <span class='ocrx_word' id='word_1_73' title='bbox 683 889 788 938; x_wconf 83' lang='grc' dir='ltr'><em>τινὸς</em></span> <span class='ocrx_word' id='word_1_74' title='bbox 809 890 1006 943; x_wconf 82' lang='grc' dir='ltr'><em>ἐνεργείας</em></span> <span class='ocrx_word' id='word_1_75' title='bbox 1030 887 1322 942; x_wconf 79' lang='grc' dir='ltr'><em>ἐκολασθησαν.</em></span> 
     </span>
     <span class='ocr_line' id='line_1_14' title="bbox 249 944 1700 1005; baseline -0.003 -12"><span class='ocrx_word' id='word_1_76' title='bbox 249 954 305 993; x_wconf 88' lang='grc'><em>80</em></span> <span class='ocrx_word' id='word_1_77' title='bbox 334 945 416 1005; x_wconf 81' lang='grc' dir='ltr'><em>μβ’.</em></span> <span class='ocrx_word' id='word_1_78' title='bbox 449 948 708 1002; x_wconf 80' lang='grc' dir='ltr'><em>Τιμολέοντος</em></span> <span class='ocrx_word' id='word_1_79' title='bbox 741 944 967 995; x_wconf 82' lang='grc' dir='ltr'><em>καταπλους</em></span> <span class='ocrx_word' id='word_1_80' title='bbox 988 947 1044 996; x_wconf 84' lang='grc' dir='ltr'><em>εἰς</em></span> <span class='ocrx_word' id='word_1_81' title='bbox 1065 948 1252 989; x_wconf 80' lang='grc' dir='ltr'><em>Σικελίαν</em></span> <span class='ocrx_word' id='word_1_82' title='bbox 1273 946 1342 987; x_wconf 83' lang='grc' dir='ltr'><em>καὶ</em></span> <span class='ocrx_word' id='word_1_83' title='bbox 1364 947 1409 987; x_wconf 79' lang='grc' dir='ltr'><em>αἱ</em></span> <span class='ocrx_word' id='word_1_84' title='bbox 1435 944 1597 1002; x_wconf 77' lang='grc' dir='ltr'><em>πραξεις</em></span> <span class='ocrx_word' id='word_1_85' title='bbox 1627 964 1700 988; x_wconf 90' lang='grc' dir='ltr'><em>αυ-</em></span> 
     </span>
     <span class='ocr_line' id='line_1_15' title="bbox 448 1005 956 1058; baseline -0.01 -11"><span class='ocrx_word' id='word_1_86' title='bbox 448 1010 523 1047; x_wconf 81' lang='grc' dir='ltr'><em>τοῦ</em></span> <span class='ocrx_word' id='word_1_87' title='bbox 543 1005 653 1058; x_wconf 83' lang='grc' dir='ltr'><em>μέχρι</em></span> <span class='ocrx_word' id='word_1_88' title='bbox 673 1007 746 1056; x_wconf 83' lang='grc' dir='ltr'><em>τῆς</em></span> <span class='ocrx_word' id='word_1_89' title='bbox 764 1007 956 1054; x_wconf 81' lang='grc' dir='ltr'><em>τελευτῆς.</em></span> 
     </span>
     <span class='ocr_line' id='line_1_16' title="bbox 334 1058 1550 1118; baseline -0.002 -14"><span class='ocrx_word' id='word_1_90' title='bbox 334 1060 407 1118; x_wconf 80' lang='grc' dir='ltr'><em>μγ’.</em></span> <span class='ocrx_word' id='word_1_91' title='bbox 439 1064 650 1115; x_wconf 80' lang='grc' dir='ltr'><em>Περίνθου</em></span> <span class='ocrx_word' id='word_1_92' title='bbox 667 1061 735 1101; x_wconf 85' lang='grc' dir='ltr'><em>καὶ</em></span> <span class='ocrx_word' id='word_1_93' title='bbox 754 1062 974 1108; x_wconf 81' lang='grc' dir='ltr'><em>Βυζαντίου</em></span> <span class='ocrx_word' id='word_1_94' title='bbox 991 1060 1200 1113; x_wconf 86' lang='grc' dir='ltr'><em>πολιορκία</em></span> <span class='ocrx_word' id='word_1_95' title='bbox 1216 1058 1297 1102; x_wconf 81' lang='grc' dir='ltr'><em>υπό</em></span> <span class='ocrx_word' id='word_1_96' title='bbox 1332 1061 1550 1102; x_wconf 81' lang='grc' dir='ltr'><em>Φιλίππου.</em></span> 
     </span>
     <span class='ocr_line' id='line_1_17' title="bbox 333 1113 1700 1179; baseline -0.004 -17"><span class='ocrx_word' id='word_1_97' title='bbox 333 1118 410 1175; x_wconf 86' lang='grc' dir='ltr'><em>μδ’.</em></span> <span class='ocrx_word' id='word_1_98' title='bbox 443 1121 646 1179; x_wconf 78' lang='grc' dir='ltr'><em>Φιλίππου</em></span> <span class='ocrx_word' id='word_1_99' title='bbox 675 1113 890 1170; x_wconf 81' lang='grc' dir='ltr'><em>παραταξις</em></span> <span class='ocrx_word' id='word_1_100' title='bbox 925 1132 1027 1171; x_wconf 86' lang='grc' dir='ltr'><em>προς</em></span> <span class='ocrx_word' id='word_1_101' title='bbox 1056 1114 1296 1170; x_wconf 84' lang='grc' dir='ltr'><em>Ἀθηναίους</em></span> <span class='ocrx_word' id='word_1_102' title='bbox 1313 1117 1357 1159; x_wconf 82' lang='grc' dir='ltr'><em>ἒν</em></span> <span class='ocrx_word' id='word_1_103' title='bbox 1379 1118 1605 1173; x_wconf 83' lang='grc' dir='ltr'><em>Χαιρωνεία</em></span> <span class='ocrx_word' id='word_1_104' title='bbox 1631 1117 1700 1158; x_wconf 85' lang='grc' dir='ltr'><em>καὶ</em></span> 
     </span>
     <span class='ocr_line' id='line_1_18' title="bbox 442 1171 892 1241; baseline -0.011 -24"><span class='ocrx_word' id='word_1_105' title='bbox 442 1172 541 1229; x_wconf 77' lang='grc' dir='ltr'><em>ἧττα</em></span> <span class='ocrx_word' id='word_1_106' title='bbox 557 1179 636 1216; x_wconf 77' lang='grc' dir='ltr'><em>τῶν</em></span> <span class='ocrx_word' id='word_1_107' title='bbox 651 1171 892 1241; x_wconf 81' lang='grc' dir='ltr'><em>Ἀθηναίων.</em></span> 
     </span>
     <span class='ocr_line' id='line_1_19' title="bbox 247 1224 1695 1302; baseline -0.003 -26"><span class='ocrx_word' id='word_1_108' title='bbox 247 1232 302 1276; x_wconf 90' lang='grc'><em>85</em></span> <span class='ocrx_word' id='word_1_109' title='bbox 330 1231 401 1302; x_wconf 79' lang='grc' dir='ltr'><em>με’.</em></span> <span class='ocrx_word' id='word_1_110' title='bbox 431 1234 500 1282; x_wconf 80' lang='grc' dir='ltr'><em>Ὡς</em></span> <span class='ocrx_word' id='word_1_111' title='bbox 524 1234 564 1273; x_wconf 82' lang='grc' dir='ltr'><em>οἱ</em></span> <span class='ocrx_word' id='word_1_112' title='bbox 568 1229 759 1283; x_wconf 86' lang='grc' dir='ltr'><em>Ελληνες</em></span> <span class='ocrx_word' id='word_1_113' title='bbox 779 1224 1055 1282; x_wconf 65' lang='grc' dir='ltr'><em>αὐτοκράτορα</em></span> <span class='ocrx_word' id='word_1_114' title='bbox 1075 1227 1296 1301; x_wconf 81' lang='grc' dir='ltr'><em>στρατηγὸν</em></span> <span class='ocrx_word' id='word_1_115' title='bbox 1305 1230 1455 1271; x_wconf 73' lang='grc' dir='ltr'><em>εἵλοντο</em></span> <span class='ocrx_word' id='word_1_116' title='bbox 1480 1231 1695 1271; x_wconf 79' lang='grc' dir='ltr'><em>Φιλιππου.</em></span> 
     </span>
     <span class='ocr_line' id='line_1_20' title="bbox 328 1284 1697 1344; baseline -0.003 -13"><span class='ocrx_word' id='word_1_117' title='bbox 328 1287 405 1344; x_wconf 80' lang='grc' dir='ltr'><em>μς’.</em></span> <span class='ocrx_word' id='word_1_118' title='bbox 434 1290 501 1339; x_wconf 80' lang='grc' dir='ltr'><em>Ὡς</em></span> <span class='ocrx_word' id='word_1_119' title='bbox 523 1291 723 1337; x_wconf 81' lang='grc' dir='ltr'><em>Φίλιππος</em></span> <span class='ocrx_word' id='word_1_120' title='bbox 746 1285 898 1340; x_wconf 80' lang='grc' dir='ltr'><em>μέλλων</em></span> <span class='ocrx_word' id='word_1_121' title='bbox 924 1287 1146 1339; x_wconf 78' lang='grc' dir='ltr'><em>διαβαίνειν</em></span> <span class='ocrx_word' id='word_1_122' title='bbox 1175 1289 1232 1336; x_wconf 86' lang='grc' dir='ltr'><em>εἰς</em></span> <span class='ocrx_word' id='word_1_123' title='bbox 1252 1285 1327 1340; x_wconf 81' lang='grc' dir='ltr'><em>τὴν</em></span> <span class='ocrx_word' id='word_1_124' title='bbox 1341 1284 1478 1328; x_wconf 83' lang='grc' dir='ltr'><em>Ἀσίαν</em></span> <span class='ocrx_word' id='word_1_125' title='bbox 1502 1284 1622 1343; x_wconf 80' lang='grc' dir='ltr'><em>οἷνηρε</em></span> <span class='ocrx_word' id='word_1_126' title='bbox 1606 1287 1697 1340; x_wconf 80' lang='grc' dir='ltr'><em>’.θη</em></span> 
     </span>
    </p>
   </div>
   <div class='ocr_carea' id='block_1_3' title="bbox 325 1429 1698 1573">
    <p class='ocr_par' dir='ltr' id='par_1_3' title="bbox 326 1429 1698 1573">
     <span class='ocr_line' id='line_1_21' title="bbox 326 1429 1697 1478; baseline -0.004 -7"><span class='ocrx_word' id='word_1_127' title='bbox 326 1434 385 1471; x_wconf 79' lang='lat'><em>75.</em></span> <span class='ocrx_word' id='word_1_128' title='bbox 432 1431 642 1478; x_wconf 76' lang='grc' dir='ltr'><em>κατελύθη]</em></span> <span class='ocrx_word' id='word_1_129' title='bbox 679 1429 832 1476; x_wconf 81' lang='grc' dir='ltr'><em>διελύθη</em></span> <span class='ocrx_word' id='word_1_130' title='bbox 855 1431 939 1465; x_wconf 83' lang='lat' dir='ltr'>Bas.</span> <span class='ocrx_word' id='word_1_131' title='bbox 1123 1429 1181 1465; x_wconf 83' lang='grc'><em>81</em></span> <span class='ocrx_word' id='word_1_132' title='bbox 1228 1430 1418 1473; x_wconf 79' lang='grc' dir='ltr'><em>Περίνθου</em></span> <span class='ocrx_word' id='word_1_133' title='bbox 1441 1448 1486 1456; x_wconf 67' lang='lat'><em>——2</em></span> <span class='ocrx_word' id='word_1_134' title='bbox 1514 1431 1697 1467; x_wconf 81' lang='grc' dir='ltr'><em>Φιλίππου</em></span> 
     </span>
     <span class='ocr_line' id='line_1_22' title="bbox 328 1444 1698 1524; baseline -0.001 -8"><span class='ocrx_word' id='word_1_135' title='bbox 328 1494 398 1516; x_wconf 89' lang='lat' dir='ltr'><em>om.</em></span> <span class='ocrx_word' id='word_1_136' title='bbox 420 1482 550 1524; x_wconf 71' lang='lat' dir='ltr'><strong>cuspus</strong></span> <span class='ocrx_word' id='word_1_137' title='bbox 731 1478 788 1512; x_wconf 81' lang='lat'><em>83.</em></span> <span class='ocrx_word' id='word_1_138' title='bbox 810 1444 1041 1523; x_wconf 83' lang='grc' dir='ltr'><em>Χαιρωνεια]</em></span> <span class='ocrx_word' id='word_1_139' title='bbox 1068 1479 1258 1523; x_wconf 77' lang='grc' dir='ltr'><em>Χερωνεία</em></span> <span class='ocrx_word' id='word_1_140' title='bbox 1274 1480 1354 1513; x_wconf 76' lang='lat' dir='ltr'><strong>Bas.</strong></span> <span class='ocrx_word' id='word_1_141' title='bbox 1537 1478 1592 1513; x_wconf 74' lang='lat'><em>84.</em></span> <span class='ocrx_word' id='word_1_142' title='bbox 1623 1480 1698 1514; x_wconf 79' lang='grc' dir='ltr'><em>τῶν</em></span> 
     </span>
     <span class='ocr_line' id='line_1_23' title="bbox 325 1523 1437 1573; baseline -0.002 -8.993"><span class='ocrx_word' id='word_1_143' title='bbox 325 1527 545 1573; x_wconf 73' lang='grc' dir='ltr'><em>Ἀθηναίων]</em></span> <span class='ocrx_word' id='word_1_144' title='bbox 570 1524 777 1570; x_wconf 77' lang='grc' dir='ltr'><em>Ἀθηναίων</em></span> <span class='ocrx_word' id='word_1_145' title='bbox 801 1525 830 1559; x_wconf 85' lang='lat' dir='ltr'>L</span> <span class='ocrx_word' id='word_1_146' title='bbox 1011 1523 1069 1559; x_wconf 79' lang='lat'><em>87.</em></span> <span class='ocrx_word' id='word_1_147' title='bbox 1115 1525 1216 1566; x_wconf 80' lang='grc' dir='ltr'><em>τέλος</em></span> <span class='ocrx_word' id='word_1_148' title='bbox 1238 1526 1333 1560; x_wconf 78' lang='lat' dir='ltr'>addit</span> <span class='ocrx_word' id='word_1_149' title='bbox 1356 1527 1426 1561; x_wconf 71' lang='lat' dir='ltr'><em>Bas</em></span> <span class='ocrx_word' id='word_1_150' title='bbox 1411 1537 1437 1562; x_wconf 68' lang='lat' dir='ltr'><em>S.</em></span> 
     </span>
    </p>
   </div>
  </div>
 </body>
</html>
