1820 3249
278 142 388 182 1240
607 137 878 181 LIB.XV11.
939 139 1315 184 cAP.166.107

278 250 637 306 παραθαλαττίου
665 248 823 306 χώρας,
853 249 962 294 κατὰ
994 250 1040 294 65
1060 250 1139 302 τας
1154 251 1322 308 πλήμας
1344 251 1537 302 ἅπαντας
1552 252 1655 303 τούς

195 313 251 352 90
279 308 622 378 προειρημένους
645 307 810 358 τόπους
831 307 1186 360 κατακλύζεσθαι,
1215 312 1378 352 πολλοῦ
1406 308 1481 352 καὶ
1507 310 1655 364 βιαίου

280 364 526 420 πνεύματος
565 364 813 419 φερομένου
852 363 962 419 πρὸς
995 365 1072 420 τὴν
1101 365 1282 421 χέρσον,
1322 368 1399 422 τῆς
1427 363 1469 408 δ’
1498 365 1655 434 ἐπιφα-

281 423 402 475 νείας
441 421 571 492 ἀφρῷ
609 425 756 480 πολλῷ
794 421 1150 477 λευκαινομένης·
1200 422 1259 467 τὸ
1282 422 1328 465 65
1355 394 1655 476 παραδοξότα-

280 494 373 529 τον,
402 477 546 535 κήτεσι
567 482 746 529 πολλοῖς
775 479 847 521 καὶ
875 478 923 520 τὰ
954 479 1137 548 μέγεθος
1166 477 1365 530 ἀπίστοις
1394 489 1656 548 συγκεκυρη-

144 566 150 571 -
195 532 252 577 95
281 534 415 579 κέναι.
483 537 622 577 ταῦτα
663 534 709 578 65
748 533 1026 606 φοβηθέντας
1073 533 1237 588 αὐτοὺς
1274 534 1322 580 τὸ
1362 535 1440 592 μὲν
1481 538 1655 590 πρῶτον

280 591 513 635 ἀπελπίσαι
548 590 597 634 τὸ
644 594 742 646 ζῆν,
787 608 845 641 ως
883 589 1039 634 αὐτίκα
1076 590 1192 646 μάλα
1219 592 1324 647 μετοὲ
1353 596 1443 635 τῶν
1473 594 1657 648 σκαφῶν

280 646 739 704 διαφθαρησομένους,
768 664 872 716 μετα
902 649 948 690 65
976 649 1114 690 ταῦτα
1143 647 1185 701 ἐξ
1215 648 1420 692 ἁπάντων
1445 653 1546 704 μιᾶς
1567 665 1656 718 φω·

279 708 359 762 νῆς
394 705 624 775 γινομένης
662 706 735 748 καὶ
776 703 848 747 διὰ
881 707 969 746 τῶν
1008 703 1158 747 ὅπλων
1182 709 1349 749 πολλοῦ
1378 704 1659 761 συντελουμέ-

281 778 367 805 νου
395 761 570 830 ψόφου,
605 760 714 814 πρὸς
744 760 791 803 65
818 759 991 811 τούτοις
1018 763 1109 804 τῶν
1138 764 1385 816 σαλπίγγων
1417 747 1738 831 §mmmmm

172 817 253 855 100
282 822 344 876 τῷ
373 816 608 889 παραδόξῳ
631 819 878 872 πτοηθῆναι
898 817 951 859 τὰ
971 818 1107 872 θηρία
1126 819 1200 861 καὶ
1219 820 1349 862 δῦναι
1369 817 1481 873 πρός
1499 818 1659 874 βυθόν.

170 873 255 913 107
391 874 441 918 Ο
481 874 527 918 65
566 873 772 942 βασιλεύς
807 874 905 929 περὶ
940 873 1111 918 τούτων
1140 874 1399 927 διακούσας,
1449 880 1541 925 τοῖς
1581 875 1660 929 μὲν

282 929 544 988 ἡγουμένοις
579 935 660 974 τοῦ
697 928 855 973 στόλου
889 928 1174 1000 παρήγγειλεν
1211 932 1281 975 ἐπὶ
1310 931 1389 975 τὸν
1417 929 1662 1002 Ευφρατην

227 983 253 1025 5
282 992 603 1039 καταπλεῦσαι,
653 986 786 1038 αὐτὸς
817 988 862 1030 65
892 1003 998 1042 μετα
1028 992 1103 1045 τῆς
1132 989 1358 1059 δυνάμεως
1386 988 1554 1043 πολλην
1583 987 1666 1044 χώ-

281 1062 366 1116 ραν
408 1043 597 1091 διελθών
637 1048 805 1099 συνῆψε
843 1049 934 1094 τοῖς
971 1048 1241 1096 Σουσιανοῖς
1289 1045 1421 1116 ὅροις.
1480 1045 1580 1099 περὶ
1617 1045 1664 1088 65

281 1098 391 1173 τολῦβν
425 1100 607 1154 καιροὺς
643 1100 829 1152 τούτους
857 1100 1060 1153 Καλανος
1091 1100 1114 1172 6
1145 1100 1302 1153 Ἰνδός,
1343 1101 1392 1145 ἐν
1420 1102 1665 1171 φιλοσοφία

281 1156 474 1214 μεγαλην
505 1158 614 1229 ἔχων
640 1157 895 1229 προκοπὴν
902 1159 976 1201 καὶ
1002 1158 1240 1213 τιμώμενος
1259 1158 1337 1202 ὑπ’
1361 1146 1663 1227 Ἀλεξάνδρου,

283 1215 535 1285 παράδοξον
574 1213 809 1285 ἐποιήσατο
849 1214 928 1270 τὴν
969 1219 1051 1258 τοῦ
1084 1218 1186 1270 βίου
1216 1213 1539 1287 καταστροφήν.
1598 1217 1665 1269 βε-

203 1269 255 1310 10
284 1271 464 1343 βιωκώς
481 1289 565 1327 γαρ
595 1271 666 1341 ἔτη
695 1273 794 1326 τρία
822 1271 932 1325 πρὸς
960 1277 1052 1324 τοῖς
1081 1272 1396 1342 ἑβδομήκοντα,
1424 1272 1498 1315 καὶ
1519 1270 1665 1314 πάντα

282 1328 361 1373 τὸν
389 1327 552 1384 χρόνον
589 1327 821 1384 ἀπείρατος
856 1344 1047 1383 γεγονως
1077 1327 1331 1385 ἀρρωστίας,
1362 1328 1530 1398 ἔκρινεν
1559 1327 1664 1371 ἑαυ-

282 1385 366 1458 τόν
390 1386 437 1429 ἐκ
466 1389 546 1428 τοῦ
578 1389 654 1441 ζῆν
670 1389 981 1454 μεταστῆσαι,
995 1385 1054 1436 ὠς
1082 1386 1131 1428 τό
1162 1387 1326 1430 τέλειον
1354 1388 1429 1440 τῆς
1459 1383 1665 1454 εὐδαιμο-

283 1443 382 1494 νίας
414 1441 532 1495 παρὰ
562 1458 606 1484 τε
628 1445 711 1516 Ητῆς
736 1440 916 1513 φύσεως
947 1442 1019 1485 καὶ
1045 1446 1120 1499 τῆς
1136 1442 1272 1514 τύχης
1285 1441 1549 1512 απειληφώς.
1589 1458 1664 1484 κα

286 1499 564 1553 ταπειραθεὶς
594 1499 651 1550 δ’
655 1497 747 1563 βξπ’
782 1497 1041 1568 οὲῤῥωστίας,
1072 1500 1145 1542 καὶ
1165 1498 1272 1543 καθ’
1292 1498 1459 1567 ἡμέραν
1479 1497 1663 1567 ἆεὶμᾶλ-

203 1553 254 1595 15
286 1559 368 1602 λον
404 1541 760 1624 βαρυνομένος,(
771 1553 926 1612 ἠξίωσε
955 1556 1032 1599 τὸν
1061 1557 1284 1611 βασιλέα
1271 1556 1420 1611 πυράν
1450 1553 1568 1610 αυτῷ
1575 1571 1669 1624 με-

284 1612 425 1683 γάλην
472 1607 796 1683 κατασκευιῇςὶᾳι
844 1613 918 1655 καὶ
975 1613 1331 1683 προςαναβάντος
1388 1612 1459 1655 ἐπὶ
1503 1609 1667 1682 ταύτην

287 1667 430 1714 αὐτοῦ
461 1655 684 1739 προςτάξα
724 1686 816 1720 τοις
844 1667 1092 1740 ὑπηρέταις
1111 1674 1198 1724 πῦρ
1229 1670 1402 1713 ἐνεῖναι.
1456 1666 1480 1712 ὁ
1500 1666 1540 1711 6'
1555 1667 1667 1713 Ἀλέ-

287 1728 476 1781 ξανδρος
505 1725 554 1769 τὸ
586 1726 664 1781 μὲν
693 1729 870 1779 πρῶτον
897 1724 1034 1769 αὐτὸν
1065 1723 1325 1779 ἀποτρέπειν
1355 1727 1550 1779 ἐπειρᾶτο
1567 1723 1667 1768 ταύ-

201 1783 256 1822 20
286 1800 362 1840 της
388 1788 464 1840 τῆς
493 1783 707 1855 ἐπιβολῆς,
739 1781 798 1832 ὥς
823 1780 865 1824 δ’
897 1780 978 1834 οὐχ
995 1781 1261 1836 ὑπήκουσεν,
1290 1781 1544 1850 ὡμολόγησε
1567 1793 1667 1825 συν

285 1839 473 1888 τελέσειν
502 1840 601 1895 περὶ
631 1845 694 1882 ὡν
707 1837 918 1908 ἠξιωκὼς
945 1846 1014 1894 ην.
1046 1841 1371 1894 διαγγελθείσης
1393 1839 1439 1882 68
1460 1842 1536 1894 τῆς
1560 1836 1669 1892 πρά

287 1898 408 1967 gang,⁷
434 1896 461 1952 ἦ
493 1896 572 1952 μὲν
599 1913 718 1950 πυρα
747 1895 1084 1952 κατεσκευασθςη
1116 1896 1164 1939 τὸ
1197 1896 1242 1945 65
1271 1900 1450 1963 πλῆθος
1467 1912 1670 1950 κατηντη-

287 1964 363 1998 σεν
391 1954 460 1997 ἐπὶ
488 1953 571 2008 τήν
599 1952 852 2006 παραδοξον
881 1953 1005 1996 Γθέαν.
1066 1953 1089 1996 ὁ
1121 1954 1167 1998 65
1198 1952 1400 2003 Κάλανος
1422 1948 1669 2006 ἀκολουθή-

291 2022 371 2062 σας
399 2015 493 2061 τοῖς
523 2012 649 2061 ἰδίοις
683 2007 869 2064 δόγμασι
898 2009 1232 2080 τεθαῤῥηκότως
1272 2010 1425 2064 ἐπέστη
1454 2011 1507 2065 τῆ
1535 2023 1669 2066 πυρα,

205 2063 260 2105 25
291 2068 367 2113 καὶ
405 2066 510 2122 μετοὶ
546 2066 708 2123 ταύτης
737 2067 1051 2136 καταφλεχθεὶς
1090 2065 1346 2122 ἐτελεύτησε.
1400 2068 1487 2107 τῶν
1516 2065 1561 2107 65
1587 2079 1670 2107 πα·

292 2122 465 2178 ρόντων
495 2125 539 2168 οἱ
567 2124 646 2180 μὲν
674 2123 838 2179 μανίαν
867 2121 1006 2166 αὐτοῦ
1026 2123 1315 2194 κατέγνωσαν,
1346 2123 1390 2165 oz
1418 2121 1464 2163 65
1494 2123 1669 2164 κενοδο-

293 2182 390 2233 ξίαν
428 2180 496 2224 ἐπὶ
534 2180 771 2236 καρτερία,
809 2180 922 2229 τινὲς
958 2179 1004 2223 65
1033 2179 1112 2235 τὴν
1141 2178 1352 2249 εὐψυχίαν
1380 2177 1454 2221 καὶ
1482 2177 1562 2233 τὴν
1590 2181 1671 2221 τοῦ

289 2236 491 2282 θανάτου
520 2236 853 2293 καταφρόνησιν
881 2234 1152 2306 ἐθαύμασαν.
1213 2235 1236 2279 ὁ
1268 2236 1313 2279 65
1344 2235 1547 2290 βασιλεὺς
1574 2237 1672 2278 τοῦ-ἶ

207 2295 266 2334 30
291 2312 369 2339 τον
397 2295 478 2351 μὲν
505 2294 643 2349 ἔθαψε
671 2296 933 2349 πολυτελῶς,
964 2292 1096 2349 αὐτὸς
1118 2293 1164 2343 65
1180 2291 1417 2351 παρελθών
1436 2292 1496 2345 εἰς
1519 2295 1670 2340 Σοῦσα

286 2489 345 2523 89.
393 2490 559 2547 πλήμας]
595 2490 818 2536 πλημμύρας
852 2490 944 2535 FLQ
1127 2490 1183 2525 97.
1231 2487 1425 2534 γινομένης
1458 2488 1509 2530 F,
1542 2487 1670 2522 caeteri

287 2548 504 2582 γιγνομενης

377 2605 458 2641 244.
494 2605 552 2640 99.
599 2603 769 2647 τούτοις]
803 2603 952 2648 magn
1136 2602 1169 2638 5.
1221 2603 1472 2645 Σουσιανοῖς]
1501 2603 1670 2637 Susianae

287 2651 420 2695 Cospus
566 2650 601 2685 6.
631 2652 690 2686 23.
740 2650 935 2707 Κάλανος]
969 2650 1146 2696 Κάρανος
1169 2650 1266 2684 FrY
1431 2649 1487 2682 13.
1534 2645 1573 2683 δ’
1598 2658 1668 2681 om

284 2697 366 2731 Bas.
530 2697 586 2732 16.
632 2698 776 2742 αὐτοῦ]
804 2695 920 2732 αὐτὸν
945 2699 1028 2732 Bas.
1190 2696 1248 2731 28.
1282 2693 1529 2737 ἐθαύμασαν]
1556 2689 1672 2728 ἐθαύ-

282 2743 401 2785 μαζον
433 2744 494 2777 FL
685 2743 740 2779 29.
792 2741 929 2789 αὐτὸς]
965 2739 1081 2785 avains
1115 2742 1143 2777 L
1339 2742 1397 2776 30.
1447 2740 1576 2777 Σουσα
1610 2738 1669 2773 FL

282 2790 428 2835 cospus‚
452 2789 581 2825 caeteri
607 2791 691 2825 Σου
694 2802 762 2824 σαν
