1820 3249
587 155 707 197 LIB.
737 154 864 196 xvu.
916 153 1048 196 GAP.
1075 157 1115 197 7.
1434 157 1544 200 1141

166 268 321 339 ὀξύτης
350 268 521 339 ἐποίησε
547 267 626 336 μὲν
655 266 736 337 τὴν
763 269 854 310 τῶν
877 265 1099 322 Ελλήνων
1127 263 1367 322 ἡγεμονίαν
1397 270 1545 313 πᾶσαν

165 324 417 394 α’ναλαβεῖν,
442 321 517 368 καὶ
535 323 623 394 τὴν
653 323 809 379 ἀρετὴν
837 328 919 366 τοῦ
948 325 1182 367 νεανίσκου
1203 325 1407 377 γενέσθαι
1429 341 1545 381 περι-

166 383 341 439 βόητον,
371 381 465 425 τότε
497 380 548 436 δὴ
578 381 865 436 νουθετηθεὶς
896 385 987 431 τοῖς
1017 381 1161 434 ἔργοις
1189 380 1213 424 ὁ
1235 386 1426 434 Δαρεῖος
1454 383 1542 425 ε’πι-

166 440 338 494 μέλειαν
374 437 564 494 μεγάλην
605 437 790 481 ἐποιεῖτο
830 440 921 480 τῶν
960 437 1214 506 δυνάμεων,
1267 436 1459 493 τριήρεις
1497 455 1543 482 τε

163 495 326 547 πολλάς
363 494 806 564 κατασκευαζόμενος
823 495 897 537 καὶ
932 493 1095 545 πολλας
1128 493 1336 549 δυνάμεις
1378 494 1543 545 αξιολό-

163 569 270 608 γους
299 550 632 611 συνιστάμενος,
672 549 889 622 ἡγεμόνας
917 567 961 594 τε
991 551 1099 601 τούς
1129 550 1335 604 ἀρίστους
1363 554 1544 606 προκρί-

87 618 277 661 165νων,
324 609 372 652 ἐν
408 611 475 659 οἱς
502 608 666 663 υπῆρχε
696 611 771 651 καὶ
808 607 1003 663 ,Μέμνων
1033 606 1056 651 6
1082 606 1273 659 Ρόδιος,
1319 609 1544 677 διαφέρων

163 665 342 734 ἀνδρείᾳ
377 666 451 708 καὶ
488 666 660 708 συνέσει
690 678 963 722 στρατηγικῃ.
1021 665 1163 722 τούτῳ
1202 666 1247 708 δὲ
1278 663 1385 715 δοὺς
1415 663 1438 708 6
1467 668 1542 720 βα-

162 722 303 772 σιλεὺς
332 722 644 776 μισθοφόρους
671 723 1038 777 πεντακιςχιλίους
1060 739 1113 772 π
1123 708 1289 773 όςέταξε
1309 726 1545 790 παρελθεῖν

160 778 229 821 ἐπὶ
257 776 387 822 πόλιν
417 779 632 836 Κυζικον,
673 779 747 822 καὶ
776 784 1012 834 πειρᾶσθαι
1039 778 1205 834 ταύτην
1234 777 1541 834 χειρώσασθαι.

161 831 291 885 οὗτος
324 835 402 889 μὲν
436 838 518 879 οὐν
555 835 659 906 μετοὶ
699 835 927 879 τοσούτων
969 848 1247 889 στρατιωτων
1273 839 1440 892 προῆγε
1469 836 1543 878 δια

161 895 243 960 τῆς
264 891 391 948 Ἴδης
449 891 499 936 τό
542 891 591 936 δ’
623 892 727 947 ὄρος
759 897 893 936 τοῦτο
923 893 1227 948 μυθολογοῦσί
1255 908 1368 943 τινες
1396 897 1542 947 τυχεῖν

161 947 320 1004 ταύτης
343 953 420 1013 τῆς
449 952 740 1018 προςηγορίας
770 948 857 1017 άπᾲ
887 954 962 1004 τῆς
981 949 1233 999 Μελισσέως
1253 947 1382 1004 Ἴδης.
1426 948 1544 1005 μέγι-

161 1017 267 1048 στον
305 1005 349 1049 δε
383 1005 582 1075 υπάρχον
621 1012 708 1050 τῶν
745 1023 854 1049 κατα
883 1007 961 1049 τὸν
983 1004 1297 1065 Ελληςποντον
1324 1006 1409 1061 ἔχει
1433 1023 1544 1049 κατα

160 1061 210 1105 τὸ
249 1061 384 1132 μέσον
415 1062 586 1133 ἄντρον
624 1064 884 1117 θεοπρεπὲς,
928 1063 976 1106 ἐν
1006 1066 1040 1123 ᾧ
1063 1074 1190 1134 φασι
1228 1067 1440 1133 κριθῆναι
1467 1062 1544 1113 τὰς

158 1117 264 1190 θεάς
301 1117 379 1162 υπ’
415 1116 717 1173 Ἀλεξάνδρου.
768 1118 1005 1190 γενέσθαι
1013 1108 1074 1162 δ’
1116 1120 1163 1162 ἐν
1201 1119 1341 1176 τούτῳ
1366 1120 1543 1189 λέγεται

158 1177 232 1218 καὶ
271 1175 377 1226 τοὺς
402 1173 587 1227 Ἰδαίους
624 1175 906 1229 Δακτύλους,
949 1175 1028 1227 οὓς
1059 1178 1253 1245 σίδηρον.
1269 1164 1543 1230 ἐργάσασθαι

158 1230 384 1286 πρώτους,
438 1234 662 1289 μαθόντας
699 1234 778 1289 τὴν
814 1233 1020 1288 ἐργασίαν
1053 1234 1172 1286 παρὰ
1201 1237 1278 1288 τῆς
1305 1249 1394 1276 των
1422 1237 1543 1276 θεῶν

159 1289 332 1344 μητρός.
389 1291 507 1334 ι’διον
546 1290 592 1334 δέ
623 1307 663 1334 τι
693 1291 765 1334 καὶ
797 1291 1051 1344 παράδοξον
1081 1293 1309 1345 συμβαίνει
1341 1291 1543 1345 γίνεσθαι

158 1347 258 1397 περὶ
286 1349 418 1389 τοῦτο
447 1346 496 1390 τό
529 1346 646 1401 ὄρος.
704 1347 813 1391 nato?
843 1347 927 1415 γὰρ
958 1347 1035 1403 τὴν
1063 1351 1143 1390 τοῦ
1174 1346 1310 1397 κυνός
1340 1346 1543 1402 ἐπιτολὴν

159 1401 227 1444 ἐπ’
271 1401 408 1455 ἄκρας
441 1407 516 1458 τῆς
542 1421 743 1460 κορυφης
774 1404 845 1447 διὰ
867 1404 948 1459 τήν
975 1406 1187 1459 νηνεμίαν
1216 1407 1298 1447 τοῦ
1326 1403 1542 1458 περιέχον-

158 1475 235 1509 τος
272 1459 403 1514 οἷέρος
439 1459 659 1514 υπερπετῆ
698 1463 898 1515 γίιεσθαι
936 1460 1016 1516 τὴν
1046 1460 1184 1513 α’κραν
1213 1465 1290 1514 τῆς
1319 1477 1409 1503 των
1440 1459 1539 1502 ανέ-

158 1532 254 1570 μων
284 1519 434 1571 πνοῆς.
484 1515 676 1571 ὁρᾶσθαι
705 1517 750 1560 δὲ
779 1517 857 1560 τὸν
884 1516 1012 1573 η’λιον
1047 1517 1108 1560 ἔτι
1129 1522 1205 1573 τῆς
1225 1516 1384 1567 νυκτὸς
1405 1517 1541 1571 ου’σης

159 1571 463 1624 ἀνατέλλοντα,
491 1575 567 1624 τάς
597 1573 719 1616 ἀκτῐτ
725 1591 775 1624 ας
807 1572 888 1617 οὐκ
917 1574 965 1617 ἐν
993 1578 1248 1627 κυκλοτερεῖ
1275 1573 1457 1645 σχηματι
1476 1589 1540 1616 τε-

156 1630 418 1683 τραιιμένον,
448 1628 558 1674 ἄλλα
587 1647 669 1685 την
699 1630 841 1685 φλόγα
861 1629 969 1673 κατὰ
991 1632 1179 1682 πολλοὺς
1201 1628 1365 1680 τόπους
1387 1630 1540 1686 ε’χοντα

111 1722 115 1729 .
158 1687 501 1756 διεσπαρμένην,
546 1686 650 1737 ω’ςτε
688 1689 834 1731 δοκεῖν
874 1704 994 1740 πυρα
1025 1689 1156 1730 πλείω
1195 1685 1422 1741 θιγγάνειν
1459 1690 1540 1730 τοῦ

156 1746 234 1797 τῆς
282 1747 360 1798 γῆς
401 1741 637 1798 ὁρίζοντος.
711 1742 805 1799 μετ’
850 1742 1000 1798 ὀλίγον
1044 1744 1090 1787 δὲ
1132 1744 1373 1813 συνάγεται
1402 1747 1540 1786 ταῦτα

157 1799 268 1851 πρὸς
299 1801 348 1842 εν
377 1801 575 1855 μέγεθος,
612 1799 692 1851 ε’ως
722 1800 776 1844 ἄν
801 1800 992 1869 γένηται
1006 1802 1269 1855 τρίπλεθρον
1288 1798 1537 1868 διάστημα·

157 1856 232 1899 καὶ
260 1855 356 1899 τότε
385 1856 469 1913 ἤδη
498 1861 573 1913 τῆς
593 1855 757 1912 ἡμέρας
783 1858 875 1901 επιλ
879 1855 1077 1928 αβούσης
1092 1856 1141 1901 τό
1162 1856 1435 1926 φαινόμενον
1456 1859 1539 1900 τοῦ

156 1911 290 1981 ἡλίου
316 1912 498 1984 μέγεθος
512 1915 759 1987 πληρωθεν
787 1915 868 1970 τὴν
896 1918 971 1968 τῆς
998 1914 1162 1985 ἡμέρας
1189 1913 1388 1956 διάθεσιν
1411 1930 1540 1981 {catoc-

158 1966 365 2022 σκευάζει.
424 1968 450 2013 6
480 1968 523 2013 δ’
555 1976 636 2014 οὐν
655 1971 849 2025 Μέμνων
884 1971 1073 2015 διελθων
1101 1987 1182 2027 την
1213 1970 1389 2024 όρειτὴν
1409 1969 1537 2024 ἄφνω

155 2030 214 2095 τῇ
250 2025 372 2070 πόλει
411 2043 501 2070 των
531 2031 789 2097 Κυζικηνῶν
819 2028 1072 2082 προςέπεσε,
1125 2028 1200 2071 καὶ
1239 2025 1346 2081 παρ’
1390 2025 1541 2082 ὀλίγον

156 2081 292 2153 αὐτῆς
323 2083 597 2137 ἐκυρίευσεν·
629 2082 865 2127 οἷποπεσων
886 2085 931 2127 δε
952 2089 1029 2153 τῆς
1057 2084 1261 2139 ἐπιβολῆς
1290 2083 1368 2139 τὴν
1393 2083 1541 2139 χώραν

99 2139 103 2145 ’
155 2137 303 2184 αὐτῶν
331 2140 547 2198 ἐπόρθησε
575 2142 650 2186 καὶ
679 2145 856 2186 πολλῶν
885 2140 1102 2199 λαφύρων
1130 2141 1394 2196 ἐκυρίευσεν
1448 2140 1539 2195 ἅμα

119 2252 212 2288 “29.
261 2252 310 2300 δὴ
333 2266 403 2289 om
424 2255 509 2290 Bas.
701 2255 759 2290 30.
808 2253 968 2301 μεγαλην
991 2256 1021 2289 L
1046 2255 1152 2310 Bas„
1184 2253 1313 2288 caete-rs
1338 2252 1404 2298 μὲν
1428 2252 1538 2298 μεγά-

154 2302 198 2344 λη
202 2313 222 2334 ν
427 2302 485 2335 31.
532 2299 695 2346 τριήρεις
717 2314 754 2337 τε
778 2303 858 2345 FL,
894 2302 1022 2337 caeteni
1045 2314 1205 2346 τριηρεις
1231 2298 1270 2337 δὲ
1478 2300 1533 2334 32.

154 2343 293 2386 πολλος
317 2345 515 2392 δυνάμεις]
540 2349 758 2382 scribendum
782 2349 920 2382 videtur
945 2347 1140 2393 δυιᾶμεις.
1165 2359 1197 2381 v.
1223 2348 1265 2380 ad
1291 2346 1312 2378 1.
1339 2345 1420 2381 522.
1444 2345 1501 2379 60.

246 2392 325 2426 165.
361 2393 418 2428 39.
464 2394 506 2428 τὸ
542 2391 581 2428 δ’
619 2391 709 2437 ὅρος
744 2415 786 2420 ——
811 2396 867 2430 42.
891 2392 1182 2452 Ελλήςποντον]
1220 2389 1243 2436 ἦ
1268 2391 1328 2432 δε,
1366 2392 1534 2435 μέγιστον

156 2433 331 2495 υπάρχων
360 2441 435 2473 τῶν
465 2441 560 2474 κατὰ
591 2441 659 2486 τὴν
675 2438 778 2485 Ἴδην
802 2442 852 2484 L,
887 2439 910 2485 ἡ
936 2439 975 2477 δὲ
999 2440 1168 2486 μέγιστον
1190 2452 1266 2474 των
1289 2434 1534 2493 υπαρχόντων

155 2484 249 2518 κατὰ
281 2481 347 2519 τὸν
371 2483 614 2529 ἑλλήςποντον
646 2490 680 2520 et
711 2488 745 2521 in
777 2499 890 2532 marg.
921 2500 978 2542 γρ.
1030 2487 1199 2543 μέγιστον
1231 2483 1272 2519 ὁε
1303 2481 1533 2528 νποὲρχονται

155 2526 250 2564 κατὰ
272 2529 337 2572 τὴν
363 2532 446 2576 ι’δην
469 2534 521 2574 F,
542 2544 601 2566 nes
605 2533 659 2566 cio
681 2544 723 2567 an
748 2534 885 2568 omissis
907 2532 950 2568 τό
978 2531 1016 2568 6'
1042 2531 1415 2586 ὅρος-Μελισσέως
1429 2529 1531 2575 Ἰδης

293 2577 348 2611 47.
396 2579 586 2635 γίνεσθαι]
611 2580 801 2623 γίγνεσθαι
824 2581 864 2619 L,
890 2591 1015 2625 margo
1038 2581 1080 2622 1«,
1105 2579 1165 2622 qui
1187 2579 1260 2622 ipse
1283 2576 1457 2621 γενέσθαι

247 2619 304 2655 53.
326 2624 617 2670 τετραμμένον]
653 2625 814 2668 μένοντα
835 2627 895 2659 FL
1077 2625 1135 2660 57.
1181 2624 1429 2667 τρίπλεθρον]
1456 2622 1531 2665 τρί-

157 2669 312 2709 ’ἴλας-11901)
337 2668 366 2701 1⁴
532 2671 590 2704 (il.
639 2672 684 2718 τῇ
707 2671 811 2707 πόλει
831 2671 996 2706 asterisco
1020 2672 1154 2706 notavit
1172 2671 1371 2727 Stephanus

155 2713 353 2756 προςέπεσε
375 2714 437 2750 καὶ
459 2729 533 2760 παρ
545 2713 577 2761 ³]
607 2715 791 2752 ἐθεάσατο
816 2717 878 2752 καὶ
901 2717 1116 2763 προςπεσιὸν
1140 2714 1235 2761 αὐτῇ
1259 2728 1334 2758 παρ
1380 2715 1432 2756 X
1469 2712 1532 2749 καὶ

156 2772 369 2842 προςπεςςων
394 2758 672 2806 αντιπροςέπεσε
695 2765 758 2800 καὶ
781 2761 871 2809 παρ’
898 2765 927 2799 L
1089 2764 1146 2798 62.
1193 2759 1411 2805 ἀποπεσων]
1440 2755 1531 2794 οἷπο-

155 2818 274 2851 τυχων

1573 388 1627 426 30

1571 665 1627 706 35

1572 890 1624 933 40

1571 1173 1626 1217 45

1571 1455 1626 1498 50

1570 1686 1624 1730 55

1568 1971 1622 2010 60
