1820 3249
327 168 435 208 1880
687 163 937 205 Llss.x1x
996 165 1128 206 cAP.
1157 166 1226 206 42.
1256 156 1324 207 ’43

327 273 538 331 νομένων,
570 274 723 318 πολλοὶ
754 272 862 329 παρ’
894 274 1151 346 ἀμφοτέρων
1179 276 1371 319 επιπτον
1416 273 1486 318 ὅτε
1508 271 1561 328 δὴ
1589 283 1687 316 συν-

245 338 298 379 55
328 332 404 388 ε’βη
441 333 512 375 καὶ
550 336 637 374 τῶν
676 331 921 401 ἐλεφάντων
959 335 1069 388 πρὸς
1100 332 1323 400 ἀλλήλους
1364 329 1689 398 ἀγωνιζομένων

324 393 470 432 πεσεῖν
508 392 597 431 τῶν
626 387 855 439 Εὐμένους
883 389 961 433 τόν
990 389 1347 443 προηγούμενον,
1387 385 1689 456 συμπλακέντα

324 448 385 501 τῷ
414 446 637 514 κρατίστῳ
646 448 733 487 τῶν
757 442 1134 500 ἀντιτεταγμένων.
1176 445 1327 499 διόπερ
1349 442 1548 514 Εὐμένης
1567 440 1689 495 ὁρῶν

323 501 428 552 τοὺς
457 517 531 569 μετ
583 498 720 544 αὐτοῦ
739 501 1023 570 πανταχόθεν
1058 502 1415 557 ἐλαττουμένους,
1465 499 1611 554 ἐξῆγεν
1642 497 1689 540 ἐκ

323 561 399 628 τῆς
425 555 562 625 μάχης
590 556 694 608 τοὺς
722 556 1115 612 υπολελειμμένους
1146 559 1311 609 ἱππεῖς,
1351 558 1424 600 καὶ
1452 553 1689 609 παρελθών

242 622 296 662 60
327 614 394 657 ἐπι
422 613 612 666 θάτερον
632 615 769 674 κέρας
798 614 1065 683 ἀνελάμβανε
1100 614 1206 665 τούς
1242 614 1345 669 μετά
1381 614 1599 656 Φιλίππου
1628 626 1689 652 τε-

324 671 574 725 ταγμένους,
606 673 671 721 οἱς
699 673 753 725 ἡν
781 670 1088 725 παρηγγελκως
1116 675 1398 725 φυγομαχεῖν.
1454 668 1482 724 ἡ
1511 683 1589 736 μεν
1608 664 1691 709 οὖν

241 733 296 773 43
325 731 413 769 τῶν
450 727 614 770 ἱππέων
648 727 759 796 μάχη
795 730 1001 769 τοιοῦτον
1037 726 1129 781 ἔσχε
1160 726 1209 769 τὸ
1239 728 1371 777 τέλος.
1428 728 1517 768 τῶν
1547 723 1591 766 δὲ
1621 738 1692 766 πε-

327 787 413 836 ζῶν
452 785 494 853 οἱ
533 799 612 838 μεν
641 782 959 837 ἀργυράσπιδες
989 782 1316 837 συμφράξαντες
1343 782 1417 825 καὶ
1441 779 1693 852 βιαιότερον

242 845 346 885 65τ
323 845 416 890 τοῖς
453 837 822 909 ἀντιτεταγμένοις
860 839 1154 889 ἐπιπεσόντες,
1193 855 1297 889 τους
1335 854 1414 894 μεν
1450 837 1497 880 ἐν
1533 839 1692 905 χειρῶν

322 897 445 952 νόμῳ
469 894 742 965 διέφθειραν,
770 911 875 946 τους
895 895 940 939 δε
964 893 1300 963 συνηνάγκασαν
1322 898 1493 949 φυγεῖν.
1536 890 1692 936 ἀκατά-

321 964 462 1007 σχετοι
500 952 546 994 δὲ
591 957 686 1002 ταῖς
717 952 873 1006 ὁρμαῖς
901 951 1151 1021 γενόμενοι,
1193 952 1267 996 καὶ
1303 950 1411 1006 πρὸς
1439 952 1585 993 πᾶσαν
1613 963 1693 1003 την

320 1013 408 1050 τῶν
438 1008 647 1050 ἐναντίων
686 1007 908 1078 φάλαγγα
918 1007 1300 1080 διαγωνισάμενοι,
1345 1010 1561 1050 τοσοῦτον
1598 1009 1693 1055 ταῖς

322 1062 551 1120 εὐχειρίαις
579 1065 653 1107 καὶ
683 1065 849 1121 ῥώμαις
870 1064 1112 1137 ὑπερεῖχον
1142 1063 1253 1116 ⁶33&
1281 1063 1448 1107 ἑαυτῶν
1480 1078 1559 1116 μεν
1587 1059 1692 1104 ἀπο-

239 1127 294 1165 70
325 1125 473 1177 βαλεῖν
504 1122 689 1176 μηδένα,
718 1124 807 1163 τῶν
837 1120 880 1164 δ’
911 1121 1120 1165 ἐναντίων
1148 1120 1315 1164 ἀνελεῖν
1345 1137 1424 1189 μεν
1452 1117 1560 1172 υπὲρ
1590 1117 1693 1167 τοὺς

320 1179 700 1232 πεντακιςχιλίους,
729 1177 974 1230 τρέψασθαι
1004 1178 1049 1221 δὲ
1067 1176 1170 1228 τούς
1186 1176 1340 1230 πεζούς
1358 1175 1534 1226 πάντας,
1564 1173 1694 1223 ὄντας

322 1235 688 1284 πολλαπλασίους.
745 1232 949 1303 Εὐμένης
987 1234 1032 1278 δὲ
1070 1233 1322 1303 πυθόμενος
1356 1234 1435 1288 τὴν
1472 1248 1550 1286 μεν
1580 1229 1694 1273 ἀπο-

322 1290 482 1346 σκευην
520 1289 753 1359 ηλωκέναι,
797 1306 902 1340 τους
931 1289 974 1333 δ’
1007 1292 1149 1341 ἱππεῖς
1178 1307 1282 1340 τους
1310 1289 1430 1358 μετὰ
1444 1289 1693 1331 Πευκέστου

239 1350 294 1393 75
323 1365 382 1415 μη
412 1345 586 1402 μακράν
611 1346 804 1401 ἀπέχειν,
854 1347 1121 1402 ἐπεχείρησεν
1151 1344 1374 1401 ἀθροίζειν
1402 1344 1596 1395 ἅπαντας
1621 1342 1694 1386 καὶ

321 1404 450 1447 πάλιν
494 1405 755 1472 ἱππομαχεῖν
791 1403 902 1456 πρὸς
938 1402 1203 1472 Ἀντίγονον.
1271 1402 1426 1471 ἤλπιζε
1456 1401 1540 1456 γάρ
1578 1399 1692 1470 μάχῃ

320 1459 540 1515 κρατήσας
569 1458 624 1502 ου’
653 1458 794 1514 μόνον
822 1458 904 1515 τήν
936 1461 1052 1502 ἰδίαν
1081 1457 1334 1515 ἀποσκευὴν
1365 1458 1546 1509 σώσειν,
1583 1455 1694 1500 ἀλλά

321 1517 394 1560 καὶ
426 1516 505 1570 τὴν
534 1520 622 1560 τῶν
645 1517 871 1586 ’πολεμίων
907 1514 1244 1586 προςλήψεσθαι.
1302 1519 1389 1558 τῶν
1418 1516 1463 1558 δὲ
1492 1513 1589 1568 περὶ
1616 1512 1695 1556 τόν

324 1573 589 1641 Πευκέστην
603 1572 683 1628 οὐχ
716 1571 1045 1624 ὑπακουόντων,
1076 1570 1183 1615 ἀλλά
1210 1572 1284 1615 καὶ
1307 1570 1568 1615 τούναντίον
1585 1569 1695 1623 ποῤ-

238 1639 292 1680 80
322 1629 494 1699 ρωτέρω
543 1627 623 1683 τὴν
659 1615 942 1697 ἀποχώρησιν
986 1629 1264 1699 ποιουμένων
1301 1629 1371 1671 ἐπί
1407 1644 1503 1670 τινα
1541 1625 1693 1674 τόπον,

323 1686 412 1741 ἅμα
446 1686 492 1729 δὲ
521 1687 594 1728 καὶ
622 1688 783 1735 νυκτός
811 1684 1241 1754 καταλαμβανούσης,
1270 1682 1525 1740 ἠναγκάσθη
1556 1686 1693 1726 συνεῖ-

322 1744 391 1794 ξαι
419 1746 478 1784 τῶ
510 1745 662 1798 καιρῷ.
712 1741 962 1811 Ἀντίγονος
999 1741 1045 1785 δὲ
1074 1758 1177 1791 τους
1211 1744 1352 1791 ἱππεῖς
1381 1742 1440 1791 εἰς
1469 1742 1549 1784 δύο
1582 1738 1691 1810 μέρη

322 1787 595 1853 διελόμενος,
641 1815 746 1849 τους
786 1814 864 1852 μεν
905 1796 1037 1848 αὐτὸς
1072 1798 1180 1868 ἔχων
1218 1797 1430 1854 ἐφήδρευε
1465 1802 1556 1847 τοῖς
1594 1796 1692 1849 περὶ

320 1855 399 1898 τὸν
429 1854 615 1910 Εὐμένη,
644 1854 723 1910 τὴν
752 1853 895 1910 ὁρμὴν
926 1852 1073 1897 αυτῶν
1103 1853 1386 1908 ἀποθεωρῶν
1417 1852 1522 1904 τούς
1552 1851 1593 1896 δ’
1620 1852 1689 1895 ἄλ·
1701 1860 1767 1896 351

239 1924 293 1967 85
322 1916 428 1961 λους
455 1911 682 1965 παραδους
712 1912 901 1953 Πύθωνι
929 1910 1188 1965 προςέταξεν
1221 1909 1452 1954 ἐπιθέσθαι
1491 1914 1580 1960 τοῖς
1618 1907 1691 1963 ἀρ-

321 1966 559 2038 γυράσπισι
587 1968 908 2022 μεμονωμένοις
936 1971 1010 2018 τῆς
1033 1971 1121 2009 τῶν
1143 1968 1306 2010 ἱππέων
1327 1968 1545 2036 βοηθείας.
1582 1983 1689 2021 ταχυ

323 2023 371 2067 δ’
403 2022 542 2066 αὐτοῦ
570 2023 619 2066 τό
647 2023 920 2078 προςταχθεν
949 2027 1257 2073 συντελοῦντος
1287 2041 1329 2066 οι
1359 2022 1613 2072 Μακεδόνες
1631 2023 1691 2071 εἰς
1728 2066 1731 2067 ⁷

323 2082 530 2123 πλινθίον
568 2079 749 2130 ἑαυτούς
781 2079 1036 2150 ποιήσαντες
1074 2078 1278 2133 ἀσφαλῶς
1309 2078 1594 2147 ἀπεχώρησαν
1621 2078 1691 2120 ἐπι

240 2153 295 2193 90
324 2137 401 2181 τὸν
429 2136 647 2192 ποταμόν,
684 2136 756 2180 καὶ
787 2139 877 2179 τῶν
904 2135 1002 2191 περὶ
1031 2135 1109 2179 τὸν
1139 2135 1389 2192 Πευκέστην
1416 2135 1691 2191 κατηγόρουν

321 2318 379 2401 533
428 2316 675 2364 ἀμφοτέρων]
698 2315 926 2362 ἀμφοτέροις
950 2311 1211 2361 Wesseiingius:
1237 2315 1296 2359 qui
1319 2326 1415 2349 casus
1438 2327 1500 2359 pro
1523 2315 1585 2349 3110
1603 2316 1692 2349 mul-

353 2366 475 2399 slocis
500 2377 541 2399 ex
566 2365 664 2398 libris
689 2366 862 2398 restitutus
886 2368 956 2407 est,
988 2368 1026 2398 ut
1056 2362 1282 2398 restituendus
1313 2362 1470 2396 *identat
1500 2363 1607 2396 etiam
1629 2362 1691 2396 ubi

324 2423 442 2445 omnes
475 2411 510 2444 ἰιι
544 2412 654 2445 altero
685 2411 899 2444 consentiunt
979 2417 982 2420 “
1077 2409 1133 2444 56.
1177 2408 1245 2442 τόν
1275 2419 1343 2441 om.
1368 2409 1450 2442 Bas.
1633 2407 1690 2442 60.

323 2455 570 2513 ἀνελάμβανε]
606 2455 757 2515 ἀνέλαβε
781 2457 889 2490 FVW
1075 2455 1133 2488 64.
1180 2452 1510 2499 ἀντιτεταγμένοις]
1546 2450 1691 2488 ‹ivata-

325 2502 470 2558 γμένοις
491 2504 520 2536 F
702 2500 950 2545 ἐπιπεσόντες]
975 2497 1244 2541 ἐπειςπεσόντες
1268 2501 1342 2533 FW
1525 2500 1582 2535 69.
1619 2512 1691 2544 μη-

326 2548 435 2604 δένα]
461 2546 560 2592 μηθ’
584 2546 648 2583 ενα
671 2550 754 2584 Bas.
935 2548 992 2582 71.
1040 2546 1197 2590 πάντας]
1235 2542 1399 2586 ἅπαντας
1419 2547 1450 2581 F
1630 2547 1690 2580 72.

324 2592 392 2637 τήν
416 2592 504 2638 μεν]
532 2591 597 2636 τὴν
620 2595 650 2628 F
830 2593 886 2628 80.
932 2605 1014 2628 τινα
1037 2592 1180 2634 τόπον]
1206 2604 1278 2628 τισι
1301 2591 1429 2632 τόποις
1453 2593 1582 2634 FVW,
1605 2603 1689 2627 τινα

326 2640 448 2683 λόφον
473 2641 554 2673 Ποῖ.-
549 2640 634 2674 Idus
785 2639 840 2674 81.
889 2636 1107 2690 ἠναγκάσθη
1130 2639 1292 2683 συνεῖξαι
1315 2638 1479 2674 Reiskius
1499 2643 1575 2683 post
1588 2639 1688 2672 Wes-

326 2687 530 2731 selingium:
554 2686 636 2720 libri
659 2683 946 2732 ἠναγκάσθησαν
969 2683 1063 2729 εἶξαι

417 2753 498 2788 351.
531 2753 588 2787 88.
635 2755 684 2796 εἰς
707 2757 881 2792 πλινθίον
906 2750 1083 2800 εαυτους]
1106 2753 1282 2791 πλινθίον
1305 2750 1445 2789 ἑαυτῶν
1467 2752 1498 2787 V

324 2799 381 2836 89.
428 2800 486 2837 ἐπὶ
509 2811 578 2835 om.
603 2801 634 2834 F
