1820 3249
505 155 621 195 LlB.
651 153 739 196 XV.
797 152 928 194 ΟΔΡ.
959 156 1026 197 70.
1056 156 1124 196 71
1405 155 1513 197 1013

131 264 237 316 τούς
266 263 596 318 εὐπορωτάτους
624 267 713 308 τῶν
742 264 1006 308 Σικυωνίων
1035 262 1319 332 ἐφυγάδευσε,
1350 263 1504 319 δημεύ-

131 332 210 371 σας
240 321 386 365 αὐτῶν
411 322 488 370 τοὶς
519 321 686 374 οὐσίας,
709 322 782 365 καὶ
811 325 986 364 πολλῶν
1014 319 1246 391 χρημάτων
1274 320 1506 373 κυριεύσας
1537 334 1588 371 10

127 377 438 434 μισθοφόρους
465 376 647 434 ἤθροισε
674 378 749 422 καὶ
776 381 851 434 τῆς
878 376 1041 428 πόλεως
1071 376 1400 420 ἐδυνάστευσεν.

237 464 330 512 Ἐπ’
370 465 581 524 ἄρχοντος
620 465 662 512 6’
689 466 914 539 Ἀθήνησι
938 465 1247 536 Ναυσιγένους
1281 466 1327 508 ἐν
1359 464 1500 522 Ρώμῃ
1530 473 1583 513 71

63 524 111 563 58
127 524 340 580 χιλίαρχοι
367 525 696 580 κατεστάθησαν
725 525 823 568 ἀντὶ
852 527 940 568 τῶν
961 524 1140 568 ὑπάτων
1160 522 1370 576 τέτταρες,
1391 523 1500 568 Λεύ-

125 597 222 632 κιος
252 583 484 634 Παπίριος,
513 584 700 632 Λεύκιος
728 579 965 636 Μενήνιος,
991 577 1210 651 Σερούιος
1240 576 1500 648 Κορνηλιος,
1534 585 1585 625 15

124 637 340 691 Σερούιος
355 639 673 709 Σουλπίκιος,
688 637 809 693 παρὰ
839 637 885 681 65
907 637 1090 688 Ἠλείοις
1116 635 1358 691 Ὀλυμπιας
1389 634 1504 703 ἤχθη

124 695 246 750 τρίτη
277 710 390 766 προς
424 700 518 746 ταῖς
547 693 726 748 ἑκατόν,
767 693 880 738 καθ’
889 693 964 763 ῆι
992 693 1115 737 ἐνίκα
1140 693 1322 736 στάδιον
1353 691 1503 735 Πυθό-

125 762 310 804 στρατος
337 751 581 806 Ἀθηναῖος.
637 751 706 794 ἐπὶ
736 751 782 794 65
820 749 992 794 τούτων
1023 754 1296 803 Πτολεμαῖος
1327 746 1351 792 6
1378 747 1503 791 'Alm-

124 808 245 875 ρίτης
285 806 309 851 6
344 806 561 863 Ἀμύντου
601 806 699 859 υίὸς
745 807 1067 862 ἐδολοφόνησεν
1104 805 1387 860 Ἀλέξανδρον
1422 803 1502 848 τὸν

122 861 329 917 ἀδελφόν,
359 865 434 908 καὶ
464 865 711 920 ἐβασίλευσε
739 882 815 921 της
837 866 1117 915 Μακεδονίας
1147 863 1218 918 ἐτη
1245 864 1355 934 τρία.
1388 862 1498 906 κατὰ
1529 870 1583 909 20

123 919 170 963 δὲ
199 919 279 976 τὴν
298 922 518 964 Βοιωτίαν
546 922 816 972 Πελοπίδας,
847 921 1086 977 ἐφάμιλλος
1117 919 1180 964 ὢν
1209 924 1270 990 τῷ
1293 918 1495 988 Ἐπαμει-

120 974 272 1020 νιόνδα
288 981 366 1047 τῇ
402 995 512 1021 κατα
544 977 735 1047 πόλεμον
765 976 891 1035 δόξη,
922 978 996 1022 καὶ
1024 979 1216 1031 θεωρῶν
1246 975 1414 1019 ἐκεῖνον
1442 991 1496 1018 τα
1535 1028 1538 1032 .

119 1033 221 1087 περὶ
270 1034 350 1091 τὴν
395 1033 754 1108 Πελοπόννησον
785 1033 1100 1090 συμφερόντως
1150 1033 1495 1076 κατεσκευακότα

119 1094 213 1140 τοῖς
242 1094 467 1142 Βοιωτοῖς,
495 1091 675 1135 ἔσπευδε
703 1109 756 1134 τα
786 1092 906 1142 ἐκτὸς
936 1088 1283 1146 Πελοποννήσου
1313 1088 1370 1132 δι’
1398 1088 1494 1133 ἓαυ
1523 1092 1579 1133 25

118 1150 208 1190 τοῦ
235 1146 530 1218 προςάγεσθαι
571 1153 663 1199 τοῖς
701 1149 918 1204 Θηβαίοις
975 1147 1251 1203 παραλαβων
1279 1146 1325 1190 65
1358 1145 1495 1218 Ἰσμη-

117 1204 242 1256 νίαν,
283 1202 425 1259 ἄνδρα
460 1206 593 1260 φίλον
631 1205 711 1260 μὲν
748 1205 926 1257 ἑαυτοῦ,
963 1205 1301 1259 θαυμαζόμενον
1339 1201 1380 1246 δ’
1420 1199 1492 1245 ἐπ’

115 1257 271 1331 αρετῇ,
310 1265 537 1331 παρῆλθεν
574 1262 634 1312 εἰς
675 1262 920 1305 Θετταλίαν.
985 1262 1259 1332 καταντήσας
1298 1258 1344 1303 65
1381 1258 1496 1314 πρὸς

115 1314 394 1388 Ἀλέξανδρον
441 1317 522 1362 τόν
567 1321 724 1372 Φερῶν
760 1317 984 1373 τύραννον
1021 1316 1190 1373 ἀλόγως
1236 1315 1494 1388 συνελήφθη

117 1371 211 1428 μετ’
241 1373 459 1430 Ἰσμηνίου
486 1375 561 1418 καὶ
591 1376 650 1425 εἰς
678 1375 882 1445 φυλακήν
909 1376 1149 1431 παρεδόθη.
1204 1373 1411 1430 Θηβαίων
1439 1371 1484 1415 6'
1516 1378 1571 1417 30

116 1429 186 1473 ἐπι
221 1435 311 1481 τοῖς
351 1435 582 1501 πραχθεῖσι
609 1431 997 1485 παροξυνθέντων,
1030 1433 1104 1475 καὶ
1133 1431 1293 1487 ταχέως
1321 1431 1381 1481 εἰς
1409 1429 1495 1484 τήν

119 1488 351 1532 Θετταλίαν
380 1486 692 1542 ἐκπεμψάντων
719 1487 896 1538 ὁπλίτας
925 1489 1003 1541 μὲν
1031 1488 1396 1543 όκτακιςχιλίους,
1424 1487 1489 1528 ἱπ-

114 1547 209 1594 πεῖς
239 1542 282 1586 δ’
309 1543 579 1595 ἑξακοσίους,
612 1545 827 1615 φοβηθεὶς
846 1543 1125 1599 Ἀλέξανδρος
1158 1544 1361 1614 ἐξέπεμψε
1383 1557 1487 1596 πρε·

114 1599 298 1669 σβευτὰς
326 1602 386 1649 είς
414 1617 493 1650 τας
516 1599 706 1656 Ἀθήνας
734 1600 832 1655 περὶ
863 1603 1117 1656 συμμαχίας.
1160 1595 1197 1658 ᾧ
1224 1602 1487 1668 παραχρῆμα
1514 1602 1570 1644 35

67 1683 71 1691 ·
113 1654 139 1699 6
166 1657 302 1710 δῆμος
343 1657 545 1715 ἐξέπεμψε
582 1661 692 1708 ναῦς
713 1658 805 1726 μὲν
836 1657 1099 1727 τριάκοντα,
1139 1645 1410 1727 στρατιώτας
1440 1655 1488 1698 65

111 1714 300 1768 χιλίους,
339 1715 402 1756 ὠν
430 1731 485 1770 ην
513 1713 751 1782 στρατηγὸς
780 1710 1017 1769 Αὐτοκλῆς.
1069 1713 1116 1764 ἐν
1153 1712 1243 1771 ὅσῳ
1281 1711 1326 1756 δ’
1356 1714 1487 1762 οὐτος

112 1769 328 1823 περιέπλει
355 1771 442 1841 τὴν
463 1768 686 1825 Εὔβοιαν,
725 1772 913 1839 Θηβαῖοι
939 1759 1227 1840 κατήντησαν
1244 1770 1303 1820 εἷς
1336 1772 1487 1812 Θεττα-

110 1827 223 1869 λίαν.
253 1829 333 1870 τοῦ
364 1826 408 1870 δ’
431 1824 718 1897 Ἀλεξάνδρου
746 1826 877 1882 πεζὴν
907 1825 1095 1883 δύναμιν
1124 1823 1386 1895 η’θροικότος
1411 1824 1485 1868 καὶ

111 1883 253 1934 ἱππεῖς
291 1885 642 1940 πολλαπλασίους
687 1883 861 1950 ἐχοντος
897 1886 987 1927 τῶν
1025 1887 1257 1934 Βοιωτῶν,
1306 1881 1355 1925 τό
1403 1883 1482 1936 μὲν
1509 1884 1565 1926 40

108 1943 286 1994 πρῶτον
324 1941 369 1983 οἱ
395 1935 582 1983 Βοιωτοὶ
611 1939 682 1984 δια
712 1957 848 2008 μαχης
873 1940 1050 1993 ἔκρινον
1077 1944 1210 1983 λῦσαι
1245 1939 1322 1982 τὸν
1350 1938 1481 1981 πόλε-

110 2012 209 2066 μον,
230 1996 472 2065 συνεργους
500 1996 666 2068 ἔχοντες
688 1995 791 2046 τοὺς
809 1997 1069 2047 Θετταλούς·
1102 2013 1161 2047 ως
1190 1994 1233 2038 δ’
1253 1997 1376 2038 οὑτοι
1398 1995 1478 2064 μὲν

108 2051 273 2104 αὐτοῦς
301 2053 600 2108 ἐγκατέλιπον,
632 2050 858 2125 Ἀθηναῖοι
894 2053 940 2096 65
978 2054 1053 2097 καί
1080 2068 1192 2103 τινες
1223 2050 1346 2095 ἄλλοι
1377 2049 1479 2105 σύμ-

106 2126 236 2166 μαχοι
262 2110 553 2166 παρεγένοντο
583 2113 645 2170 τῷ
669 2107 958 2170 Ἀλεξάνδρω,
987 2109 1041 2154 τοὶ
1073 2110 1119 2155 65
1149 2114 1245 2153 σῖτα
1273 2125 1347 2153 και
1364 2124 1478 2152 ποτα

104 2277 138 2312 8
163 2275 462 2360 Ξυπθρῗέάτους]
488 2277 767 2327 εὐπορωτέρους
789 2284 823 2318 Κ
1000 2282 1057 2317 12
1083 2277 1350 2326 Ναυσιγὲνῦυς]
1376 2279 1478 2315 Πᾶν’·

102 2335 160 2368 σιγ
181 2337 267 2364 νονς

195 2370 252 2405 58.
285 2373 340 2406 Η.
366 2372 565 2416 Παπίριος]
586 2372 784 2415 Παπύριος
805 2374 907 2409 libri:
931 2375 1138 2409 conferenda
1161 2384 1250 2418 quae
1273 2372 1314 2405 de
1337 2370 1393 2404 his
1414 2370 1476 2404 tri-

103 2415 206 2451 bunis
228 2417 387 2452 disseruit
409 2419 626 2472 Borghesiu‘s
649 2433 685 2464 p.
699 2422 741 2454 H.
768 2434 800 2464 p.
812 2422 893 2454 202.
914 2442 958 2448 —
982 2422 1062 2456 212.
1223 2416 1378 2456 Λεύκιος
1400 2428 1470 2450 0¹²¹·

102 2462 168 2495 AR
349 2462 555 2508 Μενήνιος]
581 2467 782 2507 Μἐνοίνιος
803 2467 869 2501 FK
1029 2467 1084 2501 15.
1109 2464 1288 2519 Σερούιος
1309 2463 1471 2497 0111.ΑῘῖ

282 2510 502 2554 Σολπίκιος]
540 2510 724 2553 Ὀλπίκιος
756 2515 790 2546 R
821 2517 856 2546 et
887 2514 1034 2547 sortasse
1066 2515 1110 2546 A:
1146 2511 1273 2546 caeteri
1304 2509 1469 2544 Σουλπί-

99 2564 198 2592 utos:
228 2554 373 2590 alteram
402 2558 552 2591 Formam
582 2559 718 2592 restitui
749 2561 816 2593 vol.
837 2559 867 2593 Ι.
898 2571 934 2602 p.
960 2559 1040 2594 513.
1060 2559 1117 2593 52
1301 2556 1357 2591 20·
1382 2555 1468 2599 τρία

99 2598 386 2635 Rhadaman-nus:
407 2603 488 2636 libri
511 2604 710 2649 τριάκοντα
894 2605 950 2638 25.
976 2603 1134 2648 ἑαυτου]
1160 2616 1276 2639 αυτου
1303 2601 1334 2636 F

143 2644 200 2678 26.
211 2642 381 2698 ἑαυτου]
414 2645 532 2686 αὐτοῦ
561 2651 579 2683 l
761 2650 819 2684 29.
841 2663 906 2694 μετ
947 2652 994 2709 A,
1023 2651 1148 2685 caeteri
1170 2648 1262 2695 μετὰ

97 2689 155 2726 31·
177 2687 242 2734 τήν
266 2704 337 2745 pm.
360 2693 389 2726 F
546 2696 604 2732 37.
629 2692 671 2730 6’
696 2691 825 2740 οὗτος]
850 2695 889 2731 65
923 2692 1033 2736 οὗτος
1056 2697 1120 2732 FK
1287 2693 1344 2727 40.
1368 2692 1463 2748 πρῶ-

97 2737 177 2780 ῑθν]
202 2749 384 2778 προτερον
409 2740 436 2772 Α
616 2743 674 2779 41.
695 2742 825 2788 μάχης]
848 2741 968 2789 μάχην
992 2744 1026 2777 Κ
1092 2780 1113 2785 .⁷
1229 2740 1286 2776 42.
1309 2737 1351 2784 μὲ
1355 2751 1375 2774 ν
1399 2751 1466 2774 αν

96 2783 165 2818 τοῦ
187 2784 446 2829 συγκατέλιπον
468 2787 499 2821 1⁴*
901 2815 904 2818 >
1126 2817 1131 2821 .
