1820 3249
535 108 1507 152 LIB.XV11.cAP.82.1215

126 220 259 295 ἦρχεν
296 221 599 291 Εὐθύκριτος,
650 221 698 264 ἐν
727 220 870 291 Ρώμῃ
911 220 957 264 δὲ
995 220 1075 276 τὴν
1112 220 1329 290 ’ὑπατικὴν
1368 219 1509 276 άρχὴν

128 279 373 333 διεδέξαντο
422 276 611 329 Λεύκιος
659 277 860 328 Πλώτιος
914 277 988 321 καὶ
1035 276 1220 328 Λεύκιος
1277 279 1510 333 Παπίριος,
1538 286 1594 325 20

124 337 229 382 Ὀλυ
231 336 363 407 μπιάς
400 335 446 380 δ’
481 334 598 406 ἤχθη
640 336 760 406 τρίτη
799 334 910 389 πρὸς
949 339 1042 385 ταῖς
1082 335 1236 378 ἑκατὸν
1266 334 1382 377 δέκα.
1440 335 1510 377 ἐπὶ

129 395 176 440 δὲ
204 393 375 438 τούτων
399 390 678 445 Ἀλέξανδρος
707 391 993 445 ἐστράτευσεν
1023 392 1093 435 ἐπὶ
1122 392 1226 443 τούς
1252 390 1511 446 ὀνομαζομέ-

129 467 239 502 νους
277 448 667 522 Παροπαμισάδας
727 447 754 505 ἡ
795 449 840 492 δὲ
880 447 1050 492 τούτων
1088 448 1211 518 χώρα
1251 453 1388 491 κεῖται
1433 447 1512 502 μὲν

127 507 209 553 ’ὑπ’
240 504 376 557 αὐτὰς
414 505 492 557 τάς
521 505 721 560 α’ρκτους,
745 508 1063 575 χιονοβολεῖται
1097 505 1141 549 δε
1171 508 1287 548 πᾶσα
1317 505 1390 547 καὶ
1419 508 1511 554 τοῖς

129 565 279 614 ἄλλοις
318 563 464 606 ἔθνεσι
500 561 782 617 δυςεπίβατός
819 562 908 605 ἐστι
946 562 1018 605 διὰ
1046 564 1125 618 τὴν
1152 561 1402 617 ὑπερβολήν
1431 563 1511 604 τοῦ
1541 564 1595 604 25

127 621 308 676 ψύχους.
365 618 391 676 ἡ
420 621 595 677 πλείστη
634 619 680 663 δε
704 618 868 677 πεδιὰς
898 613 1012 662 οὖσα
1040 620 1114 662 καὶ
1147 619 1303 671 ἄξυλος
1332 621 1513 668 πολλαῖς

125 677 295 732 κώμαις
341 678 594 747 διείληπται.
663 678 793 719 αὗται
844 675 890 719 δὲ
931 674 1008 726 τὰς
1047 680 1134 718 τῶν
1171 677 1324 718 οἰκιῶν
1362 675 1513 742 στέγας

127 733 300 790 ε’χουσιν
341 732 388 776 ἐκ
416 735 618 777 πλίνθων
647 734 708 784 εἰς
737 732 816 784 ὀξυ
848 731 1130 804 συνηγμένων
1163 730 1344 802 ἐχούσας
1375 729 1510 786 καμά-

127 803 235 846 ραν·
283 789 393 833 κατά
432 791 479 834 δὲ
518 789 654 861 μέσην
682 789 762 845 τὴν
793 788 966 845 ὀροφὴν
997 788 1357 862 άπολελειμμένης
1387 790 1510 831 διαυ-
1540 792 1594 832 30

125 849 266 902 γείας,
305 846 378 890 διὰ
407 845 568 903 ταύτης
598 847 622 891 ὁ
653 846 822 898 καπνὸς
851 846 1098 901 ἐκφέρεται
1130 847 1203 889 καὶ
1232 843 1513 900 πανταχόθεν

125 907 202 959 τῆς
232 904 485 973 οἰκοδομίας
513 901 811 975 περιεχούσης
827 905 872 946 οἱ
894 906 1205 973 κατοικοῦντες
1233 905 1396 958 πολλῆς
1421 901 1513 946 σκέ-

126 974 209 1016 πης
247 959 666 1028 τυγχάνουσιν.οῑ
710 957 751 1003 δ’
796 959 996 1015 ἐγχώριοι
1035 959 1108 1003 διὰ
1147 961 1196 1002 τὸ
1240 963 1411 1015 πλῆθος
1439 974 1514 1015 της

125 1017 272 1072 χιόνος
291 1017 342 1059 τό
371 1020 523 1060 πλεῖον
552 1015 685 1071 μέρος
714 1020 795 1059 τοῦ
827 1018 1031 1059 ἐνιαυτοῦ
1061 1021 1155 1066 ταῖς
1186 1017 1342 1066 οἰκίαις
1373 1016 1513 1059 ἐνδια-
1542 1015 1597 1058 85

124 1074 335 1145 τρίβουσι,
367 1072 777 1145 παρεσκευασμένας
800 1072 970 1143 ἔχοντες
990 1073 1069 1124 τάς
1088 1075 1201 1123 ἰδίας
1221 1070 1409 1127 τροφάς·
1439 1071 1516 1123 τὰς

126 1128 169 1174 δ’
211 1128 430 1184 ἀμπέλους
469 1130 546 1174 καὶ
583 1146 635 1175 τα
665 1128 933 1200 καρποφόρα
970 1134 1059 1172 τῶν
1103 1129 1297 1183 δένδρων
1327 1128 1515 1199 περιχώ-

126 1197 277 1237 σαντες
305 1188 378 1230 καὶ
402 1203 481 1241 την
509 1190 589 1230 τοῦ
619 1190 829 1257 χειμῶνος
859 1185 978 1241 ὥραν
1009 1185 1224 1237 ἐάσαντες,
1253 1185 1386 1229 πάλιν
1413 1185 1518 1229 άνα-

128 1243 354 1287 στέλλουσι
379 1259 458 1312 την
485 1247 569 1299 γῆν
597 1259 707 1286 κατα
736 1242 815 1287 τὸν
843 1247 924 1286 τοῦ
943 1246 1140 1313 βλαστοῦ
1159 1240 1330 1314 καιρόν.
1362 1242 1513 1286 άπασα

128 1298 174 1344 δ’
206 1299 242 1370 ἡ
279 1303 356 1356 τῆς
389 1298 534 1370 χώρας
574 1297 709 1355 φύσις
744 1298 844 1344 οὔτε
867 1299 1053 1370 χλωράν
1095 1299 1198 1343 οὔθ’
1232 1299 1401 1372 η’μερον
1429 1300 1513 1356 ἔχει
1542 1295 1598 1339 40

127 1356 367 1410 πρόςοψιν,
402 1355 520 1400 -άλλά
560 1356 721 1413 λευκὴν
749 1357 823 1400 καὶ
851 1354 1046 1413 ανταυγῆ
1071 1356 1152 1425 τὴν
1179 1356 1306 1428 χιόνα
1334 1357 1407 1400 καὶ
1436 1357 1514 1400 τὸν

126 1413 175 1456 ἐν
217 1411 328 1469 αυτῇ
359 1411 642 1483 πηγνύμενον
679 1412 973 1467 κρύσταλλον·
1015 1411 1164 1468 διόπερ
1208 1412 1306 1456 οὔτ’
1355 1413 1516 1486 ὀρνέου

125 1470 500 1523 προςκαθίζοντος
533 1468 632 1514 οὔτε
661 1472 823 1526 θηρίου
854 1469 1136 1520 διοδεύοντος
1165 1469 1294 1522 ἄξενα
1324 1472 1398 1513 καὶ
1420 1469 1513 1514 άνε-

126 1528 288 1597 πίβατα
327 1527 468 1570 πάντα
506 1525 560 1569 τὰ
589 1527 705 1597 μέρη
725 1530 801 1582 τῆς
829 1526 972 1597 χώρας
997 1526 1206 1594 ὑπῆρχεν.
1266 1525 1364 1570 ἀλλ’
1398 1526 1519 1583 ὅμως

127 1580 152 1626 ὅ
182 1582 388 1654 βασιλεύς
415 1581 585 1626 τούτων
616 1582 823 1627 απάντων
853 1582 1234 1656 ἀντιπραττόντων
1259 1587 1310 1640 τῇ
1335 1588 1528 1641 στρατιᾷ
1546 1581 1601 1622 45

126 1643 181 1696 τῇ
220 1639 406 1696 συνήθει
441 1639 579 1697 τόλμῃ
609 1641 683 1684 καὶ
711 1642 917 1697 καρτερία
945 1644 1033 1683 τῶν
1066 1638 1346 1684 Μακεδόνων
1375 1657 1516 1696 περιε-

50 1698 271 1752 Ξὲίγίνετο
306 1700 384 1753 τῆς
421 1700 601 1752 τοπικῆς
640 1698 964 1751 δυςτραπελίας.
1033 1695 1103 1740 διὸ
1142 1697 1196 1753 δή
1234 1697 1389 1741 πολλοὶ
1427 1701 1515 1742 τῶν

127 1757 408 1808 στρατιωτῶν
444 1753 519 1797 καὶ
555 1757 645 1796 τῶν
679 1753 803 1805 ἐκτὸς
831 1758 907 1810 τῆς
936 1751 1093 1806 τάξεως
1125 1753 1514 1798 συνακολουθούν-

127 1826 217 1854 των
259 1810 622 1863 ἐξαδυνατοῦντες
662 1810 969 1854 άπελείποντο’
1010 1811 1119 1854 ἔνιοι
1152 1810 1198 1853 δὲ
1229 1810 1302 1854 διά
1329 1811 1409 1867 τὴν
1438 1815 1514 1867 τῆς
1544 1806 1599 1849 50

128 1866 277 1938 χιόνος
314 1866 578 1940 ἀνταύγειαν
623 1868 697 1911 καὶ
737 1868 1007 1940 σκληρότητα
1046 1871 1122 1921 τῆς
1158 1865 1516 1939 άταβαλλομένης

132 1921 411 1975 ἀνακλάσεως
450 1924 724 1995 ἐφθείροντο.
785 1924 921 1981 σαφες
957 1923 1000 1968 δ’
1043 1924 1174 1968 οὐδὲν
1204 1925 1251 1968 ἐκ
1283 1925 1516 1996 διαστήμα-

129 1997 204 2032 τος
239 1997 296 2037 ην
336 1979 470 2033 ἰδεῖν,
520 1979 628 2024 ἀλλά
664 1980 787 2039 μόνῳ
828 1985 890 2039 τῷ
927 1984 1081 2039 καπνῷ
1113 1982 1394 2037 δηλουμένων
1423 1999 1515 2026 των

128 2041 290 2094 κωμῶν
318 2036 567 2108 ἐλάμβανον
596 2055 653 2083 οι
667 2027 924 2090 Μακεδόνες
957 2039 1011 2083 οὐ
1031 2043 1317 2082 κατοικοῦσιν
1340 2038 1514 2096 ἐφιστά-

128 2110 262 2151 μενοι.
320 2093 462 2152 τούτῳ
507 2094 553 2138 δὲ
588 2098 650 2152 τῷ
685 2096 832 2153 τρόπῳ
871 2099 961 2140 τῶν
999 2099 1160 2152 κωμῶν
1199 2095 1511 2154 ἁλισκομένων,
1541 2091 1596 2135 55

130 2251 188 2288 19.
234 2250 426 2298 Πλώτιος]
450 2251 613 2293 Πλάτιος
635 2253 784 2298 FLQX,
818 2255 978 2289 Plautius
1002 2254 1134 2297 Cospus
1318 2256 1514 2300 παπείριος

131 2298 163 2331 F
345 2299 403 2333 21.
450 2299 561 2344 δέκα]
593 2301 759 2335 excidisse
783 2301 1039 2345 olympionicae
1062 2312 1187 2334 nomen
1210 2303 1345 2337 monuit
1370 2304 1452 2337 Wes
1455 2304 1514 2338 sel.

312 2344 371 2380 22.
417 2345 760 2392 Παροπαμισάδας]
797 2348 1096 2393 Παροπανίαδας
1128 2347 1220 2389 ΤΧ,
1252 2349 1515 2394 παραπανισά-

133 2390 202 2431 δας
225 2390 268 2435 F,
291 2391 600 2447 Paropamissadas
623 2394 687 2427 Cos
674 2405 754 2437 pus
955 2394 1012 2430 27.
1062 2394 1289 2440 διείληπται]
1325 2398 1513 2441 διείληπτο

133 2436 193 2471 Fla
377 2431 512 2483 αυται]
540 2437 655 2480 αὐτας
678 2441 739 2474 FL
930 2440 990 2474 28.
1040 2441 1298 2498 συνηγμένων]
1338 2442 1516 2499 συνηγμέ-

132 2495 202 2522 νοις
224 2482 255 2516 Y
390 2484 448 2520 29.
473 2483 647 2531 ἐχούσας]
676 2485 840 2531 εχουσων
862 2487 922 2521 FL
1059 2485 1174 2532 μέσην
1180 2486 1287 2538 τὴν]
1314 2487 1380 2535 τὴν
1398 2489 1514 2535 μέσην

133 2529 196 2585 Flf
383 2530 440 2564 31.
485 2533 549 2568 καὶ
580 2532 838 2593 πανταχόθεν]
882 2531 1115 2576 πανταχόθεν
1145 2539 1215 2568 ουν
1248 2535 1310 2569 FL
1456 2536 1513 2570 44.

133 2574 209 2621 χιόρ
212 2575 280 2618 ας]
301 2576 367 2619 γῆς
390 2574 531 2622 ἐκείνης
542 2579 657 2634 FLQ
828 2579 886 2614 47.
935 2580 1211 2623 δυςτραπελείας
1235 2592 1354 2616 omnes

226 2621 307 2655 224.
331 2621 387 2655 49.
421 2622 485 2657 διοὶ
488 2591 590 2670 ητὴν]
615 2622 683 2671 τὴν
705 2626 811 2660 Basa
834 2626 1007 2661 Suidasv.
1025 2624 1216 2683 ἀνταυγεῖς
1234 2641 1350 2672 κορας
1363 2628 1412 2663 lta
1425 2627 1513 2662 scri-

134 2667 206 2702 bit:
230 2664 283 2703 δι’
305 2663 525 2713 ἀνταύγειαν
545 2672 669 2716 χιόνος
692 2672 754 2707 καὶ
768 2672 994 2731 σκληρότητα
1016 2673 1082 2716 τῆς
1099 2670 1398 2756 άναέβαλλομένης
1420 2674 1509 2709 οἰνα-

129 2711 290 2754 κλάσεως
310 2712 533 2759 ἐφθείροντο
716 2718 772 2753 53.
823 2715 868 2754 οὗ
902 2720 1141 2755 κατοικοῦσιν
1185 2732 1404 2767 φισταμενοι
1428 2721 1512 2755 Cos-

76 2798 78 2801 ,
131 2771 196 2804 pus
225 2761 369 2794 reddere
391 2762 525 2797 videtur
548 2763 662 2798 verbis
686 2765 775 2800 citra
799 2767 908 2800 ullum
931 2770 1105 2800 certamen
