1820 3249
248 117 358 160 1592
796 107 831 154 L
843 107 916 155 113.
960 111 1085 155 XIX.

245 231 332 268 bitis
356 231 509 267 camelis
537 229 781 267 dromadariis
801 241 882 266 rem
911 231 1175 277 praenuntiant
1206 226 1307 280 [37.],
1341 231 1516 266 Eumenis
1546 244 1634 267 con-

244 289 328 324 silia
357 289 403 324 ad
433 289 618 336 cogendas
647 288 773 334 copias
803 293 840 322 et
872 288 1138 324 retardandum
1175 289 1319 322 hostem
1353 284 1453 337 [38.].
1482 290 1635 337 Antigo-

245 357 318 382 nus
347 358 436 381 cum
474 346 513 380 in
551 345 763 392 propinquo
801 351 914 394 esset,
951 345 990 379 in
1027 346 1310 391 elephantorum
1350 357 1482 391 agmen
1511 346 1634 393 inopi-

246 409 335 438 nato
364 404 548 450 impetum
578 401 692 445 facit,
721 413 831 448 quem
863 401 978 436 eludit
1007 404 1202 436 Eumenes.
1234 402 1310 436 iam
1341 414 1427 436 vero
1458 403 1503 437 ab
1535 410 1636 438 utra-

245 472 318 507 que
350 467 456 508 parte
486 459 583 494 acies
611 459 819 496 instruitur.
851 455 950 508 [39.].
991 459 1167 505 Antigoni
1196 459 1304 497 acies.
1335 460 1510 494 Eumenis
1541 461 1637 495 acies

246 513 350 566 [4Ο.].
389 516 673 564 argyraspidum
701 527 837 563 praeco
875 516 921 550 ad
950 516 1171 562 phalangem
1202 516 1375 562 Antigoni
1404 518 1637 562 praemissus.

243 574 415 620 plerique
447 573 678 620 sexagenarii
707 579 743 608 et
778 573 1064 619 septuagenarii.
1109 572 1219 606 simul
1255 573 1448 608 classicum
1481 575 1639 610 canit-ur.

247 627 351 679 [41.].
382 641 509 678 pugna
538 631 823 677 elephantorum
861 635 897 663 et
936 630 1127 676 equestris.
1168 630 1391 663 Eumeniani
1417 631 1638 667 funduntur.

248 684 350 737 [42.].
380 700 506 734 pugna
545 688 724 734 pedestris
753 687 1037 733 argyraspidum
1074 686 1230 732 insignis
1260 686 1410 722 virtute.
1447 688 1510 721 sed
1538 689 1640 722 Anti-

247 756 367 791 gonus
392 746 505 779 instat
535 746 715 792 equitatu.
744 744 895 778 tandem
925 743 1151 778 Macedones
1181 742 1416 789 indignantes
1444 746 1640 779 Peucestae

245 802 442 848 segnitiam
481 807 517 835 et
555 801 732 836 Eumenis
769 800 995 835 discordiam
1035 807 1163 846 sponte
1205 800 1251 834 ad
1281 801 1509 847 Antigonum
1550 802 1641 835 defi-

246 859 373 904 ciunt,
412 859 610 905 ipsumque
649 860 856 893 Eumenem
895 864 1046 903 captum
1086 857 1185 892 hosti
1222 857 1374 891 tradunt
1410 854 1512 907 [43.].
1554 870 1641 892 cum

243 916 338 950 alios
368 917 478 950 duces
509 921 590 949 tum
622 916 827 949 Eumenem
858 915 1064 961 Antigonus
1095 914 1278 960 supplicio
1309 915 1442 948 affecit.
1473 915 1527 950 his
1556 928 1641 961 per-

244 973 337 1007 actis
376 972 414 1007 in
446 973 612 1007 Mediam
657 972 787 1018 rediit,
827 978 947 1006 castra
986 972 1126 1006 habens
1167 972 1266 1017 apud
1306 973 1498 1007 Ecbatana
1527 972 1642 1006 et·in

247 1030 420 1075 eparchia
455 1030 608 1076 Rhagae
646 1036 768 1063 terrae
809 1029 972 1063 motibus
1009 1029 1122 1062 clara.
1164 1025 1266 1077 [44.].
1307 1029 1428 1063 obiter
1457 1030 1641 1064 diluvium

245 1087 378 1132 ingens
414 1093 754 1129 commemoratur,
785 1097 859 1132 quo
889 1086 1042 1122 Rho'dus
1078 1097 1145 1132 per
1174 1085 1211 1119 id
1239 1091 1386 1131 tempus
1417 1092 1558 1121 vastata
1588 1092 1643 1121 est

247 1139 348 1193 [45.].
381 1144 585 1190 Pythonem
614 1155 673 1178 res
702 1155 818 1177 novas
847 1143 1063 1177 molientem
1092 1143 1295 1189 Antigonus
1324 1143 1370 1176 ad
1400 1155 1438 1177 se
1467 1150 1643 1178 vocatum

246 1200 420 1236 trucidat.
450 1208 533 1235 tum
559 1207 682 1235 sumto
715 1200 911 1234 Ecbatanis
942 1206 1097 1246 argento
1128 1199 1167 1233 in
1197 1199 1360 1234 Persiam
1391 1201 1509 1234 tendit
1541 1197 1642 1249 [46.].

246 1258 337 1292 dum
361 1258 399 1291 in
427 1259 563 1293 itinere
594 1263 686 1301 erat,
721 1257 897 1292 Eumenis
926 1263 963 1291 et
991 1256 1164 1302 Pythonis
1194 1256 1283 1289 socii
1310 1257 1514 1302 rebellant3
1543 1258 1644 1291 mul-

245 1315 403 1349 titudine
442 1323 569 1349 tamen
608 1314 771 1360 oppressi
809 1313 949 1360 partim
983 1314 1080 1348 caesi
1120 1313 1257 1359 partim
1286 1314 1385 1360 capti
1423 1321 1509 1348 sunt
1540 1311 1643 1365 [47.].

246 1371 286 1407 in
318 1371 440 1406 Persia
471 1373 678 1417 Antigonus
709 1371 813 1417 regio
843 1372 985 1405 honore
1017 1371 1138 1405 cultus
1167 1371 1346 1417 satrapias
1375 1371 1474 1406 inter
1503 1371 1646 1407 amicos

247 1429 446 1463 distribuit.
477 1435 626 1475 praeter
643 1440 729 1474 opes
752 1427 922 1463 Susianas
951 1428 1141 1475 ingentem
1171 1428 1420 1473 pecuniarum
1450 1429 1526 1463 vim
1550 1429 1645 1463 reci-

246 1486 304 1533 pit
335 1482 436 1534 [48.].
482 1489 525 1521 In
555 1487 704 1531 Europa
733 1485 884 1520 interim
924 1486 1070 1532 Pydnae
1108 1485 1250 1519 obsidio
1281 1497 1324 1520 eo
1358 1486 1573 1521 continuata
1602 1491 1646 1520 ut

246 1542 441 1589 Olympias
472 1556 556 1578 cum
587 1543 720 1577 ceteris
748 1542 903 1577 obsessis
932 1542 1078 1589 inopiae
1108 1542 1290 1588 famisque
1319 1544 1419 1577 mala
1439 1543 1568 1578 omnia
1589 1549 1646 1577 to-

247 1600 383 1635 leraret
416 1597 515 1650 [49.].
551 1601 782 1635 obsessorum
811 1600 924 1634 inulti
954 1600 1001 1634 ad
1031 1600 1280 1634 Cassandrum
1309 1600 1572 1646 transfugiunt.
1605 1599 1645 1634 in

246 1669 394 1694 summa
425 1657 596 1704 angustia
625 1657 821 1704 Olympias
859 1657 945 1690 navi
978 1656 1158 1703 aufugere
1191 1663 1325 1691 conata
1355 1658 1512 1703 capitur.
1561 1664 1643 1691 tum

247 1714 343 1749 alias
383 1725 532 1762 quoque
570 1715 817 1749 Macedoniae
858 1715 968 1748 urbes
1008 1714 1047 1747 in
1093 1713 1206 1748 fidem
1255 1715 1399 1761 recepit
1441 1715 1646 1749 Cassander

249 1768 348 1821 [5o,].
380 1772 572 1818 Olympias
600 1772 721 1806 occisa
751 1783 823 1806 una
853 1783 940 1805 cum
973 1771 1168 1805 Aristonoo
1200 1770 1292 1806 duce
1324 1772 1515 1818 copiarum
1548 1768 1648 1819 [51.].

250 1837 335 1875 post
371 1830 464 1863 haec
503 1829 708 1863 Cassander
736 1828 1023 1863 Thessalonicen
1053 1828 1214 1874 Philippi
1253 1829 1370 1863 filiam
1408 1829 1648 1863 matrimonio

252 1886 322 1920 sibi
345 1885 491 1932 iungit:
524 1887 656 1920 urbem
687 1897 707 1920 e
736 1897 802 1920 suo
833 1886 986 1920 nomine
1016 1886 1280 1920 Cassandream
1312 1886 1535 1932 appellatam
1561 1896 1650 1919 con-

254 1943 331 1980 dit:
382 1945 588 1978 Rhoxanen
629 1955 716 1978 cum
757 1943 832 1976 filio
873 1942 1067 1977 Alexandri
1108 1943 1321 1988 Amphipoli
1368 1943 1648 1978 custodiendam

253 2006 380 2036 curat:
408 2000 621 2046 Eurydicen
651 2000 937 2046 Philippumque
968 2000 1074 2046 Aegis
1102 2000 1221 2045 regali
1249 2000 1381 2035 funere
1410 2001 1530 2036 effert.
1560 1999 1649 2032 hinc

249 2063 418 2103 suscepta
455 2057 494 2091 in
535 2058 832 2104 Peloponnesum
875 2057 1106 2103 expeditione
1151 2054 1282 2104 [59.],
1328 2058 1417 2092 dum
1454 2056 1650 2091 Boeotiam

249 2115 407 2158 transit,
446 2115 592 2149 Thebas
629 2115 836 2149 instaurare
875 2114 1043 2148 instituit.
1101 2114 1323 2159 Digreditur
1361 2115 1559 2148 historicus
1601 2112 1649 2146 ad

252 2172 352 2206 urbis
392 2171 555 2218 origines
594 2172 790 2217 variasque
819 2170 1092 2205 vicissitudines
1121 2171 1334 2205 referendas
1374 2167 1475 2219 [53.].
1505 2171 1650 2204 Theba-

250 2241 336 2263 rum
366 2228 678 2262 instaurationem
707 2229 931 2263 adiuverunt
960 2228 1127 2262 civitates
1157 2229 1323 2262 Graecae
1353 2228 1533 2274 aliaeque.
1564 2228 1650 2262 hinc

251 2286 455 2320 Cassander
485 2288 642 2332 Megara
679 2285 862 2329 declinat,
894 2292 931 2319 et
960 2285 1116 2331 navigiis
1145 2285 1184 2319 in
1219 2285 1515 2330 Peloponnesum
1545 2285 1649 2318 traii-

254 2343 326 2379 cit:
359 2344 497 2388 Argos,
528 2344 723 2377 Messenen
755 2349 825 2377 etc.
865 2341 963 2388 capit
995 2338 1094 2390 [54.].
1138 2343 1182 2375 In
1214 2342 1294 2376 Asia
1324 2342 1530 2388 Antigonus
1558 2342 1649 2375 reli-

255 2406 316 2434 cto
347 2400 472 2445 Asp÷sa
501 2399 678 2434 Susianae
707 2400 898 2445 praefecto
927 2398 1157 2444 Babylonem
1188 2399 1388 2434 contendit.
1418 2399 1470 2433 ibi
1500 2398 1648 2432 dissidio

258 2458 356 2492 inter
395 2456 514 2502 ipsum
554 2462 590 2490 et
618 2456 816 2491 Seleucum
848 2462 931 2490 orto
960 2456 1136 2491 Seleucus
1173 2455 1213 2489 in
1247 2457 1451 2502 Aegyptum
1489 2456 1534 2489 ad
1563 2459 1650 2490 Pto-

255 2515 441 2548 lemaeum
471 2513 626 2560 aufugit.
678 2514 857 2548 Chaldaei
886 2514 933 2547 ob
964 2513 1156 2547 Seleucum
1200 2524 1219 2546 e
1248 2514 1418 2547 manibus
1457 2511 1649 2547 dimissum

257 2571 441 2617 Antigono
479 2577 642 2604 mortem
677 2571 917 2616 praedicunt3
965 2580 1096 2616 resque
1136 2576 1260 2614 postea
1306 2576 1480 2603 eventum
1517 2569 1649 2603 hahuit

260 2625 362 2676 [55.].
400 2628 564 2674 benigne
602 2634 774 2673 acceptus
814 2628 853 2661 in
893 2629 1057 2673 Aegypto
1094 2627 1270 2661 Seleucus
1309 2626 1564 2661 Ptolemaeum
1604 2626 1649 2660 ad

258 2685 402 2719 bellum
443 2691 574 2719 contra
614 2684 841 2731 Antigonum
881 2683 1055 2730 impellit,
1103 2683 1245 2719 interea
1283 2684 1489 2729 Antigonus
1538 2683 1650 2717 missa

259 2742 445 2790 legatione
475 2741 742 2787 Ptolemaeum,
773 2741 1034 2786 Cassandrum,
1065 2740 1330 2788 Lysimachum
1360 2741 1509 2787 placare
1538 2751 1649 2774 cona-

165 2324 242 2360 116.

189 2383 223 2416 2.
