1820 3249
374 157 483 197 1060
786 152 903 194 LIB.
933 151 1040 195 XVI.
1085 151 1213 196 GAP.
1241 155 1308 197 20.

375 264 645 334 γινομένην,
650 264 720 309 καὶ
750 281 837 309 των
865 239 943 336 μὲν
969 264 1281 322 ἡμαρτημένων
1303 265 1458 308 δοῦναι
1478 263 1735 333 συγγνώμην

378 320 551 373 αὐτοῖς,
599 321 673 373 τὰς
711 322 756 365 δὲ
785 322 1009 377 παρούσας
1039 324 1264 389 δυςτυχίας
1292 320 1524 391 ἐλεήσαντα
1553 321 1736 375 διορθώ-

381 383 554 449 σασθαι
570 377 658 446 τήν
679 382 755 434 τῆς
782 380 990 433 πατρίδος
1019 377 1267 449 συμφοράν.
1327 376 1350 420 6
1380 378 1427 421 δὲ
1454 380 1597 429 Δίων,
1637 383 1738 432 λαμ-

379 433 488 492 πρός
518 452 580 478 mv
609 452 649 478 τ
647 434 689 491 ,ἵν
720 436 859 504 ψνχῄν
889 435 961 478 καὶ
991 435 1063 478 διὰ
1079 435 1163 505 τὴν
1189 435 1235 478 ἐκ
1259 437 1519 501 φιλοσοφίας
1539 436 1740 478 παιδείαν

299 491 352 534 80
381 479 700 565 ἐξημερωμένος
738 491 841 543 τούς
874 491 1144 561 λογισμούς,
1180 489 1263 535 οὐκ
1301 489 1610 546 ἐμνησικακησε
1645 495 1791 541 τοῖςῡῖ

380 551 595 601 πολίταις,
655 547 762 592 ἀλλὰ
805 547 909 599 τούς
952 547 1263 620 μισθοφόρους
1293 549 1442 598 πείσας
1479 550 1740 616 παραχρῆμα

384 604 591 664 ἀνέζευξε,
623 605 695 648 καὶ
724 604 932 655 διανύσας
965 603 1093 657 ὀξέως
1120 605 1198 660 τὴν
1229 606 1287 655 εἰς
1316 604 1606 657 Συρακούσας
1634 602 1742 647 ὁδὸν

382 664 459 730 ἡκε
486 661 592 716 πρὸς
618 660 670 704 τὰ
696 659 925 713 Ἑξάπυλα.
972 661 1165 705 ἐνταῦθα
1195 660 1240 704 δὲ
1270 660 1469 712 διαταξας
1498 661 1600 711 τοὺς
1617 672 1742 714 στρα·

301 722 354 763 85
383 717 538 769 τιώτας
575 721 760 773 προςῆγε
789 717 898 761 κατοὶ
927 715 1077 773 τάχος,
1119 717 1194 761 καὶ
1221 718 1452 773 κατέλαβεν
1481 717 1528 760 ἐκ
1556 719 1656 787 τῆς
1658 716 1741 760 πό-

381 780 487 826 λεως
519 774 647 817 τέκνα
686 775 758 817 καὶ
797 778 1009 833 γυναῖκας
1048 774 1120 816 καὶ
1159 790 1264 824 τους
1298 775 1589 829 γεγηρακότας
1631 773 1741 828 ὑπὲρ

380 831 483 882 τούς
520 833 724 886 μυρίους·
776 834 898 874 οὑτοι
938 831 983 874 δὲ
1022 846 1176 881 παντες
1214 830 1487 881 απαντῶντες
1525 846 1628 885 μετα
1658 832 1743 873 δα-

380 887 531 942 κρύων
561 887 752 930 ἱκέτευον
781 886 945 942 αμῦναι
975 891 1067 938 τοΐς
1095 887 1222 937 ἰδίοις
1255 884 1565 956 ακληρήμασιν.
1624 888 1667 930 οἱ
1699 885 1746 930 δὲ

380 947 455 999 τῆς
484 941 761 998 α’κροπόλεως
788 942 1092 1014 μισθοφόροι,
1103 942 1410 1016 κεκρατηκότες
1437 943 1521 999 ἤδη
1544 945 1618 997 τῆς
1641 958 1745 997 προ-

303 1007 356 1047 90
384 1001 568 1051 θέσεως,
613 999 690 1050 τὰς
728 999 806 1069 μὲν
835 1000 932 1053 περὶ
959 1000 1037 1056 τὴν
1067 1016 1237 1070 αγοραν
1263 1001 1401 1051 οἰκίας
1431 1000 1745 1054 διαρπάσαντες

382 1055 636 1127 ἐνέπρησαν,
665 1056 734 1099 ἐπὶ
764 1055 810 1099 δὲ
837 1073 915 1107 τας
942 1056 1096 1107 λοιπὰς
1126 1055 1390 1125 ὁρμήσαντες
1411 1056 1649 1112 διήρπαζον
1669 1055 1744 1107 τὰς

382 1112 430 1156 ἐν
458 1112 634 1163 ταύταις
661 1111 845 1169 κτησεις.
904 1112 1010 1156 καθ’
1040 1112 1094 1156 6v
1123 1114 1175 1169 δή
1201 1112 1356 1169 καιρόν
1378 1115 1499 1156 Δίων
1517 1130 1624 1156 κατα
1642 1117 1743 1156 πολ-

383 1169 487 1220 λοὺς
514 1168 675 1220 τόπους
704 1168 907 1220 εἰςπεσών
936 1171 995 1221 εἰς
1023 1186 1103 1240 την
1131 1170 1275 1221 πόλιν,
1305 1170 1378 1213 καὶ
1405 1175 1496 1221 τοῖς
1509 1171 1746 1239 πολεμίοις

301 1230 355 1273 95
383 1226 480 1281 περὶ
499 1225 575 1277 τὰς
597 1224 795 1295 ᾇρπαγας
811 1225 943 1281 ασχολ
932 1226 1147 1283 ουμένοις
1163 1226 1428 1281 ἐπιθέμενος,
1458 1225 1623 1278 πάντας
1643 1226 1746 1277 τούς

381 1281 772 1338 περιτυγχάνοντας
800 1282 957 1326 ε’κτεινε
986 1285 1242 1353 κομίζοντας
1271 1283 1340 1327 ἐπὶ
1368 1299 1458 1326 των
1486 1284 1616 1339 ω’μων
1640 1299 1745 1327 παν-

380 1340 572 1389 τοδαπας
600 1337 887 1390 κατασκευάς·
934 1339 1007 1383 διὰ
1044 1340 1090 1383 δὲ
1121 1339 1170 1383 td
1200 1339 1448 1395 παράδοξον
1467 1345 1550 1397 τῆς
1575 1356 1746 1395 παρου-

382 1397 478 1446 σίας
506 1396 579 1439 καὶ
607 1395 695 1465 τὴν
714 1394 894 1448 ἀταξίαν
931 1396 1005 1439 καὶ
1031 1395 1121 1465 τήν
1149 1396 1340 1452 ταραχήν
1367 1401 1456 1440 τῶν
1485 1397 1748 1452 διαφορούν-

382 1468 470 1495 των
505 1452 582 1503 τοὶς
617 1450 784 1521 κτήσεις
813 1450 996 1507 εὐχερως
1025 1452 1209 1503 ἅπαντες
1238 1454 1494 1523 ἐχειροῦντο.
1552 1454 1672 1506 τέλος
1702 1454 1748 1498 δὲ

278 1515 355 1555 100
384 1506 600 1551 πλειόνων
634 1507 662 1563 ἢ
701 1512 1044 1563 τετρακιςχιλίων
1084 1511 1416 1578 φονευθέντων,
1459 1514 1547 1554 τῶν
1585 1511 1663 1581 μὲν
1700 1510 1747 1554 ἐν

383 1570 477 1616 ταῖς
507 1565 676 1615 οἰκίαις,
706 1570 793 1608 τῶν
824 1564 866 1608 δ’
899 1566 947 1608 ἐν
974 1571 1067 1617 ταῖς
1098 1565 1228 1618 ὁδοῖς,
1260 1568 1303 1609 οἱ
1330 1568 1475 1611 λοιποὶ
1495 1567 1748 1637 συνέφυγον

383 1622 443 1672 είς
482 1620 561 1677 τὴν
598 1619 861 1675 ακρόπολιν,
900 1622 974 1664 καὶ
999 1623 1075 1673 τὰς
1102 1623 1242 1673 πύλας
1270 1625 1511 1675 κλείσαντες
1538 1624 1748 1694 ἐξέφυγον

387 1676 465 1721 τὸν
494 1679 722 1748 m'v6vvov3
776 1680 898 1721 Δίων
927 1679 974 1722 δὲ
1002 1679 1233 1722 καλλιστον
1260 1684 1346 1722 τῶν
1359 1680 1748 1749 προγεγενημένων

332 1741 357 1782 5
387 1734 527 1805 ἔργων
555 1733 636 1778 ὑπ’
667 1731 806 1778 αὐτοῦ
835 1735 1193 1790 διαπραξάμενος,
1229 1736 1305 1786 τὰς
1325 1737 1403 1790 μὲν
1428 1739 1659 1792 καιομένας
1688 1739 1747 1781 οί-

385 1792 482 1842 κίας
510 1790 684 1835 διέσωσε
713 1791 981 1845 κατασβέσας
1008 1792 1088 1848 τὴν
1117 1792 1271 1862 φλόγα,
1301 1792 1352 1836 τὸ
1384 1793 1429 1836 δὲ
1458 1796 1747 1865 περιτείχισμα

383 1851 527 1899 καλως
557 1848 1001 1902 κατασκευασάμενος,
1031 1852 1108 1917 μιᾷ
1136 1848 1286 1904 πράξει
1314 1849 1418 1934 τήνἐς
1421 1866 1466 1894 τε
1486 1850 1615 1894 πόλιν
1641 1849 1747 1921 ὠχύ-

386 1915 499 1958 ρωσε
528 1905 600 1947 καὶ
631 1903 735 1956 τούς
761 1906 992 1958 πολεμίους
1030 1903 1300 1961 ἀποτειχίσας
1329 1908 1440 1960 εἶρξε
1448 1911 1543 1976 τῆς
1572 1907 1640 1951 ἐπὶ
1667 1907 1747 1978 τὴν

384 1965 467 2017 γῆν
495 1960 662 2012 ἐξόδου.
721 1960 924 2015 καθαραν
961 1961 1007 2004 δὲ
1042 1978 1130 2004 των
1157 1966 1326 2015 νεκρῶν
1353 1963 1539 2034 ποιήσας
1565 1963 1644 2020 τὴν
1672 1964 1750 2008 πό-

308 2023 358 2064 10
386 2021 456 2061 λιν
484 2017 557 2060 καὶ
585 2015 798 2071 τρόπαιον
831 2017 1001 2088 στήσας,
1031 2018 1160 2062 ἐθυσε
1187 2023 1278 2070 τοῖς
1298 2024 1418 2071 θεοῖς
1436 2020 1547 2076 ὑπερ
1569 2025 1644 2091 τῆς
1666 2033 1748 2065 σω-

388 2074 549 2130 τηρίας.
607 2075 892 2145 συναχθείσης
928 2073 972 2117 δ’
986 2073 1229 2146 ἐκκλησίας
1258 2074 1281 2119 ὁ
1307 2092 1386 2145 μεν
1415 2078 1550 2146 δῆμος
1579 2075 1751 2133 εὐχαρι-

389 2134 502 2174 στῶν
531 2131 771 2201 στρατηγὸν
805 2130 1127 2201 ἐχειροτόνησεν
1163 2131 1464 2201 αὐτοκράτορα
1490 2133 1569 2177 τὸν
1597 2136 1748 2177 Δίωνα

388 2187 462 2231 καὶ
496 2187 621 2242 τιμάς
659 2187 881 2258 ἀπένειμεν
917 2204 1134 2242 ηρωικας,
1186 2187 1210 2232 ὁ
1247 2191 1293 2232 δὲ
1330 2191 1454 2233 Δίων
1491 2189 1748 2242 ἀκολούθως

310 2246 360 2289 15
388 2247 479 2293 τοῖς
519 2243 831 2315 πεπραγμένοις
864 2243 1060 2296 ἐπιεικως
1087 2244 1191 2296 τούς
1227 2262 1306 2301 μεν
1343 2245 1528 2302 ἐχθρους
1555 2264 1750 2298 απαντας

387 2297 570 2342 ἀπέλυσε
599 2303 687 2343 τῶν
715 2299 1010 2370 ἐγκλημάτων,
1059 2302 1133 2345 καὶ
1160 2300 1208 2345 τὸ
1239 2305 1407 2358 πλῆθος
1429 2303 1750 2375 παραμυθησα-

387 2371 519 2410 μενος
557 2357 615 2406 εἰς
653 2356 807 2427 κοινὴν
843 2355 1016 2428 ἤγαγεν9
1040 2357 1262 2413 ὁμόνοιαν
1320 2360 1364 2402 οἱ
1400 2359 1446 2403 δὲ
1473 2360 1747 2414 Συρακόσιοι

388 2411 629 2469 πανδήμοις
658 2413 849 2465 ἐπαίνοις
882 2414 956 2458 καὶ
991 2411 1225 2471 ἆποδοχαῐς
1252 2413 1456 2472 μεγάλαις
1484 2417 1641 2472 ἐτίμων
1668 2416 1747 2461 τόν

479 2605 537 2640 97.
577 2604 636 2641 85.
682 2605 742 2651 ἐκ]
779 2607 900 2642 malim
923 2605 1028 2649 ἐκτὸς
1265 2608 1393 2655 τέκνα]
1425 2609 1532 2646 τέκνα
1561 2622 1629 2665 μεν
1651 2609 1744 2644 FTY

571 2652 628 2686 88.
669 2653 705 2688 οὶ
729 2651 795 2697 δὲ]
820 2654 927 2688 immo
951 2654 988 2689 οἱ
1011 2651 1050 2690 δ’
1074 2651 1114 2690 ἐκ
1301 2657 1359 2692 90.
1399 2655 1467 2703 τήν
1489 2653 1649 2701 αγοραν]
1681 2656 1747 2700 τῆς

388 2695 526 2752 α’γοροῖς
547 2697 609 2732 FL
788 2700 845 2736 93.
881 2699 1062 2744 πολλους]
1083 2699 1229 2741 πλείους
1251 2702 1283 2746 Q
1465 2702 1522 2736 98.
1553 2702 1614 2737 καὶ
1637 2714 1746 2746 ταρα-

386 2741 474 2788 χὴν]
505 2743 567 2780 καὶ
588 2740 654 2788 τήν
675 2744 835 2801 ταραχὴν
859 2747 919 2781 Fn
945 2748 1024 2781 Bas.
1205 2748 1239 2785 2.
1269 2749 1482 2794 κλείσαντες]
1508 2746 1747 2794 ἐγκλείσαντες

388 2790 450 2824 Fla
630 2789 685 2826 13.
732 2789 945 2838 ἀπένειμεν]
974 2790 1173 2838 ἀπένειμαν
1196 2795 1227 2830 Υ
