1820 3249
541 196 654 237 LIB.
685 195 834 237 XV111.
892 193 1024 235 cAP
1058 197 1096 235 ἴ».
1126 198 1153 234 ί·
1435 190 1543 232 1261

171 311 259 353 τῶν
288 311 585 363 σατραπειῶν,
617 308 664 349 αἱ
692 306 770 361 μὲν
802 305 872 351 ἐπὶ
900 304 982 361 τήν
1011 303 1188 359 ἄρκτον,
1220 303 1266 348 αἱ
1294 301 1339 347 δ’
1370 302 1440 346 ἐπὶ
1467 299 1546 354 τὴν

173 367 444 436 μεσημβρίαν
493 364 639 421 ἔχουσι
676 380 754 414 τας
789 364 964 413 κλίσεις.
1021 362 1096 406 καὶ
1135 360 1306 430 πρώτη
1333 360 1412 416 μὲν
1459 373 1546 400 των

171 423 282 477 πρὸς
309 422 389 492 τήν
413 421 578 475 ἄρκτον
608 420 916 476 ἐστραμμένων
943 423 1081 462 κεῖται
1110 418 1226 473 παροὲ
1258 416 1337 461 τόν
1379 414 1546 458 Τάιαῑν

170 478 372 550 ποταμὸν
403 479 629 533 Σογδιανή
659 478 732 520 καὶ
762 475 1036 537 Βακτριανή,
1065 477 1139 519 καὶ
1168 474 1337 518 τούτων
1367 471 1547 537 ἐχομένη
1577 474 1632 516 85

170 534 313 590 Ἀρεία
340 536 415 579 καὶ
446 536 702 589 Παρθυαία,
733 532 794 593 δι’
825 537 877 588 ῆς
908 535 1138 603 συμβαίνει
1170 531 1444 599 περιέχεσθαι
1471 544 1550 582 την

169 591 404 647 Ὑρκανίαν
432 591 670 638 θάλατταν,
702 586 843 633 οὖσαν
872 589 983 633 καθ’
1015 589 1174 646 αὑτήν·
1205 590 1308 644 μετὰ
1339 586 1385 630 65
1414 589 1551 628 ταῦτα

173 651 341 720 Μηδία,
369 648 532 700 πολλάς
559 648 639 704 μὲν
669 647 826 703 ἔχουσα
855 646 1003 690 τόπων
1030 647 1345 716 προςηγορίας,
1375 644 1552 715 μεγίστη

170 704 218 749 δ’
261 709 375 748 οὐσα
409 710 562 749 πασῶν
595 708 686 749 τῶν
716 708 1012 760 σατραπειῶν·
1055 704 1168 772 ἑξῆς
1180 700 1221 745 δ’
1249 700 1449 755 Ἀρμενία
1479 699 1552 741 καὶ

171 763 401 805 Λυκαονία
429 763 504 805 καὶ
533 763 841 810 Καππαδοκία,
870 765 1008 804 πᾶσαι
1035 759 1114 803 τὸν
1143 756 1250 812 ἆέρα
1272 757 1467 825 δυςχείμε
1469 770 1549 808 ρον
1579 761 1634 801 90

169 818 367 874 ἔχουσαι·
397 818 574 870 ταύταις
595 819 642 863 65
652 821 977 890 συνοριζουσαι
1005 815 1105 861 κατ’
1136 815 1312 860 ευθεῖαν
1341 814 1440 883 μὲν
1447 812 1476 868 ἥ
1505 827 1550 854 τε

170 875 335 932 μεγάλη
376 878 551 931 Φρυγία
592 876 666 919 καὶ
694 875 722 931 ἡ
753 874 826 932 ἐφ’
859 874 1154 945 Ἑλληςπόντῳ
1189 871 1385 928 κειμένη,
1423 869 1471 912 ἐκ
1503 868 1550 911 65

168 936 260 975 τῶν
288 935 484 988 πλαγίων
512 934 657 976 Λυδία
684 933 758 976 καὶ
788 934 956 986 Καρία,
986 931 1234 986 ὑπερδέξιος
1269 929 1314 972 65
1331 932 1409 984 τῆς
1433 928 1550 978 Φρυ-

168 990 266 1044 γίας
292 990 367 1033 καὶ
395 989 670 1059 παράλληλος
689 1007 731 1059 η
739 989 958 1044 Πισιδική,
988 989 1060 1032 καὶ
1083 987 1242 1057 ταύτης
1261 986 1439 1054 ἐχομένη
1463 988 1549 1025 Λυ-
1578 989 1633 1032 95

169 1047 256 1088 κία.
314 1046 364 1089 ἐν
403 1046 448 1089 65
488 1051 578 1096 τοῖς
618 1045 737 1100 παρὰ
780 1045 1004 1089 θάλατταν
1048 1043 1197 1094 τόποις
1242 1042 1413 1086 τούτων
1458 1043 1548 1081 τῶν

170 1106 443 1157 σατραπειῶν
471 1120 516 1146 αι
545 1106 631 1145 τῶν
645 1101 880 1172 Ἐλληνων
886 1101 1032 1153 πόλεις
1052 1103 1359 1171 καθίδρυνται,
1390 1100 1451 1142 ὡν
1471 1095 1549 1146 τὰς

168 1160 462 1230 προςηγορίας
503 1157 693 1215 γράφειν
732 1158 813 1203 οὐκ
855 1157 1112 1227 ἀναγκαῖον
1127 1159 1238 1227 51963
1267 1158 1346 1212 τὴν
1374 1155 1549 1200 ὑποκει-

167 1217 303 1285 μένην
338 1215 570 1259 ὑπόθεσιν.
628 1217 674 1259 αἱ
710 1216 789 1271 μὲν
817 1217 900 1259 οὐν
928 1218 1038 1270 πρὸς
1067 1214 1146 1269 τὴν
1176 1213 1340 1270 ἄρκτον
1369 1213 1548 1266 ἐστραμ-

169 1271 296 1327 μέναι
343 1277 601 1343 σατραπεῖαι
643 1271 722 1316 τὸν
768 1273 1010 1342 εἰρημένον
1034 1273 1199 1325 τρόπον
1216 1271 1545 1341 καθίδρυνται.
1581 1274 1659 1314 100

168 1333 258 1373 τῶν
285 1328 332 1372 65
360 1329 473 1384 πρός
500 1332 769 1401 μεσημβρίαν
798 1329 1103 1385 ἐστραμμένων
1131 1327 1282 1398 πρώτη
1312 1329 1392 1383 μὲν
1428 1342 1545 1378 παρα
1574 1332 1603 1369 6

170 1385 250 1430 τὸν
278 1386 522 1430 Καύκασόν
549 1387 667 1430 ἐστιν
691 1386 863 1457 Ἰνδική,
875 1388 1092 1456 βασιλεία
1118 1384 1280 1458 μεγάλη
1309 1385 1383 1428 καὶ
1412 1389 1544 1426 πολυ-

171 1441 419 1514 ἄνθρωπος,
438 1445 692 1514 οἰκουμένη
723 1441 765 1486 δ’
797 1442 884 1486 ὑπό
922 1442 1137 1486 πλειόνων
1162 1442 1355 1486 Ἰνδικῶν
1384 1442 1544 1490 ἐθνων,

170 1516 237 1543 ων
273 1501 361 1543 ἐστι
398 1499 601 1556 μέγιστον
639 1499 689 1544 τὸ
725 1504 814 1542 τῶν
845 1503 1135 1554 Γανδαριδῶν
1164 1500 1316 1551 ἔ-θιος,
1358 1497 1430 1554 ἐφ’
1469 1495 1547 1547 οὺς
1577 1502 1603 1544 5

171 1555 246 1600 δια
272 1556 322 1600 τὸ
351 1561 520 1629 πλῆθος
547 1561 636 1600 τῶν
664 1557 770 1626 παρ’
803 1555 950 1608 αὐτοῖς
976 1556 1224 1626 ἐλεφάντων
1242 1555 1325 1598 οὐκ
1345 1554 1548 1607 ἐπεστρά-

169 1625 320 1657 τευσεν
350 1612 374 1657 ὁ
399 1612 694 1667 Ἀλέξανδρος.
745 1611 880 1668 ὁρίζει
908 1614 954 1657 65
980 1613 1059 1668 τὴν
1088 1611 1243 1683 χώραν
1278 1611 1442 1667 ταύτην
1476 1610 1551 1653 καὶ

168 1670 250 1740 τὴν
288 1670 385 1740 ἑξῆς
425 1669 617 1744 Ἰνδικην
654 1672 851 1725 ποταμὸς
895 1669 919 1714 ὁ
967 1670 1166 1726 μέγιστος
1207 1668 1271 1712 ὧν
1315 1673 1403 1712 τῶν
1451 1667 1549 1721 περὶ

168 1744 276 1779 τους
311 1726 482 1779 τόπους·
517 1729 592 1771 καὶ
627 1728 677 1770 τὸ
715 1727 878 1778 πλάτος
928 1727 1036 1782 ἔχων
1076 1728 1263 1770 σταδίων
1298 1725 1549 1781 τριάκοντα.

169 1784 359 1855 ἐχομένη
378 1784 426 1828 65
452 1783 611 1839 ταύτης
647 1783 674 1841 ἡ
711 1783 842 1840 λοιπή
871 1787 946 1840 τῆς
973 1784 1176 1839 Ἰνδικης,
1224 1799 1281 1852 ην
1321 1782 1547 1827 κατεπολέ-
1579 1788 1632 1828 10

162 1853 306 1911 μησεν
336 1838 360 1910 6
383 1839 692 1912 Ἀλέξανδρος,
736 1843 975 1910 ποταμίοις
992 1840 1124 1884 ν’δασι
1163 1838 1438 1910 κατάρρυτος
1473 1839 1548 1882 καὶ

124 1952 129 1958 ι
166 1898 281 1942 κατὰ
308 1897 387 1953 τὴν
398 1895 690 1955 εὐδαιμονίαν
712 1896 1041 1968 ἐπιφανεστάτη,
1071 1898 1178 1941 καθ’
1203 1896 1258 1952 ἣν
1276 1914 1441 1969 υπηρχε
1463 1896 1547 1939 σύν

171 1954 322 2005 ἄλλαις
359 1956 528 1998 πλείοσι
557 1956 795 2013 βασιλείαις
822 1954 851 2010 ἥ
878 1971 923 1998 τε
950 1959 1029 1998 τοῦ
1061 1954 1227 2007 Πώρου
1252 1954 1326 1997 καὶ
1361 1955 1547 2006 Ταξίλου

170 2013 426 2068 δυναστεία,
475 2009 542 2055 δι’
584 2013 636 2068 ῆς
672 2014 901 2067 συμβαίνει
931 2011 1023 2067 ρεῖν
1052 2012 1130 2055 τόν
1160 2010 1303 2055 Ἰνδὸν
1332 2009 1548 2065 ποταμόν,
1577 2016 1629 2058 15

165 2065 254 2140 ἀφ’
286 2069 341 2111 οὐ
370 2069 449 2123 τήν
475 2071 776 2138 προςηγορίαν
804 2069 925 2124 ἔσχεν
941 2068 980 2141 ἡ
1009 2067 1142 2124 χώρα.
1202 2069 1383 2123 ἐχομένη
1403 2068 1449 2111 65
1472 2085 1546 2122 της

165 2122 347 2197 Ἰνδικῆς
383 2124 611 2181 αφώριστο
650 2128 909 2179 σατραπείας
941 2124 1178 2181 ’Λραχωσία
1208 2125 1281 2168 καὶ
1316 2126 1546 2194 Κεδρωσία

168 2181 245 2225 καὶ
272 2184 532 2255 Καρμανία·
563 2182 673 2237 πρὸς
702 2184 749 2226 65
771 2181 951 2233 ταύταις
981 2185 1157 2236 Περσίς,
1186 2182 1233 2226 ἐν
1262 2199 1298 2251 ῃ
1321 2199 1400 2237 την
1429 2186 1545 2225 Σου-

169 2237 327 2295 σιανὴν
354 2239 429 2283 καὶ
456 2239 734 2297 Σιττακηνὴν
761 2245 934 2284 κεῖσθαι
954 2240 1246 2298 συμβέβηκεν
1277 2238 1372 2296 ἑξῆς
1393 2239 1439 2283 65
1462 2242 1544 2282 Βα-

260 2431 340 2468 261.
365 2431 422 2468 81.
470 2434 547 2468 ταῖν
579 2435 832 2481 σατραπειῶν]
872 2435 1102 2479 σατραπειῶν
1125 2435 1207 2469 Bas.
1400 2434 1457 2469 82.
1507 2430 1548 2469 6’

507 2481 561 2514 (ὅν
845 2495 898 2516 ων

169 2523 200 2555 F
383 2522 440 2558 83.
486 2526 553 2570 τῆς
574 2545 620 2551 -—
642 2524 871 2572 ἐστραμμένη
875 2542 892 2569 ς
924 2528 955 2561 F
1139 2526 1197 2562 9⁰.
1243 2527 1382 2572 πᾶσαι]
1409 2523 1548 2562 ἅπασαι

169 2568 200 2601 F
368 2568 426 2604 91.
473 2573 756 2618 συνορίζουσαι]
788 2576 1021 2618 συνορίζονσι
1044 2573 1123 2607 FW
1290 2573 1350 2607 99.
1396 2572 1549 2616 ἐστραμ-

168 2613 292 2660 μέναι]
315 2613 508 2660 ἱδρυμέναι
529 2619 670 2662 Fva
804 2621 837 2655 4.
865 2620 1126 2663 Γανδαριδῶν]
1157 2621 1400 2662 Τυνδαρίδων
1419 2622 1504 2654 FT!
1518 2622 1548 2652 X

351 2661 386 2695 7.
431 2663 493 2698 και
516 2676 537 2697 τ
539 2663 605 2709 ἡν]
640 2663 705 2711 τήν
730 2667 812 2702 Bas.
1007 2668 1042 2703 8.
1090 2667 1164 2700 τῶν
1197 2678 1266 2701 om
1299 2667 1330 2700 F
1512 2667 1547 2699 ¹).

170 2707 344 2754 σταδίων]
368 2678 559 2750 σταδίους,2
566 2704 613 2744 W
785 2715 841 2751 10.
874 2711 896 2750 ὁ
922 2725 992 2750 om.
1015 2715 1100 2748 Bas.
1263 2712 1320 2747 11.
1352 2713 1549 2756 ποταμίοις

170 2753 356 2789 Reiskius:
381 2754 464 2788 libri
486 2759 786 2836 παραποταμίοις
970 2760 1027 2795 14.
1082 2759 1256 2804 Ταξίλου]
1281 2759 1448 2801 ταξιλιόυ
1472 2759 1501 2791 F

259 2800 317 2834 16
366 2799 542 2846 ἐχομένη]
573 2802 746 2850 ἐχομένης
767 2808 862 2851 FQv
1047 2805 1102 2839 18.
1153 2802 1407 2852 Σιττακηνήν]
1433 2806 1547 2839 Σιτα-

168 2845 284 2891 κηνήν
310 2846 367 2888 W,
393 2847 596 2893 Σιτακινὴν
620 2851 715 2894 Bas„
740 2853 870 2888 caeteri
897 2850 1119 2896 Σιττακινην
