1820 3249
254 124 366 165 1518
633 119 752 159 LIB.
781 117 871 160 XX.
929 118 1062 161 CAP.
1091 122 1162 162 64.
1193 121 1261 162 65.

253 233 300 277 δὲ
328 230 510 287 Λιβύων
537 231 670 274 πλείω
700 246 789 273 των
815 229 1121 301 ἕξακιςχιλίων.
1180 232 1223 274 οἱ
1253 230 1299 274 δὲ
1332 229 1631 303 Καρχηδόνιοι

250 286 771 357 κατεστρατοπεδευκότες
810 286 881 330 ἐπὶ
908 292 997 330 τῶν
1020 288 1291 357 ’ὑπερδεξίων
1316 288 1390 331 καὶ
1420 290 1631 343 δυςπρος-

253 349 357 389 ίτων
388 342 737 389 διακινδυνεύειν
766 342 845 414 μὲν
873 344 983 399 πρὸς
1004 343 1270 398 ἀνθρώπους
1302 343 1630 415 ἀπογινώσκον-

251 420 328 453 τας
366 402 446 457 την
475 402 692 471 σωτηρίαν
735 399 817 443 οὐκ
854 401 1048 455 ἔκρινον,
1078 403 1280 470 μένοντες
1310 399 1351 445 δ’
1382 401 1430 444 5v
1463 405 1517 457 τῇ
1546 417 1627 446 πα-

166 475 220 514 60
251 462 441 515 ρεμβολῇ
467 459 538 501 καὶ
566 456 746 500 πάντων
775 456 1064 530 εὐποροῦντες
1085 462 1138 515 τῇ
1169 457 1322 501 σπάνει
1349 459 1423 502 καὶ
1450 462 1512 515 τῷ
1533 475 1582 514 χρ
1559 458 1628 512 ὀρ·-

251 533 314 572 2qu
345 515 719 585 καταπολεμήσειν
747 514 849 566 τοὺς
882 516 1106 584 ἐναντίους
1137 515 1326 584 ἤλπιζον.
1385 513 1409 559 ὁ
1439 513 1482 558 δ’
1511 513 1629 570 ’Λγα-

250 561 437 627 θοκλῆς,
475 571 529 615 οὐ
570 572 813 627 δυνάμενος
855 571 932 641 μὲν
963 570 1122 621 αὐτούς
1159 574 1218 622 εἰς
1255 571 1309 614 τὰ
1337 573 1464 615 πεδία
1492 572 1628 627 προά-

248 635 426 685 γεσθαι.
471 646 560 672 των
600 628 645 672 δὲ
687 633 856 683 καιρῶν
896 626 1230 682 ἀναγκαζόντων
1267 633 1432 697 τολμᾶν
1477 645 1518 671 τι
1554 629 1629 671 καὶ

247 685 633 741 παραβάλλεσθαι,
671 701 751 740 την
781 684 972 740 δύναμιν
1010 684 1170 739 ἤγαγεν
1198 685 1268 727 ἐπὶ
1296 684 1378 740 τήν
1406 689 1493 729 τῶν
1522 688 1628 740 βαρ-

163 752 217 793 65
248 743 402 798 βάρων
441 744 791 796 στρατοπεδείαν.
851 741 1170 793 ἐπεξελθόντων
1211 742 1293 783 οὐν
1333 745 1420 784 τῶν
1461 744 1628 810 Καρχη-

247 801 430 850 δονίων,
460 800 534 842 καὶ
570 797 683 841 πολὺ
712 802 774 856 τῷ
803 797 960 867 πλήθει
989 798 1064 841 καὶ
1091 803 1185 848 ταῖς
1212 799 1472 869 δυςχωρίαις
1498 797 1629 849 ὑπερ-

246 856 459 911 εχόντων,
498 855 568 898 ἐπὶ
609 855 689 924 μέν
724 871 822 897 τινα
860 854 1020 910 χρόνον
1058 871 1100 897 οι
1128 855 1224 908 περὶ
1260 855 1338 897 τόν
1363 854 1628 909 Ἀγαθοκλέα

246 913 554 966 διεκαρτέρουν
583 910 806 955 πάντοθεν
827 911 1157 980 ἐκθλιβόμενοι,
1197 926 1302 963 μετα
1333 911 1379 954 δὲ
1407 910 1530 953 ταῦτ’
1563 910 1628 954 έν-

247 968 418 1012 δόντων
447 973 536 1011 τῶν
564 984 609 1011 τε
639 967 932 1038 μισθοφόρων
959 969 1032 1012 καὶ
1060 971 1149 1011 τῶν
1178 967 1320 1011 ἄλλων
1349 965 1627 1037 ἠναγκάσθη-

162 1037 216 1077 70
247 1037 331 1068 σαν
360 1025 638 1096 ἀναχωρῆσαι
666 1024 776 1077 πρὸς
800 1025 880 1082 τὴν
909 1026 1359 1080 στρατοπεδείαν.οῑ
1388 1024 1433 1067 δὲ
1460 1024 1627 1080 βάρβα-

248 1099 320 1153 ροι
364 1083 532 1138 βαρέως
569 1082 828 1137 ἐπικείμενοι
867 1099 970 1132 τους
994 1082 1086 1150 μὲν
1118 1084 1287 1152 Λίβυας
1325 1080 1626 1135 παρήλλαττον

246 1137 379 1182 οὐδὲν
416 1141 716 1210 ἐνοχλοῦντες,
748 1140 825 1181 ι’να
854 1137 933 1194 τὴν
963 1137 1144 1181 εὔνοιαν
1181 1137 1327 1181 αὐτῶν
1357 1137 1625 1180 ἐκκαλέσων-

243 1213 338 1248 ται,
369 1195 473 1246 τούς
504 1194 540 1238 δ’
562 1195 774 1251 Ἕλληιας
802 1195 876 1238 καὶ
903 1194 1212 1263 μισθοφόρους
1239 1195 1523 1248 γνωρίζοντες
1553 1192 1627 1236 διὰ

243 1257 334 1295 τῶν
372 1252 521 1296 ὅπλων
558 1252 795 1321 ἐφόνευον,
834 1252 954 1321 μέχρι
997 1250 1105 1294 ὅτου
1147 1252 1415 1301 συνεδίωξαν
1452 1252 1512 1300 εἰς
1544 1249 1627 1304 τήν

159 1319 213 1361 75
244 1308 540 1365 παρεμβολήν.
576 1308 672 1352 τότε
702 1307 781 1362 μὲν
811 1309 893 1351 οὐν
911 1306 1206 1378 ἀνῃρέθησαν
1224 1305 1541 1375 Ἀγαθοκλέους
1566 1307 1626 1356 είς

243 1368 526 1421 τριςχιλίους’
561 1364 670 1407 κατὰ
710 1365 756 1407 65
787 1364 867 1419 τὴν
905 1365 1113 1406 ἐπιοῦσαν
1149 1362 1287 1406 νύκτα
1316 1363 1392 1413 τὰς
1422 1361 1627 1418 δυνάμεις

244 1423 494 1477 ἀμφοτέρας
525 1422 694 1492 συνέβη
731 1426 976 1475 περιπεσεῖν
1013 1419 1249 1478 παραλόγῳ
1285 1421 1371 1463 τινὶ
1418 1431 1626 1477 συμφορα

241 1481 316 1524 καὶ
344 1484 478 1523 πᾶσιν
508 1477 760 1534 ἀνελπίστῳ.

156 1547 214 1586 65
360 1541 461 1579 Των
497 1536 581 1592 γὰρ
620 1535 939 1589 Καρχηδονίων
975 1533 1079 1589 μετὰ
1118 1534 1198 1589 τὴν
1233 1534 1361 1603 νίκην
1389 1532 1494 1584 τούς
1525 1536 1626 1576 καλ-

157 1605 211 1644 80
240 1594 416 1644 λίστους
457 1597 546 1635 τῶν
588 1591 872 1647 αἰχμαλώτων
914 1591 1121 1634 θυόντων
1167 1590 1422 1647 χαριστήρια
1466 1588 1626 1640 νυκτὸς

241 1655 334 1700 τοῖς
370 1655 515 1702 θεοῖς,
555 1651 629 1691 καὶ
671 1652 839 1691 πολλοῦ
877 1649 1018 1699 πυρός
1060 1646 1164 1697 τούς
1202 1647 1625 1716 ἱεροκαυτουμένους

239 1707 408 1760 ανδρας
457 1707 736 1775 κατέχοντος,
789 1705 995 1758 ἐξαίφνης
1045 1704 1293 1758 πνεύματος
1345 1702 1625 1753 ἐπιπεσόντος

239 1764 402 1820 συνέβη
443 1762 524 1818 τὴν
565 1761 686 1815 ῖεραν
724 1761 888 1816 σκηνην
927 1760 1204 1816 ἀναφθηναι,
1253 1761 1437 1829 πλησίον
1481 1762 1622 1802 οὐσαν

237 1824 321 1864 τοῦ
359 1824 534 1876 βωμοῦ,
571 1818 655 1863 ἀπὸ
696 1819 742 1862 δὲ
782 1817 946 1887 ταύτης
976 1818 1058 1873 τὴν
1085 1818 1373 1873 στρατηγικὴν
1409 1816 1484 1860 καὶ
1512 1833 1623 1859 κατα

156 1883 210 1926 85
240 1877 288 1921 τό
323 1877 496 1932 συνεχες
527 1876 663 1926 οὔσας
693 1880 780 1918 τῶν
813 1873 1060 1929 ἡγεμόνων,
1093 1874 1195 1925 ὥςτε
1224 1874 1390 1928 πολλὴν
1419 1873 1621 1929 ἔκπληξιν

237 1935 444 2003 γενέσθαι
486 1933 561 1976 καὶ
585 1931 746 2003 φόβον
786 1931 896 1974 κατὰ
935 1935 1024 1974 πᾶν
1053 1929 1102 1974 τὸ
1142 1929 1450 2000 στρατόπεδον.
1509 1930 1622 1980 τινὲς

240 1991 319 2047 μὲν
350 2008 433 2045 γαρ
462 1990 511 2032 τὸ
542 1993 629 2044 πῦρ
661 1989 975 2043 ἐπιχειροῦντες
1016 1987 1187 2055 σβέσαι,
1218 1986 1332 2037 τινὲς
1362 1988 1408 2030 δὲ
1436 2003 1513 2037 τας
1537 2002 1621 2029 πα-

240 2049 424 2097 νοπλίας
452 2047 526 2090 καὶ
553 2046 605 2088 vo}
637 2044 976 2088 πολυτελέστατα
1005 2048 1093 2086 τῶν
1112 2043 1528 2099 παρεσκευασμένων
1558 2043 1621 2086 ἐκ·

156 2117 211 2156 9ο
240 2107 511 2175 κομίζοντες,
543 2101 629 2146 ’ὑπὸ
673 2106 751 2158 τῆς
780 2100 947 2170 φλογος
984 2099 1367 2170 ἀπελαμβάνοντο’
1406 2116 1497 2142 των
1533 2099 1618 2154 γὰρ

241 2166 442 2230 σκηνῶν
457 2160 503 2203 ἐκ
535 2157 757 2228 καλαμου
777 2159 850 2201 καὶ
885 2156 1052 2225 χόρτου
1091 2156 1400 2212 συγκειμένων,
1428 2156 1503 2199 καὶ
1536 2159 1618 2199 τοῦ

238 2219 380 2274 πυρός
415 2217 503 2261 ὑπὸ
535 2220 629 2260 τοῦ
653 2214 898 2271 πνεύματος
933 2211 1200 2270 βιαιότερον
1212 2211 1558 2270 ἐκριπισθέντος,
1588 2211 1616 2269 ἦ

237 2355 296 2390 57.
345 2349 664 2395 διακινδυνεύειν]
700 2351 762 2387 καὶ
796 2348 1087 2385 διακινδυνεύειν
1119 2350 1149 2384 F
1341 2348 1400 2384 61.
1446 2346 1513 2391 μὲν
1544 2359 1615 2383 om.

235 2403 322 2437 Bas.
536 2399 593 2432 62.
632 2396 883 2442 προαγεσθαι]
920 2409 1030 2442 προα)
1031 2395 1194 2453 αγέσθαι
1223 2397 1255 2431 F
1439 2395 1496 2432 64.
1543 2398 1616 2430 τῶν

237 2445 456 2502 βαρβάρων]
486 2443 677 2492 βάρβαρον
712 2446 791 2478 Bas.
1009 2444 1065 2477 65.
1098 2441 1212 2487 πολύ]
1245 2443 1369 2490 πολλῷ
1401 2441 1481 2476 FW

375 2493 433 2529 (58.
467 2505 541 2526 των
583 2504 620 2526 τε
663 2491 758 2532 FW,
800 2489 929 2524 caeteri
971 2502 1046 2524 των
1159 2523 1161 2525 ,
1382 2487 1615 2544 ἐνοχλοῦντες

236 2539 626 2584 WVesselinbius.lib1i
659 2517 901 2581 ἐνοχλουντας
1094 2536 1151 2569 73.
1186 2491 1289 2569 διά7
1278 2537 1353 2570 τῶν
1387 2532 1510 2569 όπλων
1541 2547 1613 2569 om.

235 2588 337 2629 FW,
362 2586 484 2620 asteri-
474 2596 527 2617 co
549 2584 680 2618 notavit
701 2584 897 2626 Stephanus
1031 2581 1088 2615 74.
1112 2580 1228 2627 μέχρι]
1248 2582 1327 2616 libri
1351 2579 1476 2625 μέχρις

235 2634 295 2669 75.
317 2631 591 2677 Ἀγαθοκλέους]
610 2632 683 2665 τῶν
702 2627 962 2672 Ἀγαθοκλέους
980 2627 1178 2672 Stephanus
1315 2628 1372 2664 78.
1390 2626 1607 2673 ἀνελπίστῳ]

236 2679 458 2719 ἀνελπίστως
490 2678 519 2711 F
702 2676 760 2712 81.
791 2673 1074 2720 ἱεροκαυστουμέ
1077 2688 1164 2714 νους
1191 2675 1221 2708 F
1378 2673 1435 2710 83.
1458 2674 1550 2717 του]
1576 2687 1611 2708 τι

236 2728 318 2764 Bas
500 2722 558 2757 84.
592 2726 652 2757 aut
674 2723 736 2757 καὶ
759 2735 826 2762 τας
848 2721 1067 2756 scribendum
1094 2733 1173 2755 cum
1196 2720 1316 2755 misr·
1307 2732 1340 2755 10
1365 2724 1426 2754 aut
1447 2733 1514 2762 τας
1537 2721 1610 2754 τῶν

418 2770 474 2805 86.
498 2767 573 2804 τινὲ
576 2783 592 2810 ς
615 2768 681 2813 μὲν
704 2769 790 2812 FT,
813 2768 942 2803 caeteri
964 2765 1060 2808 τινὲς
