1820 3249
645 205 761 252 LIB.
811 206 911 249 XX.
1366 208 1475 249 1601

91 326 234 376 pressit,
274 325 447 373 pecunias
486 323 591 360 Aeoli
631 329 669 358 et
707 323 864 359 Vulcani
905 325 1059 360 nomine
1094 325 1255 372 insignes
1294 336 1381 359 cum
1417 336 1476 359 ra·

93 385 252 431 puisset,
287 384 491 418 vindictam
531 380 697 415 divinam
734 392 809 414 non
853 381 996 428 effugit.
1063 384 1106 417 In
1136 383 1242 417 Italia
1276 381 1374 416 inter
1402 383 1478 417 Ro-

93 453 226 476 manos
263 447 301 475 et
329 440 510 476 Samnites
545 443 629 483 post
667 438 713 471 22
742 448 855 471 annos
887 451 957 483 pax
994 439 1094 474 facta
1133 435 1255 487 [101.].
1293 420 1570 473 Demetrii1l9·

92 499 235 534 bellum
264 509 333 544 pro
371 495 562 531 liberanda
593 495 754 529 Graecia
787 496 1059 534 continuatum,
1102 497 1254 530 initium
1285 496 1374 530 belli
1403 497 1478 530 De-
1509 480 1543 513 2·
1567 509 1623 547 2³¹¹

94 557 250 590 metrius
278 556 325 589 ab
354 553 445 588 urbe
475 552 730 597 Sicyoniorum
760 551 873 596 facit,
905 564 1016 598 quam
1046 552 1081 587 vi
1111 559 1308 599 expugnat,
1339 558 1375 586 et
1397 554 1483 586 Pto·
1526 545 1548 568 Ψ
1609 591 1611 593 ,

95 612 229 647 lernaei
257 610 483 657 praesidium
514 609 678 655 expellit.
720 609 881 653 Sicyonii
911 617 952 643 ut
981 617 1208 644 servatorem
1249 616 1286 644 et
1314 609 1482 643 condito-

93 681 176 704 rem
205 668 440 704 Demetrium
469 658 695 701 venerentur
719 662 840 713 [102]
870 666 956 700 inde
988 667 1186 701 Corinthus
1214 678 1283 712 per
1311 666 1482 700 fraudem

94 732 223 771 capta3
241 725 438 770 Prepelaus
462 723 657 758 Cassandri
686 723 828 768 legatus
847 724 938 758 urhe
967 724 1135 770 expulsus
1164 725 1211 758 ad
1234 723 1484 758 Cassandrum

95 783 286 828 confugit:
316 782 476 815 Achaiae
505 781 613 815 urbes
649 780 838 814 liberatae.
879 781 1160 816 Orchomenum
1190 781 1480 826 Polysperchon-

93 840 139 874 tis
169 839 352 885 praesidio
380 839 572 872 firmatum
601 837 637 871 vi
671 829 902 883 expugnavit*
925 838 1159 882 Demetrius,
1188 838 1480 881 Strombichum,

94 896 268 942 praesidii
298 896 540 941 praefectum,
571 894 611 928 in
643 906 795 928 crucem
825 895 902 940 egit
928 893 1054 942 [103.].
1083 898 1125 930 Iu
1154 895 1264 930 Italia
1291 895 1486 929 Tarentini

71 951 189 998 -rcu'i‘n'
212 950 374 987 Lucanis
407 958 441 988 et
467 946 650 988 Romanis
678 947 822 986 'bellum
853 952 1075 988 habuerunt.
1115 948 1287 999 Spartani
1315 951 1486 996 Tarenti-

94 1010 154 1056 nis
177 1009 322 1044 'auxilia
351 1010 506 1054 misere,
538 1008 632 1042 duce
661 1009 888 1054 Cleonymo,
918 1010 1022 1043 cuius
1052 1010 1090 1043 in
1121 1010 1268 1043 Italiam
1301 1007 1487 1043 excursio-

94 1078 159 1100 nes
187 1066 314 1112 ibique
343 1068 467 1111 factae
493 1065 751 1114 populationes
780 1065 1037 1102 describuntur
1056 1064 1178 1114 [104.].
1199 1065 1351 1101 tandem
1378 1065 1487 1100 Cleo—

93 1135 230 1169 nymus
257 1124 304 1158 ab
334 1124 410 1158 eius
429 1123 593 1169 regionis
622 1123 788 1157 barbaris
817 1134 1010 1168 oppressus
1038 1124 1078 1157 in
1109 1125 1314 1169 Corcyram
1341 1123 1487 1168 aufugit
1500 1151 1565 1186 119

96 1177 218 1227 [1053]
249 1181 455 1215 Cassander
485 1180 533 1213 ob
556 1179 682 1213 vfactos
709 1181 896 1213 Demetrii
922 1191 1134 1226 progressus
1164 1192 1280 1228 regno
1311 1191 1377 1214 suo
1407 1191 1486 1213 me·
1516 1210 1539 1245 3
1569 1176 1575 1184 ’

66 1243 201 1275 ’τιιεηε
232 1236 364 1282 pacem
394 1237 440 1271 ab
471 1235 655 1282 Antigono
694 1236 895 1281 impetrare
926 1237 1064 1272 studet.
1118 1237 1189 1271 hac
1226 1238 1290 1284 spe
1320 1237 1486 1271 deiectus
1543 1235 1551 1244 ⁸

93 1284 371 1338 Lysimachum,
393 1289 718 1335 Ptolemaeumsst
746 1293 944 1328 Seleucum
974 1294 1021 1328 ad
1049 1294 1192 1328 bellum
1220 1301 1352 1328 contra
1382 1294 1487 1328 Anti·
1536 1295 1554 1316 ³1

65 1360 237 1396 ‹gonmn
268 1346 433 1385 concitat
464 1345 588 1397 [106.].
617 1347 695 1394 ipse
720 1349 849 1396 itaque
878 1357 1008 1385 contra
1035 1351 1271 1386 Demetrium
1300 1351 1339 1385 in
1369 1351 1487 1386 Thes-

55 1424 71 1440 r.
92 1406 236 1450 saliam,
256 1407 498 1452 Lysimachus
526 1406 565 1440 in
594 1406 717 1440 Asiam
747 1414 891 1450 movet3
922 1408 1033 1442 misso
1061 1408 1172 1443 simul
1192 1408 1488 1454 Prepelao'cum

95 1458 263 1508 exercitu
293 1464 333 1498 in
351 1463 512 1500 Aeolidis
541 1469 578 1497 et
606 1463 734 1498 Ioniae
763 1464 875 1498 urbes
896 1460 1026 1512 ,[107.].
1055 1458 1259 1510 Antigonus
1286 1464 1417 1499 nuntio
1442 1463 1489 1498 de

95 1520 307 1571 Lysimachi
336 1521 551 1556 incursione
581 1527 734 1567 accepto
763 1531 783 1554 e
814 1521 921 1566 Syria
950 1521 1048 1556 hosti
1068 1522 1224 1558 obviam
1254 1521 1424 1568 procedit
1452 1527 1491 1555 et

95 1589 265 1626 pugnam
294 1579 416 1613 offert.
445 1577 509 1612 sed
536 1577 791 1623 Lysimachus,
823 1589 907 1613 eam
935 1574 1075 1614 evitar'e
1104 1570 1216 1624 satius
1244 1586 1394 1625 putans,
1423 1590 1491 1612 no-

97 1640 164 1670 ctu
195 1635 368 1682 aufugit,
406 1641 443 1670 et
471 1641 592 1669 castra
630 1635 678 1669 ad
705 1634 935 1680 Dorylaeum
971 1636 1076 1682 ponit
1106 1631 1230 1685 [108.].
1269 1637 1489 1682 Antigonu3‚

97 1691 245 1726 hostem
274 1698 509 1738 persecutuS,
553 1692 630 1726 eius
663 1698 785 1726 castra
822 1693 990 1728 obsidere
1018 1700 1148 1739 parat3
1178 1693 1242 1727 sed
1271 1705 1358 1727 cum
1390 1691 1494 1738 Lysi-

98 1749 255 1784 machus
296 1750 383 1784 inde
421 1749 613 1790 evaderet,
653 1748 848 1783 discessum
887 1757 941 1785 est
978 1749 1017 1784 in
1055 1751 1212 1784 hiberna
1256 1746 1379 1797 [109.].
1446 1750 1492 1783 In

100 1806 262 1841 Graecia
290 1806 508 1841 Demetrius
535 1805 687 1840 Athenis
718 1807 902 1849 substitit,
935 1795 1053 1841 donec
1083 1806 1269 1851 mysteriis
1299 1805 1493 1841 Eleusiniis

100 1869 193 1897 esset
225 1863 407 1899 initiatus.
450 1869 530 1897 tum
573 1862 685 1896 classe
725 1864 937 1908 profectus,
978 1864 1166 1898 Larissam
1205 1870 1242 1897 et
1282 1864 1494 1909 complures

99 1920 190 1954 alias
219 1920 328 1954 urbes
357 1921 510 1965 recepit.
542 1920 769 1962 Cassander,
800 1927 843 1954 ut
870 1932 1086 1968 progressus
1115 1921 1329 1967 prohiberet
1353 1923 1493 1955 Deme-

99 1976 163 2010 trii
193 1977 321 2011 castris
359 1989 420 2011 sua
451 1977 606 2023 opponit
636 1973 758 2024 [110.].
798 1977 942 2011 interea
974 1990 995 2012 a
1024 1985 1128 2024 patre
1165 1978 1376 2013 admonitus
1412 1979 1490 2011 De—

100 2034 258 2067 metrius
295 2040 336 2068 ut
378 2034 500 2079 copias
540 2033 579 2066 in
609 2034 732 2068 Asiam
762 2036 1048 2078 transmitteret,
1079 2047 1137 2069 res
1167 2047 1255 2069 cum
1285 2035 1489 2070 Cassandro

101 2090 303 2136 componit.
361 2092 444 2125 Hoc
474 2097 642 2135 ternpore
672 2091 908 2126 Mithridates
937 2093 1045 2126 Ponti
1082 2103 1145 2126 rex
1173 2098 1341 2126 mortuus
1370 2092 1490 2125 filium

100 2147 360 2182 Mithridatem
389 2158 639 2182 successorem
669 2147 800 2182 habuit
820 2145 946 2197 [111.].
980 2149 1184 2184 Cassander
1204 2156 1286 2195 post
1305 2149 1492 2183 Demetrii

103 2204 300 2238 discessum
339 2205 506 2238 civitates
535 2204 743 2238 Thessaliae
772 2206 1028 2250 recuperavit,
1061 2213 1097 2241 et
1126 2206 1373 2241 Plistarchum
1405 2218 1492 2240 cum

104 2261 265 2294 exercitu
295 2261 333 2294 in
363 2262 488 2296 Asiam
518 2261 738 2306 Lysimacho
768 2262 988 2297 auxiliatum
1017 2263 1233 2300 transmisit.
1263 2263 1327 2297 sed
1357 2275 1493 2309 magna

103 2317 253 2351 navium
281 2317 553 2362 hominumque
585 2329 669 2363 pars
699 2319 895 2365 naufragio
925 2320 1049 2365 periit.
1096 2332 1208 2368 aegre
1238 2321 1389 2354 emersit
1418 2321 1493 2355 Pli-

102 2374 274 2408 starchus
311 2371 436 2423 [112]
477 2375 532 2408 Ex
562 2377 727 2420 Aegypto
760 2376 873 2410 etiam
901 2377 1137 2412 Ptolemaeus
1165 2378 1416 2412 incursionem
1452 2377 1491 2411 in

101 2431 247 2475 Syriam
283 2429 446 2475 fecerat,
487 2431 550 2477 qui
584 2437 712 2465 tamen
742 2433 835 2467 falso
866 2433 1041 2479 deceptus
1069 2435 1201 2468 nuntio
1237 2434 1282 2468 de
1311 2434 1491 2480 Antigoni

101 2487 280 2532 victoria,
318 2487 358 2521 in
395 2499 553 2534 regnum
590 2500 628 2522 se
665 2490 818 2534 recepit.
857 2495 1026 2524 ceterum
1065 2502 1170 2537 reges
1199 2491 1336 2537 singuli
1366 2491 1491 2536 copias

103 2545 286 2590 cogebant
323 2544 370 2579 ad
407 2545 660 2580 dimicandum
694 2547 864 2592 proxima
903 2554 1042 2583 aestate
1083 2548 1130 2583 de
1169 2559 1298 2583 rerum
1345 2559 1492 2583 summa

104 2597 231 2650 [113.].

1135 2897 1217 2937 102
