1820 3249
336 144 448 184 1214
669 139 942 183 LIB.XV11.
1003 142 1137 184 οΑΡ
1165 146 1234 186 80.
1246 146 1377 186 -82

255 262 310 302 80
339 250 535 298 κεδόνων
562 270 667 326 τους
697 251 928 307 ἀλλοτρίας
955 251 1052 297 κατ’
1086 253 1225 298 αὐτοῦ
1253 254 1542 310 προϊεμένους
1564 255 1716 311 φωνοὲς

334 312 409 355 καὶ
447 312 552 363 τοὺς
590 309 943 381 ῆγανακτηκότας
981 310 1050 354 ἐπὶ
1092 316 1154 383 τῷ
1182 316 1263 355 τοῦ
1295 314 1608 367 Παρμενίωνος
1636 318 1717 356 θα-

335 367 476 425 νάτῳ,
526 371 637 421 πρός
678 368 724 412 δὲ
761 368 935 419 τούτοις
969 385 1072 419 τους
1101 369 1148 411 έν
1177 375 1270 420 ταῖς
1297 369 1627 420 ἀποσταλείσαις
1656 371 1717 421 εἰς

334 427 622 468 Μακεδονίαν
658 424 900 475 ἐπιστολαῖς
949 422 1183 478 ἀλλότριόν
1221 443 1262 469 τι
1306 425 1584 482 γεγραφότας
1622 431 1715 477 τοῖς

334 484 511 532 οἰκείοις
541 482 640 536 περὶ
668 486 758 524 τῶν
788 499 847 539 τῳ
880 484 1050 536 βασιλεῖ
1079 482 1407 553 συμφερόντων,
1440 485 1498 533 είς
1526 484 1575 526 ἐν
1595 482 1715 526 κατέ-

247 544 301 585 85
331 541 419 590 λεξε
449 541 661 608 σύστημα,
691 539 764 581 καὶ
795 530 1147 593 προςηγόρευσεν
1178 538 1375 583 ἀτάκτων
1403 557 1565 611 ταγμα,
1597 538 1715 589 ὅπως

330 595 388 651 μὴ
430 595 502 638 διὰ
543 612 620 646 τας
658 595 828 638 τούτων
861 594 1072 647 ἀκαίρους
1103 596 1251 651 φωνὰς
1281 598 1353 639 και
1388 597 1633 652 παρρησίας
1661 595 1710 639 τὸ

329 652 487 696 λοιπὸν
517 657 686 722 πλῆθος
716 655 804 694 τῶν
834 650 1109 695 Μακεδόνων
1143 656 1553 725 συνδιαφθείρηται.

243 716 298 755 81
437 707 539 752 Ἀπὸ
581 709 626 752 δὲ
665 708 836 752 τούτων
873 708 1109 763 γενόμενος
1138 710 1210 752 καὶ
1240 727 1291 752 τα
1323 711 1431 753 κατά
1462 709 1542 766 τὴν
1569 714 1715 782 Δραγ-

244 776 299 814 90
329 765 468 821 γηνὴν
489 764 773 837 καταστήσας,
806 764 999 817 ἀνέζευξε
1028 764 1134 821 μετὰ
1162 770 1237 836 τῆς
1269 767 1496 820 δυνάμεως
1523 768 1591 810 ἐπὶ
1612 767 1716 817 τοὺς

327 822 547 893 πρότερον
585 839 663 878 μευ
700 821 992 877 Ἀριμασπούς
1032 826 1117 865 νῦν
1154 821 1198 865 δ’
1231 822 1476 893 Εὐεργέτας
1506 822 1715 878 ὀνομαζο-

327 881 487 950 μένους
520 880 593 922 διά
624 879 829 929 τοιαύτας
858 879 978 928 τινὰς
1008 880 1170 929 αἰτίας·
1202 882 1358 933 Κῦρος
1387 878 1411 924 ὁ
1442 879 1522 953 τῆν
1542 879 1716 934 Μήδων

328 935 468 991 ἀρχην
495 935 803 1007 μεταστήσας
816 937 873 986 εἰς
917 935 1092 988 Πέρσας
1126 936 1171 978 ε’ν
1200 952 1286 979 τινι
1317 940 1516 993 στρατεία
1543 940 1717 992 περιλη-

329 994 459 1054 φθεὶς
490 992 536 1035 έν
568 993 711 1048 ἐρήμῳ
741 1009 864 1064 χωρα
891 993 965 1035 καὶ
995 992 1113 1049 πασῃ
1144 992 1298 1036 σπανει
1327 1010 1416 1035 των
1448 992 1713 1048 ἀναγκαίων,

246 1055 300 1097 95
330 1047 439 1105 ἦλθε
469 1050 549 1105 μὲν
578 1050 645 1093 ἐπὶ
675 1050 780 1099 τούς
809 1048 1017 1119 ἐσχατους
1046 1049 1305 1102 κινδύνους,
1327 1049 1409 1092 ’διὰ
1439 1049 1526 1119 τήν
1545 1050 1717 1092 ε’νδειαν

330 1111 406 1162 τῆς
446 1111 614 1162 τροφῆς
653 1105 1018 1177 ἀναγκαζομένων
1055 1123 1143 1149 των
1184 1110 1462 1161 στρατιωτων
1504 1105 1718 1175 ἀλλήλους

333 1168 644 1233 σαρκοφαγεῖν,
675 1166 761 1205 τῶν
792 1162 833 1206 δ’
860 1161 1139 1217 Ἀριμασπῶν
1166 1165 1419 1218 τριςμυρίας
1455 1162 1622 1218 ἆμαξας
1652 1164 1718 1205 σί-

331 1237 412 1264 του
449 1219 667 1276 γεμούσας
706 1219 1105 1273 παρακομισάντων
1145 1221 1303 1271 σωθεὶς
1338 1220 1596 1274 παραδόξως
1626 1218 1715 1263 ἀτε-
1728 1212 1795 1249 ⁶224

331 1279 467 1328 λείαις
503 1293 547 1320 τε
577 1278 650 1319 καὶ
682 1276 833 1327 ἄλλαις
865 1279 1050 1330 δωρεαῖς
1080 1277 1250 1330 ἐτίμησε
1278 1278 1327 1319 τὸ
1359 1277 1503 1329 ε’θνος,
1533 1277 1606 1320 καὶ
1635 1275 1717 1332 τήν

224 1343 301 1382 100
330 1333 709 1403 προύπαρχουσαν
739 1334 1037 1387 προςηγορίαν
1068 1331 1337 1387 ἀφελόμενος
1366 1333 1717 1402 προςηγόρευσεν

323 1390 595 1459 Εὐεργέτας.
654 1389 751 1433 τότε
791 1390 835 1432 δὲ
863 1389 1139 1443 Ἀλέξανδρος
1171 1391 1231 1441 εἰς
1262 1391 1341 1445 τὴν
1369 1390 1540 1434 τούτων
1568 1406 1718 1447 χωραν

333 1446 612 1502 στρατεύσας,
644 1447 718 1490 καὶ
747 1450 837 1489 τῶν
867 1446 1086 1518 ἐγχωρίων
1116 1447 1403 1501 φιλοφρόνως
1424 1447 1563 1491 αὐτὸν
1590 1462 1719 1502 προς-

332 1504 600 1558 δεξαμένων,
631 1503 801 1575 έτιὶημησε
830 1502 880 1546 τὸ
912 1504 1043 1554 ἔθνος
1071 1508 1165 1554 ταῖς
1194 1502 1493 1574 ἁρμοζούσαις
1524 1506 1720 1558 δωρεαῖς.

274 1566 299 1607 5
329 1561 378 1605 τὸ
411 1560 454 1605 δ’
490 1559 597 1604 αύτό
629 1561 701 1603 καὶ
731 1564 820 1604 τῶν
850 1559 1030 1616 ὁμόρων
1058 1576 1149 1603 των
1179 1559 1518 1616 ὀνομαζομένων
1543 1563 1716 1616 Κεδρω-

330 1620 439 1662 σίων
470 1617 769 1689 ποιησάντων,
801 1617 874 1660 καὶ
905 1618 1089 1667 τούτους
1118 1623 1211 1668 ταῖς
1241 1617 1513 1670 πρεπούσαις
1541 1617 1718 1687 χάρισιν

328 1674 557 1748 ἠμείψατο.
630 1673 892 1744 ἀμφοτέρων
938 1674 985 1717 δὲ
1034 1690 1123 1717 των
1177 1675 1416 1729 εἰρημένων
1453 1675 1600 1718 έθνων
1622 1674 1720 1745 τὴν

322 1734 596 1788 στρατηγίαν
630 1730 838 1801 Τιριδάτῃ
879 1729 1116 1785 παρέδωκε.
1177 1732 1277 1785 περι
1315 1736 1471 1775 ταῦτα
1491 1731 1535 1775 δε
1578 1729 1738 1801 αὐτοῦ,

331 1792 635 1845 διατρίβοντος
663 1788 772 1844 ἡκόν
801 1803 915 1838 τινες
954 1787 1298 1843 ἀπαγγέλλοντες
1337 1788 1404 1832 ὅτι
1440 1787 1718 1844 Σατιβαρζα-

251 1856 301 1895 10
331 1863 410 1902 νης
441 1847 487 1889 ἐκ
517 1850 590 1901 τῆς
622 1849 896 1900 Βακτριανῆς
934 1844 1039 1915 μετὰ
1079 1845 1306 1899 δυνάμεως
1345 1849 1508 1901 πολλῆς
1538 1847 1717 1914 ἱππικῆς

322 1902 684 1974 παραγενόμενος
717 1904 776 1952 εἰς
804 1901 852 1945 τό
884 1905 971 1944 τῶν
995 1898 1174 1973 Ἀρείων
1203 1902 1336 1954 ἔθνος
1372 1902 1582 1973 ἀπέστησε
1611 1918 1716 1953 τους

331 1961 574 2031 ἐγχωρίους
609 1957 684 2002 ἀπ’
717 1957 1016 2012 Ἀλεξάνδρου.
1076 1956 1101 2002 ὁ
1134 1960 1179 2002 δὲ
1209 1959 1410 2015 βασιλεὺς
1440 1957 1636 2010 ἀκούσας
1664 1959 1714 2002 τὸ

330 2015 522 2073 γεγονός,
550 2015 797 2059 ἀπέστειλεν
827 2014 896 2058 ἐπ’
919 2014 1054 2060 αὐτὸν
1075 2015 1206 2071 μέρος
1223 2021 1298 2087 τῆς
1322 2015 1557 2086 δυναμεως,
1588 2027 1716 2069 στρα-

331 2074 491 2147 τηγούς
530 2072 760 2128 ἐπιστήσας
792 2071 1011 2141 Ἐρίγυιον
1048 2073 1121 2116 καὶ
1150 2072 1440 2127 Στασάνορα,
1493 2071 1628 2123 αὐτὸς
1670 2072 1716 2116 δὲ

252 2138 303 2181 15
332 2131 410 2187 τὴν
423 2130 691 2187 Ἀραχωσίαν
708 2127 1118 2185 καταστρεψάμενος
1134 2129 1299 2186 ὀλίγαις
1315 2128 1497 2186 ἡμέραις
1514 2128 1721 2186 vmq'xoov.

333 2188 522 2245 εποίησε.

247 2257 302 2295 82
449 2248 541 2288 Τοῦ
572 2242 616 2289 δ’
648 2244 872 2289 ἐνιαυσίου
893 2241 1060 2300 χρόνον
1082 2241 1392 2300 διεληλυθότος
1404 2241 1618 2300 Ἀθήνησι
1637 2243 1717 2300 μὲν

326 2381 384 2416 79.
431 2378 696 2425 προὶεμένους]
722 2379 844 2414 malim
868 2379 1112 2424 προειμένους
1294 2378 1352 2416 84.
1397 2379 1465 2423 εν]
1492 2379 1558 2415 {vo}
1584 2380 1666 2414 Bas.

421 2427 478 2462 88.
528 2427 769 2487 Δραγγηνὴν]
798 2427 1008 2472 δραγγύνην
1031 2429 1082 2468 F,
1107 2426 1236 2460 caeteri
1261 2425 1471 2471 Δραγγινήν
1654 2426 1712 2461 94.

327 2472 675 2517 ἐπὶ-κινδύνους]
702 2475 762 2509 καὶ
778 2473 962 2508 -κινὸυι
954 2487 1030 2515 ους
1053 2471 1191 2529 υπέστη
1217 2473 1246 2506 L
1270 2477 1303 2506 et
1321 2474 1449 2508 omisso
1464 2473 1663 2513 κινδύνους
1681 2473 1713 2506 F

389 2520 499 2554 223.
534 2520 592 2554 98.
641 2521 778 2561 σωθεὶς
799 2520 1046 2563 παραδόξως]
1072 2517 1186 2560 εύθύς
1208 2518 1431 2562 παραδόξως
1455 2521 1591 2559 σωθεὶς
1614 2519 1673 2553 FL

421 2566 476 2600 99.
525 2564 696 2610 ἐτίμησε]
723 2565 938 2611 ἐπιτιμήσας
961 2567 989 2600 L
1184 2566 1215 2599 1.
1265 2563 1284 2600 ὁ
1305 2564 1537 2611 Ἀλέξανδρος
1561 2567 1589 2599 F

330 2612 365 2646 2.
412 2611 633 2654 στρατεύσας
664 2613 746 2653 Fn,
782 2613 912 2646 caeteri
942 2611 1260 2657 στρατοπεδεύσας
1442 2613 1477 2647 7.
1530 2607 1712 2657 Τιριδάτῃ

330 2660 425 2701 Bas„
451 2661 591 2702 Cospns,
615 2659 743 2693 caeteri
772 2661 826 2704 Τη
831 2659 961 2705 ριδοὶτῃ
1145 2659 1179 2693 9.
1215 2657 1515 2712 Σατιβαρζάνης]
1542 2659 1713 2716 σατιβαρ-

328 2703 444 2748 σάνης
466 2706 495 2738 F
519 2705 579 2738 hic
603 2709 636 2738 et
659 2705 739 2741 224.
760 2706 817 2740 79.
1004 2706 1059 2740 14.
1107 2703 1301 2750 ἐπιστήσας
1325 2718 1394 2739 om.
1419 2707 1452 2739 X
1614 2703 1713 2749 Ἐρί-

327 2752 457 2796 γυιον]
477 2749 649 2795 Ἐρύγιον
673 2752 757 2786 Bas.
941 2750 998 2786 15.
1046 2750 1289 2799 Ἀραχωσίαν]
1313 2749 1550 2797 Ἀραχερσέαν
1575 2751 1605 2784 Y

328 2799 386 2833 17.
433 2797 642 2843 ἐνιαυσίου]
671 2797 901 2833 ενιαυσιαίου
926 2798 956 2831 F
