1820 3249
660 199 777 239 LlB.
837 198 988 240 xV11.
1407 202 1521 245 1583

138 319 246 354 missa
283 317 472 365 legatione
513 315 611 363 regis
651 316 892 351 clementiam
933 316 1136 362 implorant
1176 313 1277 365 [73.].
1319 319 1449 353 Bessus
1485 319 1523 354 in
1538 321 1616 357 112.

138 376 377 412 Bactrianam
408 375 550 419 elapsus
579 373 716 418 populo
746 373 927 408 libertatis
958 374 1197 408 vindicandae
1228 381 1358 408 auctor
1387 383 1452 419 est,
1485 384 1521 411 et
1550 375 1583 414 4.

138 444 202 467 rex
231 439 390 467 creatur.
427 430 632 464 Alexander
671 441 775 472 suos,
807 431 869 476 qui
898 432 1016 465 Dario
1047 431 1170 465 occiso
1199 431 1359 466 reditum
1389 433 1427 466 in
1459 445 1524 479 pa»

137 490 250 523 triam
286 489 486 535 parabant,
534 487 705 521 oratione
752 487 932 533 donisque
969 487 1014 522 ad
1065 499 1200 522 novam
1247 489 1523 534 expeditionem

137 547 302 580 concitat
341 542 440 592 [74.].
474 543 627 578 ulterius
672 555 885 589 progressus
923 552 1042 579 castra
1079 544 1124 579 ad
1158 545 1289 579 urbem
1324 547 1523 582 Hecatom-

136 603 247 648 pylon
278 603 448 636 collocat.
485 600 557 634 iter
587 601 625 634 in
655 601 883 646 Hyrcaniam
917 600 1149 637 describitur.
1191 603 1305 636 maris
1333 605 1456 650 Caspii
1486 611 1524 639 et

135 659 343 705 Hyrcaniae
373 658 630 692 memorabilia
654 655 752 706 [75.].
775 658 814 691 in
843 659 1030 704 Hyrcania
1060 658 1170 693 duces
1194 661 1389 694 Persarum
1412 661 1522 696 multi

135 715 386 750 Alexandrum
417 721 627 749 sectantur:
674 714 836 757 Graeci,
868 715 932 761 qui
969 715 1008 749 in
1038 716 1142 749 Darii
1184 717 1349 751 exercitu
1380 718 1520 752 milita-

135 777 285 816 verant,
316 772 407 806 socii
437 773 544 808 fiunt.
574 772 630 805 his
660 779 791 805 auctus
824 771 1045 805 Mardorum
1075 772 1267 817 regionem
1298 774 1334 807 vi
1365 782 1526 819 occupat

133 835 171 862 et
205 829 380 863 devastat.
409 828 533 873 regius
562 840 676 874 equus
710 828 762 862 ibi
790 828 890 862 furto
923 829 1080 872 ablatus,
1111 829 1174 862 sed
1203 830 1392 863 restitutus
1422 828 1524 881 [76.].

132 885 336 920 Thalestris
365 885 514 930 reginae
544 885 590 919 ad
620 885 867 919 Alexandrum
898 886 1039 928 aditus,
1076 886 1239 932 rogantis
1269 892 1310 921 ut
1339 889 1525 923 maximus

132 953 265 988 regum
295 953 381 976 cum
411 942 576 976 maxima
603 942 805 976 mulierum
835 942 970 976 liberos
999 949 1223 989 procrearet.
1253 949 1333 978 tum
1355 945 1522 989 primum

132 1010 196 1033 rex
234 998 481 1033 Asiaticorum
524 1011 628 1033 more.
666 999 814 1032 luxuria
864 1005 900 1032 et
934 999 1125 1045 voluptate
1174 999 1349 1034 diffluere
1397 1003 1521 1047 coepit

134 1052 237 1103 [77.].
281 1056 422 1090 bellum
474 1067 496 1088 a
534 1056 765 1090 Satibarzane
813 1062 849 1089 et
886 1058 998 1090 Besso
1035 1058 1074 1090 in
1113 1057 1335 1091 Macedones
1373 1065 1520 1093 motum

130 1111 340 1146 Alexander
374 1112 570 1145 celerrime
601 1112 789 1157 oppressit.
836 1113 1025 1157 provincia
1056 1114 1208 1147 subacta
1236 1115 1443 1149 Alexander
1474 1127 1518 1150 ex

129 1169 319 1214 Hyrcania
356 1168 496 1202 bellum
536 1168 575 1201 in
614 1170 839 1214 Drangenen
879 1170 1056 1203 transfert
1093 1167 1195 1218 [78.].
1236 1171 1308 1205 hoc
1346 1178 1518 1218 tempore

128 1236 317 1259 summum
357 1225 439 1270 regi
475 1225 684 1270 periculum
714 1225 956 1268 imminebat,
990 1227 1092 1260 facta
1133 1239 1156 1261 a
1184 1228 1321 1262 Dimno
1359 1230 1516 1275 aliisque

129 1282 170 1316 in
209 1282 286 1315 eius
325 1284 441 1315 vitam
487 1282 772 1327 conspiratione.
834 1282 917 1328 regi
951 1282 1101 1317 insidias
1149 1285 1267 1329 aperit
1304 1287 1512 1324 Cebalinus,

129 1338 313 1383 Dimnus‚
349 1337 476 1371 habita
507 1339 740 1383 quaestione,
781 1346 942 1373 mortem
981 1340 1050 1373 sibi
1088 1340 1166 1386 ipse
1202 1342 1382 1376 conscivit
1415 1340 1514 1391 [79.].

129 1395 278 1429 sceleris
306 1394 458 1438 conscii,
488 1395 599 1441 inque
629 1395 686 1428 his
715 1396 922 1442 Parmenio,
953 1394 1135 1442 supplicio
1170 1398 1391 1432 afficiuntur
1414 1396 1514 1447 [SO.].

129 1451 214 1485 inde
243 1451 449 1486 Alexander
486 1459 603 1486 castra
641 1453 678 1485 in
710 1453 919 1497 Arimaspos
960 1459 1107 1496 movet,
1144 1460 1270 1500 postea
1308 1456 1516 1502 Euergetas

129 1508 258 1544 dictos.
286 1509 344 1542 his
375 1514 412 1542 et
442 1508 631 1542 Gedrosiis
666 1508 869 1543 Tiridatem
898 1510 1088 1554 praefecit.
1119 1511 1230 1545 simul
1259 1512 1447 1558 Erigyium
1478 1520 1515 1547 et

127 1565 362 1599 Stasanorem
398 1572 527 1599 contra
564 1566 845 1600 Satibarzanem
875 1567 1002 1600 mittit.
1038 1567 1114 1611 ipse
1144 1569 1382 1602 Arachosiam
1421 1571 1598 1625 sub-113

129 1621 199 1667 igit
229 1619 326 1669 [81.].
356 1622 564 1655 Alexander
594 1623 748 1656 ulterius
783 1624 819 1656 in
847 1624 1149 1668 Paropamisadas
1177 1625 1425 1671 progreditur.
1456 1639 1512 1661 re·
1546 1649 1580 1682 1·
1599 1617 1607 1627 ⁰

127 1679 249 1725 gionis
277 1679 648 1723 Paropamisadarum
679 1679 886 1724 descriptio.
921 1686 1041 1714 totam
1072 1689 1229 1726 occupat
1258 1693 1334 1717 rex.
1377 1684 1515 1718 montis

127 1735 285 1769 Caucasi
323 1748 352 1770 s.
394 1736 620 1780 Paropamisi
659 1736 915 1770 memorabilia
954 1743 991 1771 et
1031 1749 1146 1783 prope
1182 1749 1269 1772 eum
1315 1745 1520 1775 exstructae

127 1793 250 1826 urbes.
293 1792 382 1825 hinc
411 1791 619 1826 Alexander
645 1793 684 1826 in
711 1794 950 1827 Bactrianam
982 1794 1192 1841 digreditur
1224 1796 1271 1829 ad
1302 1797 1516 1842 opprimen-

127 1849 217 1883 dum
254 1849 418 1884 Bessum.
470 1848 743 1884 Satibarzanem
785 1850 957 1896 Erigyius
1002 1852 1204 1885 certamine
1244 1853 1424 1899 singulari
1462 1855 1515 1888 vi-

128 1912 234 1939 ctum
261 1905 412 1941 occidit.
450 1905 600 1939 Bessum
632 1913 782 1952 captum
811 1907 1014 1941 Alexander
1041 1909 1150 1942 Darii
1186 1908 1295 1943 fratri
1333 1911 1514 1956 supplicio

127 1962 372 1996 afficiendum
408 1954 558 1996 tradidit
590 1960 689 2011 [83.].
730 1965 862 2010 regina
891 1965 1076 2008 quaedam
1110 1966 1319 2000 Alexandro
1355 1979 1512 2002 munera

127 2018 258 2053 mittit.
297 2019 572 2053 mercenarium
602 2021 779 2064 militem,
815 2027 1012 2066 postquam
1044 2033 1064 2055 e
1092 2022 1244 2056 foedere
1273 2024 1366 2058 urbe
1395 2025 1512 2068 (Mas-

125 2072 228 2124 saca)
271 2075 430 2118 exierat,
470 2075 674 2111 Alexander
714 2084 841 2111 contra
882 2077 1008 2111 datam
1046 2078 1158 2122 fidem
1198 2087 1414 2124 persecutus
1451 2082 1511 2115 in-

126 2132 232 2178 genti
262 2132 372 2166 caede
398 2133 597 2177 prostravit
629 2131 729 2182 [84,].
764 2135 979 2180 expugnatis
1006 2135 1174 2180 pluribus
1201 2137 1330 2170 Indiae
1359 2138 1509 2173 urbibus

125 2200 190 2223 rex
217 2199 349 2234 rupem
378 2190 599 2224 inaccessam
632 2192 781 2225 Aornon
814 2202 1028 2237 oppugnare
1056 2204 1165 2227 ausus
1194 2199 1259 2227 est.
1300 2194 1394 2228 duce
1420 2206 1508 2229 sene

128 2245 292 2292 quodam
325 2246 500 2292 indigena
533 2248 670 2281 montis
707 2248 895 2294 fastigium
925 2254 1132 2292 assecutus,
1161 2249 1340 2284 barbaros
1369 2251 1432 2297 qui
1462 2264 1505 2285 eo

128 2302 375 2348 confugerant
411 2302 572 2348 depulit,
613 2310 650 2337 et
690 2311 832 2349 petram
871 2306 1066 2350 occupavit
1098 2303 1197 2353 [85.].
1235 2306 1390 2342 ulterius
1419 2320 1505 2354 pro-

126 2369 271 2405 gressus
314 2359 464 2394 obvium
505 2360 636 2394 habuit
672 2361 870 2407 Aphricem
909 2373 995 2395 cum
1033 2363 1218 2407 exercitu,
1264 2376 1352 2398 mox
1381 2377 1403 2399 a
1433 2366 1507 2404 suis

128 2415 314 2451 occisum:
353 2416 483 2451 deinde
520 2417 612 2451 Indo
640 2419 795 2453 flumine
822 2419 977 2453 traiecto
1006 2420 1166 2465 Mophin
1201 2421 1343 2455 Taxilis
1370 2423 1596 2472 filium‚113'

125 2472 191 2518 qui
219 2482 258 2505 se
286 2484 518 2519 regnumque
547 2474 752 2509 Alexandro
783 2476 820 2510 in
851 2476 964 2510 fidem
994 2476 1146 2510 tradidit
1176 2473 1275 2525 [86.].
1308 2478 1396 2512 hinc
1424 2480 1507 2513 Ale·
1536 2496 1570 2528 2·

124 2528 265 2562 xander
302 2529 341 2562 in
380 2531 516 2563 Porum
545 2532 684 2574 movit,
731 2545 894 2578 quocum
922 2532 1134 2567 Emhisarus
1163 2535 1288 2578 copias
1322 2536 1506 2571 iunxerat.

124 2585 304 2619 instructa
333 2586 618 2630 elephantorum
647 2589 742 2623 acies
772 2591 873 2624 urbis
895 2589 1055 2633 speciem
1083 2591 1254 2636 praebuit
1275 2588 1374 2639 [87.].
1398 2604 1508 2638 proe-

125 2641 221 2675 lium
260 2653 347 2676 cum
385 2643 487 2676 Indis
522 2645 760 2681 commissum
801 2646 1031 2682 describitur.
1080 2647 1363 2692 elephantorum
1405 2660 1508 2683 com-

103 2728 110 2735 .,
126 2697 238 2732 moda
277 2704 313 2733 et
340 2699 589 2735 incommoda.
646 2703 758 2736 Porro
793 2703 1008 2737 vulneribus
1048 2704 1219 2738 confecto
1248 2705 1331 2738 Indi
1368 2705 1405 2738 in
1448 2705 1508 2740 fu-

127 2764 216 2800 gam
247 2762 410 2802 aguntur
451 2753 554 2805 [88.].
587 2770 778 2795 caesorum
814 2771 1003 2795 numerus.
1043 2759 1151 2794 factis
1179 2761 1257 2795 Soli
1285 2761 1398 2795 sacris
1426 2762 1509 2795 Ale-

126 2812 266 2847 xander
303 2812 456 2848 classem
494 2815 533 2848 in
570 2814 717 2851 futuros
754 2829 841 2853 usus
871 2822 1083 2863 comparat,
1121 2817 1285 2865 duasque
1317 2818 1372 2852 ibi
1399 2818 1510 2853 urbes
