1820 3249
449 174 569 217 LIB.
594 173 683 217 XX.
740 173 1060 220 CAP.16.1·1.
1327 177 1437 221 1469

75 290 139 341 εἷς
165 288 482 359 Συρακούσας,
506 286 662 341 ἐρέτας
690 285 927 357 ἐμβιβάσας
952 287 1058 340 τοὺς
1083 289 1339 344 κρατίστους
1367 288 1442 333 καὶ

74 350 166 390 τῶν
211 347 320 401 περὶ
356 343 504 388 αὐτὸν
534 344 855 398 πιστευομένων
904 347 1044 401 φίλων
1092 346 1171 390 ἕνα
1221 347 1436 401 Νέαρχον,
1467 348 1522 390 65

75 402 401 458 ἀπαγγελοῦντα
427 405 520 451 τοῖς
546 401 675 451 ἰδίοις
698 400 779 455 τήν
807 402 946 457 νίκην.
986 401 1118 446 ἔπειτ’
1145 400 1347 453 εὐπλοίας
1375 418 1440 457 γε-

73 459 263 516 νομένης
298 463 528 531 πεμπταῖοι
562 462 657 508 ταῖς
693 459 1004 513 Συρακούσαις
1032 459 1205 513 νύκτωρ
1234 460 1440 513 προςεπέ-

75 520 237 567 λασαν,
272 516 347 560 καὶ
383 514 764 570 στεφανωσάμενοι
800 516 874 558 καὶ
912 518 1217 567 παιανίσαντες
1251 515 1362 559 κατὰ
1390 514 1440 558 τό

75 577 232 616 πλοῖον
260 570 342 640 ἅμ’
369 571 508 628 ἡμέρᾳ
536 571 771 615 κατέπλεον
802 573 869 615 ἐπὶ
902 575 980 628 τὴν
1008 573 1148 617 πόλιν.
1207 590 1251 615 αι
1276 572 1329 615 65
1359 588 1440 627 φυ-

74 631 246 680 λακίδες
281 632 371 672 τῶν
403 630 721 683 Καρχηδονίων
758 627 1038 683 αἰσθόμεναι,
1091 628 1199 672 κατὰ
1243 628 1440 683 σπουδὴν
1467 634 1523 675 70

73 686 328 729 ἐπεδίωκοντ
364 686 439 729 καὶ
468 684 523 728 ού
552 685 665 728 πολὺ
679 685 1024 757 προειληφότων
1052 690 1138 729 τῶν
1166 684 1441 741 ὑποφευγόν-

73 758 187 794 των,
209 740 331 798 ἀγών
359 745 440 812 τῆς
464 743 646 809 εἰρεσίας
673 741 850 796 ἐγίνετο.
892 742 980 798 ἅμα
1009 742 1054 786 65
1083 746 1136 799 τῇ
1165 746 1252 785 τῶν
1282 743 1440 808 ἐρετῶν

73 775 299 856 φιλοτιμίᾳ
336 797 499 854 συνέβη
539 796 642 849 τούς
670 798 711 841 τ’
751 799 798 842 ἐκ
827 803 902 854 τῆς
929 799 1096 850 πόλεως
1122 800 1203 842 καὶ
1225 798 1328 848 τούς
1356 814 1439 841 πο-

70 859 373 909 λιορκοῦντας
397 855 686 910 αἰσθομένους
723 849 985 910 συνδραμεῖν
1031 856 1099 898 ἐπὶ
1148 855 1227 898 τὸν
1274 854 1439 925 λιμένα,

71 913 145 955 καὶ
173 916 266 962 τοῖς
295 914 422 963 ἰδίοις
448 911 678 966 ἑκατέρους
701 916 1069 966 συναγωνιῶντας
1098 910 1296 966 ἀναβοᾶν
1327 910 1436 963 θαρ-
1464 917 1520 959 75

70 969 176 1022 ῥεῖν.
223 968 307 1026 ἤδη
346 968 393 1012 65
431 972 508 1024 τῆς
544 967 861 1022 τριακοντόρου
898 967 1360 1038 καταλαμβανομένης,
1393 984 1437 1010 οι

69 1023 301 1093 βάρβαροι.
326 1026 406 1080 μὲν
431 1023 723 1079 ἐπηλάλαξαν,
764 1027 808 1069 οἱ
836 1024 878 1069 δ’
909 1025 956 1068 ἐκ
979 1029 1053 1080 τῆς
1080 1025 1246 1075 πόλεως
1274 1023 1435 1067 ἀδυνα-

68 1085 246 1132 τοῦντες
273 1084 456 1150 βοηθεῖν
483 1085 574 1131 τοῖς
608 1086 732 1132 θεοῖς
769 1081 958 1149 ηύχοντο
992 1082 1090 1135 περὶ
1119 1086 1194 1137 τῆς
1223 1082 1436 1149 σωτηρίας

67 1140 168 1180 τῶν
182 1137 527 1181 καταπλεόντων.
585 1141 661 1192 τῆς
688 1153 868 1205 πρῳρας
897 1138 944 1181 65
979 1141 1069 1180 τῶν
1098 1135 1349 1181 διωκόντων
1378 1139 1436 1187 εἰς
1465 1147 1520 1186 80

67 1192 259 1263 ἐμβολην
295 1195 379 1251 ἤδη
415 1193 687 1261 φερομένης
699 1193 784 1238 οὐκ
828 1192 995 1237 ἄποθεν
1031 1198 1108 1248 τῆς
1141 1199 1241 1250 γῆς,
1273 1194 1438 1250 ἔφθασε

66 1249 118 1293 ,τὸ
149 1248 418 1306 διωκόμενον
444 1248 614 1304 σκάφος
643 1251 761 1301 ἐντὸς
789 1250 945 1305 βέλους
971 1251 1223 1306 γενόμενον,
1251 1252 1325 1293 καὶ
1352 1255 1439 1293 τῶν

64 1309 367 1378 Συρακοσίων
387 1305 833 1376 προςβοηθησάντων
868 1306 1045 1375 ἐξέφυγε
1092 1308 1170 1351 τὸν
1216 1308 1438 1350 κίνδυνον.

64 1361 263 1418 Ἀμίλκας
289 1361 336 1407 δ’
375 1360 495 1419 ὁρῶν
522 1363 627 1414 τούς
655 1363 709 1407 ἐκ
730 1367 805 1418 τῆς
833 1363 997 1414 πόλεως
1036 1363 1109 1406 διὰ
1137 1362 1215 1418 τὴν
1246 1361 1441 1418 ἀγωνίαν

67 1420 143 1463 καὶ
170 1419 220 1463 τὸ
251 1416 506 1474 παράδοξον
544 1423 619 1474 τῆς
646 1419 1024 1489 προςδοκωμένης
1040 1418 1235 1476 ἀγγελίας
1264 1420 1333 1464 ἐπὶ
1360 1419 1439 1463 τὸν
1467 1425 1523 1467 85

69 1475 221 1548 λιμένα
258 1476 686 1547 συνδεδραμηκότας,
716 1475 955 1532 ’ὑπολαβών
984 1481 1097 1520 εἰναι
1125 1477 1281 1545 μέρος
1286 1494 1328 1520 τι
1358 1479 1439 1520 τοῦ

65 1535 236 1588 nimus
269 1531 545 1602 ἀφύλακτον,
586 1533 756 1603 ἐπεμψεῖ·
780 1537 868 1576 τῶν
897 1537 1188 1602 στρατιωτῶν
1198 1532 1310 1584 ’τούς
1338 1550 1441 1588 κρα-

65 1591 242 1641 τίστους
278 1589 382 1645 μετα
409 1588 645 1644 κλιμάκων.
703 1590 827 1634 οὑτοι
858 1587 906 1634 6’
939 1588 1142 1644 εὑρόντες
1170 1589 1439 1645 ἐκλελειμμέ-

66 1663 180 1697 νας
172 1646 273 1714 ητάς
305 1646 533 1716 φυλακάς
547 1647 710 1690 ἔλαθον
746 1647 1120 1701 προςαναβάντες·
1172 1647 1246 1690 καὶ
1285 1646 1438 1701 σχεδόν

68 1702 217 1746 αὐτῶν
239 1703 539 1759 μεσοπύργιον
567 1702 651 1773 ἤδη
685 1702 1011 1759 κατειληφότων
1039 1703 1067 1758 ἡ
1096 1703 1204 1746 κατὰ
1232 1703 1281 1747 τὸ
1312 1702 1438 1772 σύνη-
1467 1710 1522 1750 90

65 1764 143 1810 θες
170 1759 349 1815 ἐφοδεία
374 1760 705 1831 παραγενομένη
731 1760 975 1814 κατενόησε.
1032 1760 1266 1830 γενομένης
1296 1760 1341 1803 65
1362 1758 1440 1816 μα’-

0 1827 169 1884 έ18χης,
199 1832 250 1860 οι(
271 1817 350 1871 μὲν
379 1816 426 1860 ἐκ
453 1821 528 1873 τῆς
555 1816 723 1866 πόλεως
754 1817 1058 1871 συνέδραμον,
1085 1819 1157 1860 καὶ
1188 1815 1439 1885 φθάσαντες

66 1872 193 1922 τοὺς
209 1871 441 1926 μέλλοντας
474 1878 567 1923 τοῖς
600 1871 901 1943 ἀναβεβηκόσι
926 1876 1218 1929 προςβοηθεῖν
1251 1871 1328 1924 οὓς
1358 1873 1438 1928 μὲν

65 1926 327 1973 ἀπέκτειναν
364 1928 458 1980 οὒς
486 1928 530 1973 δ’
562 1928 653 1973 ἀπὸ
689 1934 777 1972 τῶν
824 1929 1038 1980 ἐπάλξεων
1077 1929 1434 1999 κατεκρήμνισαν.
1465 1932 1519 1976 95

68 1983 146 2040 ἐφ’
178 1982 244 2036 οἷς
257 1983 467 2055 Ἀμίλκας
503 1985 734 2054 περιαλγής
761 1984 995 2058 γενόμενος
1025 1984 1219 2042 ἀπήγαγε
1247 1985 1327 2042 τήν
1355 1985 1436 2029 δύ-

69 2057 203 2096 ναμιν
240 2039 326 2085 ἀπὸ
366 2046 440 2098 τῆς
476 2041 662 2094 πόλεως,
701 2043 776 2085 καὶ
815 2047 906 2093 τοῖς
944 2044 1005 2094 εἷς
1033 2042 1298 2099 Καρχηδόνα
1327 2041 1438 2100 βοή-

67 2102 198 2142 θειαν
225 2097 426 2154 ἐξέπεμψε
453 2114 560 2153 μετα
587 2102 862 2154 στρατιωτῶν
889 2102 1250 2169 πεντακιςχιλίων.

169 2153 285 2210 “Apta
329 2155 375 2198 65
418 2155 591 2206 τούτοις
626 2156 939 2211 πραττομένοις
989 2154 1013 2199 ὁ
1057 2157 1136 2211 μὲν
1177 2156 1438 2228 Ἀγαθοκλης
1466 2161 1523 2201 17

68 2215 267 2263 κρατῶν
276 2215 367 2257 τῶν
392 2209 644 2281 ὑπαίθρων
664 2229 716 2255 τα
757 2212 856 2266 περὶ
891 2228 972 2282 την
999 2212 1264 2268 Καρχηδόνα
1300 2215 1436 2283 χωρία
1469 2221 1550 2262 100

70 2266 181 2311 κατὰ
206 2266 366 2325 κράτος
392 2267 489 2327 ᾕρει
515 2270 590 2314 καὶ
616 2272 705 2313 τῶν
732 2269 903 2313 πόλεων
932 2268 984 2321 ἂς
1012 2269 1090 2326 μὲν
1118 2269 1191 2315 διὰ
1225 2269 1370 2327 φόβον
1391 2270 1442 2322 ἃς

71 2435 130 2470 68.
155 2432 209 2480 ἅμ
218 2432 268 2491 ’]
279 2418 357 2481 αμα
377 2437 418 2473 F
590 2438 648 2475 72.
680 2437 832 2484 ἐγίνετο]
854 2438 1001 2498 Ι,ἐγένετο
1026 2440 1073 2476 W
1254 2442 1329 2477 τῶν
1359 2439 1398 2485 ἐρ
1404 2453 1441 2477 ε-

71 2482 170 2538 τῶν]
202 2480 346 2518 τούτων
379 2484 446 2521 ΤΧ
475 2485 558 2520 Bas.
738 2487 798 2521 73.
829 2485 864 2520 τ’
897 2487 927 2520 F
1108 2486 1166 2522 8⁰.
1197 2487 1249 2530 εἰς
1280 2487 1441 2545 ἐμβολήν

70 2524 147 2572 ἤδη
181 2529 413 2587 φερομένης]
445 2532 511 2576 τῆς
530 2530 694 2577 ἐμβολῆς
724 2528 795 2577 ἤδη
828 2531 1025 2577 γενομένης
1053 2532 1164 2577 FQW
1346 2532 1442 2570 ἄπο-

72 2574 159 2630 θεν]
184 2573 313 2612 απωθε
335 2576 369 2610 Τ
391 2575 473 2611 Bas.
655 2579 712 2613 82.
745 2581 988 2621 Συρακοσίων
1022 2579 1102 2614 Bas.
1284 2579 1340 2616 85.
1366 2579 1440 2624 ἐπὶ]

72 2617 145 2656 υπὸ
169 2621 278 2664 FQW
406 2652 409 2655 .
459 2622 517 2658 87.
535 2624 610 2658 τῶν
633 2625 866 2671 στρατιωτῶν
889 2637 976 2665 τους
994 2626 1224 2681 κρατίστους]
1246 2627 1335 2667 τους
1354 2640 1439 2671 upot-

73 2668 222 2707 τίστους
252 2667 327 2702 τῶν
342 2671 585 2709 στρατιωτῶν
607 2671 638 2704 F
820 2671 876 2705 88.
900 2669 1183 2716 ἐκλελειμμένας]
1208 2674 1440 2717 λελειμμένοις

73 2713 107 2747 Τ
129 2713 212 2748 Bas.
306 2723 311 2727 ·
393 2714 451 2748 9⁰.
474 2711 510 2759 ἦ
519 2717 642 2751 om.1‹*
821 2718 881 2753 91.
905 2716 1082 2762 ἐφοδεία]
1108 2716 1264 2765 έφορεία
1286 2719 1332 2764 Τ,
1358 2730 1435 2754 cae-

71 2758 139 2796 teri
158 2757 296 2802 ἐφοδία

165 2804 246 2840 418.
291 2805 387 2856 10⁰„
404 2804 452 2843 τὰ
482 2807 568 2853 περὶ
589 2807 684 2854 τὴν]
711 2808 783 2850 καὶ.
807 2811 886 2851 τοῖς
906 2807 956 2851 εἰς
977 2808 1010 2843 F
