1820 3249
331 135 439 176 1³70
691 129 805 171 LIB.
834 127 942 171 XIX.
998 128 1130 172 GAP.
1162 132 1229 173 33.
1258 132 1330 174 34.

245 248 298 291 35
322 241 477 294 Ἰνδοῖς
502 241 606 294 τούς
631 243 886 297 γαμοῦντας
914 241 987 285 καὶ
1021 240 1098 292 τοὶς
1136 241 1410 298 γαμουμένας
1437 240 1687 312 παρθένους

327 300 386 371 μὴ
427 298 499 344 διά
534 303 609 354 τῆς
643 301 730 341 τῶν
768 298 934 352 γονέων
969 300 1150 354 κρίσεως
1179 304 1400 342 ποιεῖσθαι
1424 296 1502 341 τὸν
1530 298 1685 364 γάμον,

326 356 433 401 ἀλλὰ
469 358 698 406 πείσαντας
732 353 963 410 ἀλλήλους,
1007 355 1086 399 τόν
1127 355 1206 410 μὲν
1245 356 1488 423 ἔμπροσθεν
1524 355 1686 409 χρόνον

323 417 400 470 τῆς
428 414 662 481 μνηστείας
683 413 914 467 γενομένης
943 410 1016 455 διὰ
1046 411 1268 482 νεωτέρων
1296 417 1389 464 ταῖς
1413 410 1600 480 ἡλικίαις
1629 410 1686 463 ὠς

238 473 293 516 40
323 471 390 514 ἐπὶ
418 468 532 513 πολυ
561 468 786 522 συνέβαινε
817 469 1058 511 διαπίπτειν
1085 468 1161 519 τὰς
1189 470 1362 523 κρίσεις,
1392 469 1464 511 καὶ
1491 466 1597 522 ταχύ
1619 484 1683 522 με
1695 461 1763 500 343

317 525 624 597 ταμελομένων
649 524 907 595 ἀμφοτέρων
936 524 1097 575 πολλάς
1127 542 1215 567 των
1242 529 1464 580 γυναικῶν
1493 526 1688 579 διαφθεί-

319 588 473 636 ρεσθαι
515 582 588 625 καὶ
627 582 686 625 δι’
722 580 936 635 ἀκρασίαν
975 586 1276 635 φιλοστοργεῖν
1321 581 1519 652 ἑτέρους,
1568 580 1688 632 τέλος

320 639 366 683 δὲ
395 639 453 696 μή
484 638 728 694 δυναμένας
758 636 1033 692 εὐσχημόνως
1063 636 1292 681 ἀπολιπεῖν
1328 655 1434 689 τους
1476 638 1518 689 ἐξ
1554 636 1687 694 ἀρχῆς

318 695 640 764 προκριθέντας
680 695 750 738 διὰ
779 693 1022 763 φαρμάκων
1055 693 1252 747 ἀναιρεῖν
1287 696 1391 745 τοὺς
1431 698 1687 738 συνοικοῦν-

233 755 288 797 45
316 769 419 804 τας,
462 753 536 795 καὶ
572 768 655 820 την
688 750 834 807 χώραν
885 748 927 793 δ’
969 747 1051 793 οὐκ
1093 748 1241 804 ὀλίγας
1282 750 1486 805 ἀφορμὰς
1532 748 1685 801 αὐταῖς

317 812 487 860 δοῦναι,
518 807 681 858 πολλάς
712 824 783 850 και
810 807 1007 857 ποικίλας
1025 806 1252 860 φέρουσαν
1280 806 1526 861 φθαρτικας
1555 806 1683 849 δυνά-

316 883 428 922 μεις,
467 866 510 917 ἐξ
547 868 609 907 ὠν
650 864 765 912 ἐνίας
803 865 1181 933 προςχρωσθείσας
1209 862 1346 917 μόνον
1383 869 1475 913 τοῖς
1504 862 1683 930 ἐδέσμα-

320 934 391 965 σιν
428 920 458 977 ἢ
493 921 716 977 ποτηρίοις
751 919 972 973 ἐπιφέρειν
1007 919 1087 974 τὴν
1125 917 1354 962 ἀπώλειαν.
1397 917 1684 971 ἐπιπολαζού-

319 990 397 1034 σης
427 978 472 1021 δὲ
500 981 574 1032 τῆς
598 977 901 1046 ῥᾳδιουργίας,
924 975 998 1019 καὶ
1026 980 1200 1019 πολλων
1228 975 1560 1048 ἀναιρουμένων
1579 979 1683 1018 τοῦ·

231 1038 286 1081 50
314 1051 394 1077 τον
422 1033 501 1077 τὸν
529 1033 715 1101 τρόπον,
746 1032 908 1102 ἐπειδὴ
932 1033 1187 1085 κολάζοντες
1214 1032 1296 1093 τοὶς
1326 1034 1462 1082 αἰτίας
1492 1037 1580 1074 τῶν
1607 1049 1681 1075 κα-

315 1095 408 1135 κῶν
445 1089 527 1134 οὐκ
562 1087 848 1145 ἠδυνήθησαν
883 1088 1121 1142 ἀποτρέψαι
1159 1088 1234 1140 τὰς
1264 1090 1393 1140 ἄλλας
1421 1105 1509 1132 των
1539 1089 1680 1143 ἀδικη-

315 1147 483 1204 μάτων,
513 1146 653 1216 νόμον
682 1147 839 1189 ε’θεσαν
867 1143 984 1195 ὅπως
1021 1148 1421 1201 συγκατακαίωνται
1446 1150 1536 1196 τοῖς
1561 1161 1680 1188 τετε-

315 1202 570 1260 λευτηκόσιν
609 1201 821 1255 ἀνδράσιν
855 1203 901 1244 αἱ
937 1208 1140 1256 γυναῖκες
1179 1203 1292 1257 πλήν
1331 1207 1419 1245 τῶν
1458 1201 1624 1256 ἐγκύων
1652 1201 1680 1258 ἢ

232 1265 284 1309 55
313 1277 402 1305 των
429 1261 622 1316 έχουσων
652 1259 800 1302 τέκνα·
858 1275 939 1326 την
970 1258 1015 1301 δὲ
1045 1276 1102 1314 μη
1134 1259 1404 1329 βουλομένην
1434 1263 1492 1314 τῷ
1522 1258 1680 1313 δόγμα-

311 1335 353 1361 τι
370 1322 639 1389 πειθαρχεῖν
677 1314 816 1371 χήραν
855 1315 933 1369 μὲν
965 1312 1077 1358 εἶναι
1117 1315 1188 1358 διά
1218 1314 1366 1365 τέλους
1400 1315 1473 1357 καὶ
1509 1319 1679 1357 θυσιῶν

310 1374 385 1418 καὶ
413 1377 500 1417 τῶν
530 1373 674 1416 α’λλων
703 1372 902 1426 νομίμων
931 1372 1153 1426 εἴργεσθαι
1182 1372 1254 1415 διὰ
1283 1371 1466 1422 παντός,
1499 1370 1556 1421 ὠς
1586 1370 1679 1414 ἀσε-

312 1435 505 1487 βοῦσαν.
523 1429 693 1472 τούτων
722 1428 768 1471 δὲ
798 1427 1196 1483 νομοθετηθέντων,
1228 1430 1286 1479 εἰς
1312 1426 1571 1471 τούναντίον
1599 1428 1678 1496 την

309 1488 588 1541 παρανομίαν
616 1501 705 1528 των
733 1488 956 1554 γυναικών
985 1488 1244 1554 μεταβαλεῖν
1271 1486 1454 1553 συνέβη·
1494 1486 1564 1528 διὰ
1593 1486 1676 1540 γάρ

224 1551 279 1592 60
309 1561 388 1616 την
417 1542 666 1598 υπερβολὴν
703 1545 779 1597 τῆς
809 1539 979 1594 ἀτιμίας
1009 1541 1188 1597 ἑκάστης
1217 1539 1521 1597 υπομενούσης
1551 1541 1677 1585 ἑκού-

311 1604 413 1651 σίως
443 1599 520 1643 τὸν
549 1599 756 1648 θάνατον,
783 1596 837 1640 οὐ
868 1596 1006 1665 μόνον
1035 1603 1319 1652 προνοεῖσθαι
1334 1602 1423 1668 τῆς
1449 1615 1537 1641 των
1568 1609 1675 1642 συν-

310 1656 552 1700 οικούντων
590 1655 825 1710 ἀσφαλείας
860 1657 918 1704 ως
943 1659 1098 1723 κοινῆς
1135 1654 1287 1710 οὔσης,
1318 1653 1425 1697 ἀλλά
1454 1671 1528 1697 και
1566 1654 1676 1707 πρὸς

311 1713 493 1783 ἀλλήλας
533 1712 798 1782 ἁμιλλᾶσθαι
836 1709 1032 1765 καθάπερ
1069 1711 1180 1766 υπὲρ
1220 1716 1294 1780 τῆς
1322 1713 1519 1766 μεγίστης
1548 1709 1674 1754 εὐδο-

224 1753 281 1792 34
311 1772 414 1823 ξίας.
473 1769 498 1813 ὃ
535 1787 605 1812 και
635 1768 730 1812 τότε
763 1767 932 1823 συνέβη.
990 1771 1072 1811 τοῦ
1109 1769 1192 1839 γαρ
1228 1767 1370 1821 νόμου
1401 1769 1504 1823 μίαν
1532 1766 1674 1812 κελεύ-

225 1810 279 1851 65
311 1844 439 1878 οντος
480 1826 898 1894 συγκατακαίεσθαι,
926 1829 1125 1880 παρῆσαν
1162 1823 1406 1880 ἀμφότεραι
1443 1824 1551 1878 πρὸς
1594 1823 1674 1878 τὴν

308 1888 388 1927 τοῦ
428 1884 602 1939 Κητέως
640 1880 784 1937 ταφὴν
829 1880 939 1934 υπὲρ
986 1885 1067 1925 τοῦ
1107 1886 1436 1926 συναποθανεῖν
1471 1898 1528 1931 ως
1563 1880 1672 1936 ὑπερ

309 1940 529 1994 ἀριστείου
568 1936 1037 2009 συμφιλοτιμούμεναι.
1087 1943 1174 1982 τῶν
1212 1938 1258 1982 δὲ
1296 1941 1544 2009 στρατηγῶν
1575 1940 1670 1980 δια-

306 1997 570 2050 κρινόντων,
599 1995 626 2051 ἡ
665 1994 855 2047 νεωτέρα
894 1994 972 2047 μὲν
1012 1994 1274 2065 ἀπεφαίνετο
1314 1995 1393 2049 τὴν
1431 1995 1580 2047 ἑτέραν
1610 1996 1672 2049 ἐγ-

224 2068 278 2108 70
306 2070 417 2097 κυον
447 2070 581 2099 ειναι,
621 2052 694 2094 καὶ
732 2051 804 2093 δια
833 2054 963 2093 τοῦτο
1002 2050 1059 2106 μὴ
1091 2050 1309 2094 δύνασθαι
1336 2050 1597 2111 χρησασθαι
1610 2053 1671 2108 τῷ

305 2111 451 2167 νόμῳ,
492 2127 517 2179 η
558 2108 602 2150 δὲ
640 2105 910 2175 πρεσβυτέρα
946 2107 1216 2159 δικαιότερον
1254 2106 1544 2163 ἀπεφαίνετο
1558 2112 1669 2150 είναι

304 2168 383 2225 τὴν
410 2166 686 2222 προέχουσαν
714 2168 804 2215 τοῖς
831 2161 1007 2219 χρόνοις
1034 2164 1233 2221 προέχειν
1260 2165 1334 2208 καὶ
1362 2168 1414 2222 τῆ
1443 2168 1562 2221 τιμῇ·
1593 2165 1668 2207 καὶ

302 2314 360 2349 35.
406 2312 666 2360 γαμουμένας]
689 2309 900 2358 γαμημένας
923 2311 952 2344 V

392 2406 472 2440 343.
505 2405 562 2439 41.
611 2403 811 2449 ἀκρασίαν]
837 2369 1008 2446 &agatem
1031 2403 1061 2436 F
1217 2403 1275 2437 45.
1321 2400 1466 2449 πολλάς]
1494 2402 1556 2438 καὶ
1578 2406 1666 2438 πολ-

300 2447 366 2492 λοὶς
389 2452 419 2485 F
578 2451 634 2486 48.
684 2451 941 2494 ραδιονργίας]
964 2448 1219 2494 ῥαδιονργείας
1242 2451 1324 2483 Bas.
1484 2450 1540 2484 51
1574 2452 1664 2484 oino-

299 2499 432 2541 τρέψαι
455 2498 509 2539 F,
533 2498 659 2532 caeteri
683 2496 913 2541 ἀποστρέψαι
1069 2508 1144 2529 των
1168 2508 1236 2530 om.
1261 2497 1344 2530 Bas.
1478 2495 1535 2530 52.
1574 2508 1665 2550 συγ-

299 2546 571 2579 κατακαίωνται
601 2545 652 2586 F,
700 2543 827 2578 caeteri
860 2540 1182 2587 συγκατακάωνται
1391 2541 1448 2576 53
1497 2539 1663 2586 ἐγκύων]

299 2588 436 2636 ε’γγυων
459 2591 488 2624 F
509 2591 569 2624 hic
591 2594 624 2624 et
643 2569 702 2625 ’69.
729 2590 788 2625 76.
972 2587 1030 2622 53.
1075 2585 1386 2633 τετελευτηκόσιν]
1411 2587 1662 2633 τελευτήσασιν

298 2681 346 2715 W
525 2680 581 2716 56.
627 2679 799 2724 θυσιῶν]
835 2635 975 2714 &gamat
997 2678 1029 2714 F
1221 2680 1279 2717 65.
1327 2680 1661 2725 συγκατακαίεσθαι

298 2727 425 2770 Fvw,
460 2727 588 2763 caeteri
614 2725 927 2785 συγκατακᾴεσθαι
1119 2726 1177 2761 70.
1224 2724 1457 2771 χρήσασθαι]
1498 2727 1661 2772 χρῆσθαι

299 2774 407 2808 Fvw
590 2772 648 2810 71.
693 2771 945 2819 ἀπεφαίνετο]
972 2767 1177 2817 ἀπέφαινεν
1199 2774 1308 2808 Fvw
