1820 3249
335 201 446 240 1012
704 194 822 235 Lm.
855 194 945 237 xv.
1011 194 1146 236 clm
1177 199 1243 239 69.
1272 199 1340 240 τι».

251 318 305 361 65
335 305 670 376 τεθαρρηκότως
716 279 910 357 ὑποστάς
948 303 1055 357 τούς
1092 322 1171 361 μεν
1210 306 1407 363 ἐξέβαλεν
1446 308 1493 351 ἐκ
1531 309 1606 363 τῆς
1641 307 1723 352 πόὲ-
1737 314 1781 349 57

335 371 463 418 λεως,
496 363 687 413 πολλούς
717 364 763 406 δὲ
791 366 881 406 τῶν
911 365 1121 405 Βοιωτῶν
1150 364 1368 419 κατέβαλε.
1407 364 1640 420 γενομένης
1670 364 1718 407 δὲ

336 423 608 492 φιλοτιμίας,
649 421 693 463 οἱ
720 419 800 473 μὲν
830 420 1020 462 Βοιωτοὶ
1052 423 1197 463 πᾶσαν
1233 420 1312 476 τὴν
1344 421 1532 476 δύναμιν
1561 420 1719 464 συντά-

336 482 482 532 ξαντες
522 477 686 545 ἐπῇγον
718 476 787 518 ἐπὶ
824 492 903 530 την
940 476 1168 547 Κόρινθον
1198 482 1576 532 καταπληκτικῶς,
1615 475 1639 520 ὁ
1672 475 1720 519 δὲ

335 537 531 591 Χαβρίας
562 531 797 588 αναλαβών
824 531 927 582 τοὺς
948 530 1219 603 Ἀθηναίους
1238 538 1432 589 προῆγεν
1461 535 1508 577 ἐκ
1537 537 1612 584 τῆς
1642 532 1720 576 πό-

255 605 309 644 70
338 598 466 644 λεώς,
505 591 577 634 καὶ
607 587 960 644 καταλαβόμενος
988 606 1093 641 τους
1121 589 1401 648 υπερδεξίους
1428 589 1592 640 τόπους
1620 588 1720 633 ὑπέ-

339 661 417 705 στη
446 648 523 703 τὴν
549 649 637 689 τῶν
666 647 887 700 πολεμίων
918 646 1095 700 ε’φοδον.
1132 649 1176 690 οἱ
1201 647 1279 702 μὲν
1309 649 1392 690 οὐν
1422 647 1624 699 Βοιωτοί,
1648 661 1721 690 πε·

339 704 524 750 ποιθότε
514 720 548 754 -.ς
588 707 681 753 ταῖς
718 707 808 746 τῶν
825 701 1059 773 σωμάτων
1100 703 1266 758 ῥώμαις
1303 704 1377 747 καὶ
1419 709 1514 754 ταῖς
1554 703 1601 746 ἐν
1630 707 1728 758 τοῖς

342 762 537 816 συνεχέσι
578 759 784 814 πολέμοις
821 758 1084 814 ἐμπειρίαις,
1121 765 1174 832 τῇ
1205 763 1290 829 βία
1329 777 1434 811 τους
1461 759 1724 829 Ἀθηναίους

254 826 308 868 75
338 819 521 890 ήλπιζον
545 815 862 885 χειρώσασθαι,
893 833 935 858 οι
965 816 1011 859 δὲ
1040 817 1136 870 περὶ
1166 816 1244 860 τὸν
1271 819 1472 872 Χαβρίαν
1499 817 1545 859 ἐκ
1574 815 1724 860 τόπων

337 875 604 927 ὑπερδεξίων
635 871 963 942 αγωυιζόμενοι,
986 873 1059 916 καὶ
1089 876 1263 916 πολλῶν
1293 873 1339 916 ἐκ
1369 878 1444 927 τῆς
1463 872 1628 923 πόλεως
1653 888 1723 928 χο-

339 948 493 987 ρηγου
483 930 645 982 ιιένων,
679 928 756 979 οὓς
786 929 864 998 μὲν
891 928 1090 986 ανῄρουν
1119 934 1206 972 τῶν
1237 930 1518 999 βιαζομένων,
1548 929 1652 979 τούς
1676 929 1722 972 δὲ

337 989 694 1039 κατετίτρωσκον.
724 987 766 1029 οἱ
795 984 840 1028 δὲ
870 987 1084 1039 Βοιωτοί,
1115 987 1253 1029 πολλα
1280 987 1359 1040 μὲν
1387 985 1724 1057 κακοπαθήσαν-

338 1061 417 1096 τες,
449 1042 579 1087 οὐδὲν
607 1044 652 1086 δὲ
682 1044 843 1096 πρᾶξαι
867 1042 1130 1100 δυναμενοι,
1162 1060 1241 1100 τήν
1271 1041 1550 1099 ἀναχώρησιν
1579 1041 1723 1112 ἐποιή-

258 1110 311 1149 80
343 1113 488 1146 σαντο.
514 1101 710 1156 Χαβρίας
731 1115 809 1154 μεν
830 1102 912 1142 οὐν
934 1099 1003 1142 ἐπὶ
1022 1099 1216 1171 ανδρείςι,
1220 1101 1293 1143 καὶ
1311 1103 1571 1155 στρατηγικῇ
1593 1098 1722 1142 δυνά-

340 1175 409 1216 μει
426 1158 702 1228 θαυμασθεὶς
717 1161 876 1199 τοῦτον
904 1155 982 1199 τὸν
996 1157 1163 1211 τρόπον
1193 1155 1455 1210 απετρίψατο
1475 1157 1580 1206 τούς
1599 1160 1722 1198 πολε-

257 1223 314 1261 70
344 1217 484 1285 μίους.
543 1213 590 1256 ἐκ
628 1214 674 1256 δε
713 1217 787 1268 τῆς
816 1215 1019 1265 Σικελίας
1049 1214 1206 1256 Κελτοι
1234 1214 1306 1256 καὶ
1325 1213 1492 1268 Ἴβηρες
1523 1214 1722 1267 διςχίλιοι

259 1277 312 1319 85
342 1272 635 1316 κατέπλευσαν
665 1270 722 1320 εἰς
745 1267 988 1324 Κόρινθον,
1015 1270 1333 1325 ἐκπεμφθέντες
1362 1269 1448 1313 ὑπὸ
1480 1270 1723 1312 Διονυσίου

342 1331 423 1372 τοῦ
463 1343 683 1380 τυραννον
734 1331 1009 1382 συμμαχῆσαι
1047 1328 1434 1378 Λακεδαιμονίοις,
1477 1328 1536 1376 εἰς
1585 1329 1724 1394 μῆνας

344 1385 469 1429 πέντε
498 1384 601 1434 τούς
630 1383 818 1438 μισθοὺς
853 1383 1084 1439 ειληφότες.
1112 1385 1155 1426 οἱ
1177 1382 1218 1426 δ’
1238 1384 1444 1438 Ελληνες
1473 1387 1626 1436 πεῖραν
1651 1397 1726 1423 αυ-

344 1444 432 1485 τών
464 1440 725 1511 βουλόμενοι
752 1443 921 1494 λαβεῖν,
958 1444 1153 1495 προῆγον
1186 1439 1372 1490 αὐτούς,
1411 1439 1484 1481 καὶ
1513 1437 1623 1481 κατὰ
1650 1454 1727 1487 τας

346 1497 598 1554 συμπλοκὰς
634 1496 706 1539 καὶ
745 1496 884 1551 μάχας
922 1494 1350 1566 ανδραγαθούντων
1365 1493 1534 1544 αὐτῶν,
1570 1495 1728 1538 πολλοί

261 1561 316 1602 90
345 1571 389 1598 τε
424 1557 514 1596 τών
555 1556 764 1595 Βοιωτων
803 1570 877 1596 και
914 1558 1004 1596 τῶν
1044 1553 1284 1608 συμμάχων
1322 1550 1403 1595 υπ’
1437 1551 1584 1595 αὐτῶν
1620 1567 1726 1608 ανῃ-

349 1615 525 1666 ροῦντο.
560 1609 710 1663 διόπερ
744 1609 944 1661 δόξαντες
975 1608 1162 1678 εὐχειρία
1190 1611 1263 1652 καὶ
1295 1607 1473 1678 ανδρεία
1503 1609 1727 1678 διαφέρειν

347 1667 421 1711 καὶ
447 1665 610 1717 πολλας
639 1667 782 1721 χρείας
810 1666 1146 1736 παρασχόμενοι,
1168 1667 1240 1709 καὶ
1256 1666 1507 1720 τιιιηθέντες
1525 1663 1613 1708 ὑπό
1636 1681 1727 1707 των

348 1725 722 1778 Λακεδαιμονίων,
752 1727 833 1766 τοῦ
861 1725 1025 1777 θέρους
1053 1722 1264 1780 λήγοντος
1292 1721 1637 1776 ἐξαπεστάλησαν
1668 1723 1727 1772 εἰς
1787 1745 1790 1748 >

263 1788 318 1831 95
348 1780 426 1835 τὴν
455 1781 673 1823 Σικελίαν
730 1795 835 1833 μετα
873 1781 918 1823 δὲ
947 1784 1085 1823 ταῦτα
1118 1781 1324 1829 Φιλίσκος
1362 1795 1441 1832 μεν
1469 1777 1551 1821 ὑπ’
1579 1778 1727 1832 Ἀρτα-

348 1837 496 1891 ξέρξου
542 1839 621 1878 τοῦ
662 1836 872 1892 βασιλέως
920 1834 1173 1886 ἀποσταλεὶς
1209 1836 1497 1879 κατέπλευσεν
1545 1835 1615 1879 ἐπὶ
1647 1834 1728 1890 τὴν

341 1892 545 1944 Ἐλλάδα,
588 1897 856 1946 παρακαλῶν
905 1894 1008 1943 τοὺς
1043 1893 1258 1948 Έλληνας
1305 1891 1599 1936 διαλύσασθαι
1647 1907 1727 1947 μεν

346 1951 449 2001 τοὺς
473 1948 726 2019 πολέμους,
773 1948 948 2019 εἰρήνην
989 1949 1034 1992 δε
1055 1949 1229 2019 κοινὴν
1269 1951 1615 1992 συνθέσθαι.οἷ
1649 1948 1727 2004 μὲν

348 2010 431 2050 οὐν
464 2006 586 2049 ἄλλοι
617 2005 776 2056 πάντες
805 2005 913 2060 οἷσμε
905 2006 1005 2056 ’νως
1040 2004 1322 2061 ὑπήκουσαν,
1359 2008 1544 2060 Θηβαῖοι
1578 2006 1623 2049 δε
1652 2021 1727 2048 κα-

244 2075 323 2115 100
354 2062 407 2106 τοὶ
445 2079 524 2118 την
564 2064 681 2104 ιδίαν
720 2061 962 2106 υπόστασιν
1005 2062 1110 2117 ὅλην
1146 2079 1228 2117 την
1259 2065 1475 2105 Βοιωτίαν
1504 2062 1591 2104 ὑπὸ
1622 2063 1728 2115 μίαν
1778 2101 1781 2103 .

354 2120 533 2187 ἄγοντες
571 2119 819 2162 συντέλειαν
860 2117 913 2162 ου’
951 2119 1314 2174 προςεδέχθησαν.
1370 2117 1728 2173 απογνωσθείσης

354 2178 400 2220 δὲ
429 2180 504 2231 τῆς
533 2180 683 2230 κοινῆς
713 2175 904 2232 εἰρήνης,
951 2175 974 2219 ὁ
1014 2177 1091 2229 μὲν
1126 2177 1331 2225 Φιλίσκος
1360 2175 1608 2218 καταλιπών
1636 2180 1729 2225 τοῖς

350 2234 714 2287 Λακεδαιμονίοις
742 2234 975 2301 διςχιλιόυς
1004 2233 1248 2282 ἐπιλέκτους
1274 2231 1584 2287 μισθοφόρους
1613 2232 1728 2300 ἔχον-

351 2306 428 2340 τας
455 2306 561 2339 τους
591 2288 780 2343 μισθους
811 2288 1005 2334 α’πηλθεν
1036 2291 1095 2341 εἰς
1117 2306 1199 2360 την
1222 2287 1378 2330 'Affl'm
1436 2289 1523 2344 ἅμα
1556 2289 1601 2331 δὲ
1630 2287 1729 2330 τού-

296 2356 321 2398 5
351 2362 441 2396 τοις
493 2346 807 2416 πραττομένοις
861 2335 1059 2400 Εὔφρων
1105 2345 1129 2389 6
1179 2345 1449 2397 Σικυώνιος,
1504 2344 1728 2400 διαφέρων

350 2402 508 2455 θράσει
543 2402 616 2444 καὶ
660 2400 872 2459 απονοίςι,
916 2401 1156 2472 συνεργούς
1189 2402 1341 2472 λαβων
1376 2401 1594 2456 Ἀργείους
1630 2401 1728 2444 ἐπέ-

350 2463 453 2503 θετο
481 2460 720 2514 τυραννίδι.
760 2457 976 2516 κρατήσας
1005 2459 1051 2503 δὲ
1079 2463 1155 2515 τῆς
1183 2458 1385 2515 ἐπιβολῆς
1410 2474 1727 2513 τετταρακοντα

442 2648 500 2684 57.
522 2649 580 2684 So,
606 2651 827 2705 στρατηγικῇ
851 2649 1021 2705 δυνάμει]
1036 2650 1277 2705 στρατηγίᾳΒ
1397 2649 1453 2684 89
1476 2660 1517 2684 τε·
1535 2649 1623 2693 των]
1644 2650 1723 2684 fort.

353 2695 426 2729 τιὸν
449 2706 486 2730 τε
602 2695 656 2729 90.
675 2709 714 2731 ετ
708 2693 855 2742 Μχειριςι]
883 2694 983 2742 εὐχερ
987 2699 1024 2741 ίᾳ
1049 2697 1077 2729 A
1169 2697 1224 2730 91.
1251 2693 1419 2743 α’νδρεία]
1444 2693 1581 2741 ἀνδρία
1603 2698 1632 2729 Α

349 2741 406 2774 92.
430 2754 506 2775 των
530 2743 678 2785 Λακεδ]
705 2745 839 2777 Λακεδ
862 2743 908 2776 F!
997 2742 1054 2777 94.
1084 2743 1273 2797 Φιλισκος]
1304 2744 1475 2783 Φίλισκος
1496 2743 1578 2775 libri
1600 2741 1659 2773 hic
1689 2743 1726 2774 et

348 2791 470 2865 ιΚοεῐοει,
526 2833 560 2867 4
583 2788 686 2869 sil-⁰2⁰
689 2785 870 2869 vd‘ijtsg
904 2788 1016 2869 FIKL
1042 2788 1170 2822 caeteri
1198 2802 1291 2871 :Itym
1295 2801 1394 2828 οντες
1499 2788 1532 2821 3.
1548 2799 1636 2867 ξονς
1654 2798 1724 2821 om.

616 2847 632 2874 ς
678 2847 698 2879 η
787 2846 869 2869 σιαν
894 2846 949 2868 om
1254 2833 1524 2880 τεσσαράκοντα
