1820 3249
340 165 427 218 954
749 162 867 206 Lm.
893 163 1013 220 xv.
1044 165 1174 209 οΔΡ.
1200 170 1241 213 τ.
1270 171 1314 212 s.

255 281 312 322 70
340 273 601 320 ὑπώπτευεν
630 273 692 328 ὥς
728 274 1120 333 ἐπιβουλεύοντας·
1158 280 1233 324 και
1271 280 1405 337 πέρας
1432 280 1502 326 ἐπὶ
1526 283 1716 334 τοσοῦτο

335 336 532 404 7:90221138
560 331 698 389 λύπης
725 335 800 377 καὶ
827 340 1086 406 παρακοπῆς
1116 335 1222 389 ω’ςτε
1242 341 1329 381 τῶν
1359 340 1500 392 φίλων
1527 338 1719 391 πολλοὺς

336 389 415 445 μὲν
445 389 514 432 ἐπὶ
544 390 750 441 ψευδέσιν
793 393 949 450 αἰτίαις
993 391 1182 447 ἀνελεῖν,
1224 392 1308 438 οὐκ
1347 394 1520 451 ὀλίγους
1560 395 1605 439 δὲ
1645 397 1719 440 καὶ

335 446 658 515 ἐφυγάδευσεν·
698 446 746 491 ἐν
773 445 839 499 οἷς
872 466 928 505 ην
964 452 1167 501 Φίλιστος
1195 452 1269 495 καὶ
1298 454 1510 520 Λεπτίνης
1542 451 1565 522 6
1597 446 1720 496 ἀδελ-

335 504 446 559 φός,
486 502 642 560 α’νδρες
670 467 955 560 διαφέροντες
985 504 1168 577 ἀνδρείᾳ
1196 508 1269 551 καὶ
1297 508 1462 560 πολλὰς
1490 508 1565 552 καὶ
1592 507 1720 567 μεγά-

249 562 304 605 75
334 564 431 612 λας
440 562 586 618 χρείας
625 561 671 604 ἐν
700 567 792 613 τοῖς
821 564 1026 617 πολέμοις
1056 562 1176 621 αύτῷ
1203 566 1532 637 παρεσχημένοι.
1591 573 1719 609 ουτοι

333 633 413 674 μεν
444 619 529 661 οὐν
564 616 780 687 φυγόντες
818 620 878 670 εἰς
913 621 1133 674 Θουρίους
1161 625 1238 679 τῆς
1263 620 1464 674 Ἰταλίας,
1497 622 1571 666 καὶ
1598 639 1719 677 παρα

333 678 427 726 τοῖς
452 672 715 727 Ἰταλιώταις
742 675 929 732 μεγάλης
964 675 1195 749 άποδοχης
1210 679 1508 736 τυγχάνοντες,
1535 679 1721 750 ὕστερον

333 731 571 799 δεηθέντος
600 736 683 775 τοῦ
711 736 956 779 Διονυσίου
984 732 1300 804 διηλλάγησαν,
1331 754 1405 780 και
1436 732 1720 787 κατελθόντες

334 790 394 839 εἰς
441 786 519 839 τὰς
562 789 860 842 Συρακούσας
913 791 974 842 εἰς
1022 791 1103 848 τήν
1142 792 1487 849 προϋπάρξασαν
1539 792 1720 843 εὔνοιαν

247 851 303 890 80
335 843 779 915 αποκατεστάθησαν·
821 845 845 890 6
877 847 923 891 δὲ
952 850 1168 920 Λεπτίνης
1197 850 1327 908 ε’γημε
1355 850 1457 920 τὴν
1466 851 1720 894 Διονυσίου

333 901 571 970 θυγατέρα.
628 907 765 947 ταῦτα
803 903 884 961 μὲν
922 906 1006 949 οὐν
1045 905 1242 965 ἐπράχθη
1282 907 1393 952 κατα
1440 911 1602 951 τοῦτον
1639 905 1720 950 τὸν

332 957 549 1003 ἐνιαυτόν.

243 1068 273 1107 8
440 1061 537 1107 ”Επ
568 1063 779 1134 άρχοντος
810 1062 854 1108 δ’
879 1062 1096 1136 Ἀθήνησι
1125 1067 1340 1120 Δεξιθέου
1362 1065 1568 1125 Ῥωμαῖοι
1600 1065 1722 1110 κατέ-

247 1123 302 1166 85
333 1131 497 1177 στησαν
551 1119 750 1173 ὑπάτους
798 1120 991 1167 Λεύκιον
1041 1125 1344 1196 Λουκρήτιον
1371 1125 1445 1169 καὶ
1499 1121 1720 1178 Σερούιον

328 1179 618 1222 Σουλπίκιον.
662 1179 731 1222 ἐπὶ
763 1178 810 1223 δὲ
838 1179 1008 1224 τούτων
1027 1180 1270 1249 Εὐαγόρας
1298 1182 1378 1251 μὲν
1409 1179 1433 1225 ὁ
1463 1185 1552 1224 τῶν
1576 1183 1722 1223 Σαλα-

328 1238 487 1305 μινίων
516 1235 720 1292 βασιλευς
747 1252 852 1306 ηκεν
878 1239 938 1289 εἰς
968 1237 1155 1294 Κύπρον
1186 1240 1227 1291 ἐξ
1256 1237 1498 1306 Αἰγύπτου,
1529 1238 1720 1303 κομίζων

327 1291 528 1349 χρήματα
549 1309 678 1349 παρα
714 1291 939 1347 Ἀκόριδος
976 1299 1056 1338 τοῦ
1087 1295 1299 1351 βασιλέως
1335 1294 1564 1351 Αἰγύπτου
1603 1292 1720 1336 ελάτ-

328 1366 438 1393 τονα
474 1353 565 1394 τῶν
608 1351 1014 1407 προςδοκηθέντων.
1074 1352 1335 1425 καταλαβών
1376 1353 1422 1396 δὲ
1461 1353 1542 1408 τὴν
1572 1354 1719 1394 Σαλα-

243 1407 298 1447 90
328 1411 434 1464 μῖνα
463 1408 845 1479 πολιορκουμένην
874 1408 1084 1464 ἐνεργῶς,
1127 1410 1203 1453 καὶ
1232 1408 1320 1453 ὑπό
1351 1413 1440 1452 τῶν
1481 1406 1720 1477 συμμάχων

327 1464 716 1534 καταλειπόμενος,
748 1463 1009 1522 ηναγκάσθη
1038 1467 1305 1534 πρεσβεῦσαι
1319 1467 1430 1535 περὶ
1461 1463 1718 1513 συλλύσεως.

329 1520 353 1566 ὁ
396 1522 442 1566 δὲ
487 1524 747 1577 Τιρίβαζος
754 1525 844 1564 τῶν
884 1523 999 1566 ὅλων
1011 1524 1148 1594 ε’χων
1178 1521 1275 1593 τὴν
1307 1521 1552 1592 ἡγεμονίαν
1582 1521 1719 1576 ε’φησε

328 1584 605 1635 συγχωρῆσαι
633 1578 714 1635 τὴν
745 1577 967 1631 σύλλυσιν,
1008 1579 1086 1623 εὰν
1119 1577 1374 1649 Εὐαγόρας
1389 1577 1609 1648 έκχωρήσῃ
1640 1592 1719 1619 πα-

241 1639 297 1684 95
328 1641 420 1687 σῶν
458 1640 546 1679 τῶν
586 1636 696 1679 κατὰ
736 1637 814 1692 τὴν
852 1625 1043 1691 Κύπρον
1081 1637 1275 1687 πόλεων,
1319 1633 1452 1691 αὐτῆς
1497 1634 1542 1678 δε
1581 1634 1720 1704 μόνης

325 1694 404 1765 τῆς
426 1698 682 1765 Σαλαμῖνος
711 1693 958 1763 βασιλεύων
987 1697 1090 1765 τελῇ
1119 1698 1179 1751 τῷ
1205 1696 1392 1746 Περσῶν
1418 1695 1590 1761 βασιλεῖ
1613 1687 1715 1733 κατ’

325 1750 532 1798 ἐνιαυτὸν
561 1748 707 1806 φόρον
739 1749 1005 1821 ὡρισμένον
1016 1752 1090 1794 καὶ
1103 1754 1224 1822 ποιῇ
1254 1749 1303 1792 w*
1340 1747 1718 1803 προςταττόμενον

327 1805 388 1859 ὥς
425 1810 588 1858 δοῦλος
626 1809 827 1877 δεσπότῃ.
894 1806 918 1878 6
961 1805 1005 1851 δ’
1045 1805 1305 1862 Εὐαγόρας,
1347 1807 1501 1860 καίπερ
1541 1805 1718 1875 βαρείας

327 1864 464 1936 οὔσης
492 1868 569 1920 τῆς
600 1863 829 1920 αἱρέσεως,
869 1864 921 1908 τὰ
951 1881 1030 1919 μεν
1061 1863 1169 1908 ἄλλα
1199 1863 1343 1908 πάντα
1373 1861 1629 1932 συνεχώρει,
1666 1859 1717 1904 τὸ

215 1921 297 1961 100
329 1919 373 1965 δ’
416 1922 475 1973 ὦς
515 1924 676 1994 δοῦλον
706 1919 893 1992 δεσπότῃ
933 1926 1076 1966 ποιεῖν
1106 1922 1154 1965 τὸ
1185 1918 1564 1989 προςταττόμενον
1602 1917 1719 1961 αντέ-

325 1983 487 2035 λεγεν,
513 1978 596 2051 ε’φη
635 1978 681 2022 δε
712 1981 806 2022 δεῖν
837 1977 975 2022 αὑτὸν
1014 1977 1071 2030 ὡς
1100 1976 1278 2035 βασιλέα
1308 1981 1478 2033 βασιλεῖ
1512 1973 1718 2018 ὑποτετά-

323 2042 446 2092 χθαι.
520 2035 574 2079 οὐ
616 2040 952 2105 συγχωροῦντος
990 2035 1035 2081 δε
1077 2039 1157 2082 τοῦ
1202 2034 1463 2104 Τιριβάζου,
1506 2030 1717 2100 Ὀρόντης

327 2093 351 2136 6
383 2093 528 2163 ἕτερος
569 2092 831 2161 στρατηγός,
877 2096 1067 2166 φθονῶν
1106 2097 1159 2150 τῃ
1195 2091 1304 2150 δόξη
1343 2095 1422 2134 τοῦ
1468 2087 1715 2159 Τιριβάζου,

329 2148 564 2206 γράμματα
592 2148 740 2208 λάθρα
769 2148 878 2204 πρὸς
906 2150 984 2194 τὸν
1009 2148 1285 2220 Ἀρταξέρξην
1314 2148 1492 2219 ε’πεμψε
1502 2163 1612 2190 κατα
1632 2148 1715 2188 τοῦ

272 2209 300 2252 5
334 2207 587 2263 Τιριβάζου.
645 2206 878 2278 κατηγόρει
909 2207 949 2250 δ’
993 2206 1131 2254 αὐτοῦ
1157 2211 1334 2277 πρῶτον
1356 2222 1435 2262 μεν
1475 2203 1543 2247 ὅτι
1581 2202 1770 2246 δυνά-10

325 2280 459 2321 μενος
487 2264 600 2309 ἑλεῖν
628 2264 709 2323 τὴν
738 2268 995 2321 Σαλαμῖνα
1002 2268 1134 2310 τοῦτο
1163 2264 1243 2322 μὲν
1271 2260 1324 2308 οὐ
1355 2265 1575 2314 συντελεῖ,
1615 2274 1715 2314 πρε-

326 2446 386 2483 w.
418 2448 603 2493 τοσοῦτο]
634 2447 817 2484 τοσοῦτον
856 2447 951 2482 FRL
1160 2445 1299 2491 λύπης]
1338 2444 1471 2490 λύττης
1502 2442 1714 2478 Schaeferus

325 2494 540 2531 Meletcmat.
570 2508 606 2540 p·
630 2496 710 2533 128.
871 2496 936 2530 καὶ
960 2494 1180 2548 παρακοπῆς
1203 2505 1272 2528 om.
1296 2492 1326 2525 F
1484 2490 1542 2523 72.
1569 2488 1609 2524 δε
1632 2488 1711 2531 καὶ]

330 2538 373 2575 δὲ
396 2542 428 2575 F
611 2542 668 2575 73.
695 2539 957 2596 διαφέροντες]
983 2538 1237 2594 διαφερόντως
1261 2538 1295 2572 Κ
1466 2535 1522 2572 84.
1543 2533 1713 2578 Λουκρή-

327 2587 426 2632 τιον]
452 2588 692 2644 ΛυκρίτιονΕ
787 2586 975 2643 Σερούιον
998 2590 1085 2631 Kb,
1108 2585 1470 2639 οῆθῐετίΣερουίλιον
1561 2583 1618 2618 94.
1643 2581 1711 2615 ‹113²-

327 2635 408 2687 τῆς]
437 2632 552 2676 αὐτὸς
575 2646 694 2670 omnes
877 2633 999 2680 μόνης
1019 2635 1091 2679 IQ,
1116 2632 1245 2666 caeteri
1268 2630 1385 2675 μόνος
1575 2630 1633 2663 95.
1657 2639 1714 2662 τε-

324 2680 394 2726 λῆ]
418 2685 513 2718 τελεῖ
530 2681 595 2716 ΑΚ
787 2681 868 2718 100.
893 2682 973 2717 δεῖν
994 2686 1075 2726 post
1098 2681 1239 2729 βασιλεῖ
1259 2681 1390 2724 ponunt
1411 2677 1496 2720 ΑΚ,
1529 2675 1712 2719 utrubique

324 2727 356 2762 F
540 2726 574 2762 1.
599 2724 717 2764 αύτον
740 2728 824 2763 libri

419 2797 476 2832 10.
500 2797 534 2832 6
560 2799 744 2846 συντελεῖ]
771 2797 949 2837 συνετέλει
971 2799 1056 2835 ΑΙΚ
