1820 3249
306 90 418 131 1312
702 83 991 129 LIB.XVI11.
1051 84 1180 128 cAP.
1209 86 1277 128 53.

220 207 278 248 58
416 195 510 243 Ἐπ’
530 197 741 254 ἄρχοντος
758 193 804 240 δ’
827 194 1057 253 Ἀθήνησιν
1080 194 1314 265 Ἀρχίππου
1330 194 1535 252 Ῥωμαῖοι
1554 197 1674 240 κατέ·

308 268 469 327 στησαν
497 256 693 305 υπάτους
725 252 912 297 Κόϊντον
939 257 1094 298 Αἴλιον
1122 255 1195 298 καὶ
1222 253 1413 296 Λεύκιον
1440 254 1675 306 Παπίριον

307 315 375 358 ἐπὶ
409 314 455 357 δὲ
493 312 662 355 τούτων
697 309 896 379 Εὐμένης
925 311 1004 366 μὲν
1035 310 1132 364 ἄρτι
1160 327 1240 366 την
1269 311 1316 353 ἐκ
1344 312 1424 352 τοῦ
1453 311 1675 378 φρουρίου

222 382 275 420 10
305 370 590 425 πεποιημένος
631 365 906 436 ἆποχωρησιν
952 367 1179 423 ἐκομίσατο
1219 366 1296 417 τὰς
1334 366 1562 416 ἐπιστολὰς
1600 364 1677 417 τὰς

302 427 615 475 ἀποσταλείσας
639 423 726 467 ὑπὸ
760 424 1161 479 Πολυσπέρχοντος,
1191 423 1239 466 έν
1269 426 1337 473 αἱς
1365 426 1421 491 ἠν
1441 421 1678 492 γεγραμμέ-

301 501 381 528 νον
419 484 548 538 χωρὶς
587 485 676 524 τῶν
715 480 1042 549 προειρημένων
1081 480 1148 523 ὅτι
1190 478 1450 523 πεντακόσια
1489 479 1568 549 μὲν
1605 477 1678 522 τά·

301 546 437 584 λαντα
462 539 661 582 διδόασιν
682 536 797 593 αὐτῷ
819 539 983 590 δωρεάν
1007 538 1051 579 οἱ
1068 540 1255 607 βασιλεῖς
1282 537 1341 586 εἰς
1369 535 1678 607 ἐπανόρθωσιν

301 614 391 640 των
429 596 726 666 γεγενημένων
761 595 858 647 περὶ
900 592 1033 636 αὐτὸν
1071 592 1405 647 ἐλαττωμάτων,
1451 594 1524 636 καὶ
1565 591 1678 635 διότι

223 659 274 702 15
303 653 532 725 γράμματα
563 652 815 694 ἀπέστειλαν
847 667 887 693 οι
917 653 1106 704 βασιλεῖς
1135 649 1244 702 πρὸς
1271 648 1377 700 τούς
1406 648 1452 692 ἐν
1481 651 1553 717 τῇ
1560 651 1680 691 Κιλι-

305 713 377 754 κία
403 709 676 778 στρατηγούς
696 707 766 750 καὶ
785 705 1203 775 θησαυροφύλακας,
1235 705 1351 755 ὅπως
1370 703 1487 775 αὐτῷ
1506 722 1559 748 τα
1581 720 1680 748 πεν-

304 767 487 810 τακόσια
517 766 704 808 τάλαντα
731 766 838 806 δῶσι
867 764 939 806 καὶ
964 767 1052 805 τῶν
1082 761 1222 805 ἄλλων
1252 761 1501 829 χρημάτων
1510 760 1593 804 ὅσα
1623 760 1680 804 ἂν

306 823 457 879 αἰτήση
488 822 596 876 πρός
625 837 668 864 τε
697 820 772 870 τὰς
803 822 1050 874 ξενολογίας
1082 819 1155 861 καὶ
1184 816 1259 868 τὰς
1290 817 1422 868 ἄλλας
1451 834 1528 868 τας
1558 833 1681 860 κατε-

305 879 539 934 πειγούσας
569 879 742 945 χρείας,
780 875 885 926 τούς
914 892 957 918 τε
987 880 1075 918 τῶν
1105 873 1446 929 ἀργυρασπίδων
1476 872 1682 917 Μακεδό-

223 944 277 982 20
309 953 399 978 νων
439 936 680 1004 τριςχιλίων
718 932 1072 988 ἀφηγουμένους,
1125 934 1198 974 ἵνα
1228 934 1486 999 παραδῶσιν
1516 928 1680 981 αὐτους

304 991 490 1045 Εὐμένει
520 992 592 1034 καὶ
621 990 754 1033 τάλλα
786 989 1089 1059 συμπράττωσι
1117 988 1373 1042 προθύμως,
1405 1004 1465 1037 ως
1490 1004 1546 1030 αν
1573 986 1680 1030 άπο-

306 1050 561 1106 δεδειγμὲνῳ
581 1060 817 1119 στρατηγῳ
848 1051 921 1099 τῆς
951 1047 1052 1113 ὅλης
1080 1043 1218 1095 Ἀσίας
1249 1042 1550 1098 αὐτοκράτορι.
1603 1039 1754 1100 ἧκε301

307 1107 352 1150 δὲ
382 1107 455 1148 καὶ
487 1104 591 1159 παρ’
619 1093 908 1159 Ολυμπιάδος
940 1100 1058 1158 αὐτῷ
1085 1101 1339 1157 γράμματα,
1373 1102 1593 1170 δεομένης
1605 1101 1681 1143 καὶ

308 1163 576 1217 λιπαρούσης
614 1165 795 1229 βοηθεῖν
834 1165 925 1210 τοῖς
964 1149 1189 1229 βασιλευσι
1229 1159 1302 1200 καὶ
1341 1157 1492 1214 ἑαυτῇ·
1540 1156 1680 1212 μόνον

223 1216 278 1259 25
308 1222 391 1275 γαρ
438 1220 606 1262 ἐκεῖνον
646 1217 905 1260 πιστότατον
952 1216 1263 1270 ἀπολελεῖφθαι
1301 1230 1391 1256 των
1427 1215 1569 1268 φίλων
1606 1214 1682 1258 καὶ

309 1276 555 1345 δυνάμενον
586 1274 919 1344 διορθώσασθαι
947 1273 1026 1326 τήν
1057 1272 1239 1340 έρημιαν
1267 1273 1341 1325 τῆς
1372 1272 1619 1338 βασιλικῆς
1624 1271 1684 1313 οἰ-

307 1337 416 1382 κίας.
473 1331 597 1386 ηξίου
629 1330 669 1373 δ’
704 1330 837 1372 αὐτὸν
875 1347 901 1384 η
936 1327 1174 1381 Ὀλυμπιάς
1209 1330 1535 1398 συμβουλεῦσαι
1563 1325 1685 1370 πότε-

309 1407 390 1444 ρον
421 1387 540 1443 αύτῳ
574 1390 696 1430 δοκεῖ
723 1386 962 1439 συμφέρειν
991 1386 1134 1439 μένειν
1165 1383 1302 1439 αὐτην
1333 1384 1379 1426 ἐν
1407 1382 1590 1444 Ἠπείρῳ
1609 1384 1684 1427 καὶ

224 1447 277 1486 30
307 1464 364 1501 μη
396 1445 612 1489 πιστεύειν
641 1448 733 1493 τοῖς
765 1442 828 1485 ἀεὶ
858 1445 1041 1485 δοκοῦσι
1069 1457 1146 1497 μεν
1176 1441 1445 1509 ἐπιμεληταῖς
1467 1456 1597 1490 ειναι,
1628 1444 1682 1511 τῇ

306 1504 352 1546 δε
395 1502 577 1558 ἀληθεία
616 1502 695 1569 τὴν
733 1501 953 1570 βῖζῗασιλειαν
997 1501 1056 1548 εἰς
1096 1498 1280 1547 ἑαύτους
1321 1500 1601 1550 μεθιστῶσιν,
1652 1497 1682 1553 ἢ

304 1560 628 1614 ἐπανέρχεσθαι.
672 1557 694 1600 ὁ
723 1556 765 1600 6'
791 1555 988 1611 Εὐμένης
1012 1572 1118 1610 προς
1143 1555 1222 1609 μὲν
1250 1552 1519 1607 Ὀλυμπιάδα
1545 1570 1682 1608 παρα-

304 1620 445 1671 χρῆιια
470 1616 730 1681 ἀντέγραψε,
756 1611 1071 1681 συμβουλεύων
1096 1610 1206 1655 κατὰ
1224 1609 1271 1654 τὸ
1298 1611 1440 1663 παρὸν
1458 1610 1605 1664 μένειν
1632 1610 1681 1654 5v

303 1673 512 1743 Ἠπείρῳ,
557 1671 680 1740 μέχρι
711 1669 765 1712 ἂν
792 1670 815 1714 ὁ
847 1668 1032 1724 πόλεμος
1062 1668 1173 1723 λάβῃ
1204 1684 1301 1709 τινα
1331 1669 1490 1719 κρίσιν.
1548 1665 1682 1718 αὐτὸς

223 1726 277 1769 35
309 1728 352 1772 6'
390 1729 455 1772 ἀεὶ
495 1727 570 1784 τὴν
609 1727 789 1770 εὔνοιαν
818 1726 1102 1795 βεβαιοτάτην
1131 1723 1242 1776 πρὸς
1269 1725 1369 1773 τοὺς
1398 1727 1586 1778 βασιλεῖς
1615 1740 1682 1767 τε-

306 1785 498 1855 τηρηκώς
538 1786 706 1837 ἔκρινεν
745 1781 977 1838 Ἀντιγόνῳ
1018 1782 1097 1836 μεν
1131 1799 1190 1850 μη
1231 1780 1453 1835 προςέχειν
1482 1780 1683 1833 ἐξιδιαζο-

307 1844 422 1913 μένῳ
453 1842 531 1905 τὴν
561 1841 793 1895 βασιλειαν,
823 1844 905 1882 τοῦ
927 1841 971 1882 δὲ
994 1838 1279 1891 Ἀλεξάνδρου
1301 1837 1458 1886 παιδὸς
1477 1840 1684 1906 προςδεο-

310 1900 442 1954 μένου
485 1901 692 1955 βοηθείας
733 1895 804 1940 διά
843 1912 887 1939 τε
923 1897 1002 1950 τὴν
1032 1894 1250 1963 ὀρφανίαν
1280 1895 1353 1936 καὶ
1384 1892 1455 1936 δια
1485 1910 1564 1950 την
1593 1899 1682 1937 τῶν

309 1955 535 2011 ἡγεμόνων
573 1955 845 2004 πλεονεξίαν,
891 1953 1087 2020 διέλαβεν
1126 1949 1326 2004 ἁρμόζειν
1363 1949 1502 2008 ἕαυτῳ
1539 1950 1682 1993 πάντα

226 2009 280 2079 40
308 2016 521 2057 κίνδυνον
550 2009 836 2066 ἀναδέχεσθαι
865 2026 940 2065 της
964 2013 1051 2051 τῶν
1068 2008 1283 2064 βασιλέων
1308 2010 1521 2063 σωτηρίας
1543 2007 1682 2050 ἕ.νεκα
1729 2056 1733 2059 st

305 2207 342 2241 7.
375 2204 616 2248 παπύριονῈ
761 2201 795 2238 9.
827 2199 1085 2247 ἀποχώρησιν]
1103 2198 1180 2256 τὴν
1204 2197 1441 2243 ἀποχώρησιν
1461 2200 1546 2235 Bas.

307 2254 363 2288 10.
399 2249 691 2292 ἀποσταλείσας]
719 2250 904 2288 σταλείσας
928 2249 952 2280 V
1090 2244 1167 2282 ’ὑπὸ
1187 2247 1234 2288 F,
1268 2246 1341 2280 ἀπὸ
1359 2247 1487 2279 meteri
1623 2245 1680 2280 14.

308 2298 427 2342 διότι]
457 2298 519 2333 διαὶ
540 2310 649 2331 τουτο
674 2297 703 2329 F
842 2295 897 2329 15.
931 2296 977 2340 τῇ
1000 2305 1066 2327 om.
1092 2294 1121 2326 F
1259 2293 1315 2328 16.
1352 2293 1465 2336 δῶσι]
1496 2291 1627 2327 δαίσειν
1649 2292 1680 2326 Ε

400 2345 455 2378 17.
503 2356 540 2377 τε
564 2355 632 2376 οηι.
660 2343 688 2375 F
870 2341 926 2374 20.
973 2338 1216 2396 παραδωσιν]
1238 2339 1472 2384 παραδώσειν
1496 2339 1526 2372 F

308 2388 470 2433 αὐτούς]
504 2388 641 2429 αὐτούς
665 2389 711 2421 W
894 2385 1029 2430 τᾶλλα]
1064 2399 1108 2420 τα
1133 2384 1221 2420 ἄλλα
1243 2386 1275 2419 F
1455 2386 1512 2420 21,
1561 2397 1611 2426 ως
1633 2395 1681 2420 αν

307 2449 376 2474 om.
401 2438 468 2470 ΤΧ
491 2438 589 2479 Bas„
610 2435 774 2469 asterisco
798 2434 929 2468 notavit
952 2433 1144 2475 Stephanus

398 2505 477 2539 301.
515 2504 572 2538 22.
619 2505 684 2548 τῆς
707 2499 794 2546 όλης
813 2498 943 2545 Ἀσίας]
968 2503 1032 2545 τῆς
1052 2500 1168 2539 Ἀσίας
1192 2495 1281 2543 όλης
1302 2498 1334 2532 F
1506 2498 1564 2534 26.
1610 2496 1680 2543 τήν

307 2549 464 2611 ἐρημίαν
497 2552 564 2592 τῆς
591 2551 780 2592 βασιλικῆς
816 2549 955 2592 οἰκίας]
990 2549 1055 2590 τῆς
1078 2547 1265 2594 βασιλικῆς
1289 2544 1408 2584 οἰκίας
1430 2557 1496 2585 τας
1520 2542 1680 2580 ἀποστ-α’

306 2603 388 2638 σίας
412 2598 550 2640 FQVW
733 2597 790 2629 31.
837 2595 1083 2639 μεθιστῶσιν]
1109 2591 1392 2637 μεθισταμένοις
1414 2591 1523 2625 Fvw

306 2642 333 2689 ἢ
350 2644 614 2697 ἐπανέρχεσθαι
632 2653 702 2676 om.
725 2642 758 2675 Τ
777 2642 858 2675 Bas.
871 2666 881 2682 ‚
912 2641 1076 2674 asterisco
1101 2639 1232 2673 notavit
1257 2639 1454 2682 Stephanus

304 2692 364 2727 32.
409 2687 672 2732 Ὀλυμπιάδα]
704 2686 770 2730 τὴν
793 2685 1073 2733 ὈλυμπιάδαῈ
1254 2684 1312 2719 33.
1359 2682 1481 2727 μέχρι]
1505 2674 1626 2730 μέχρις
1648 2681 1680 2717 F

488 2736 546 2771 34.
596 2733 674 2778 ἀεὶ]
701 2735 773 2771 αἰεὶ
796 2735 826 2769 F
1010 2732 1069 2769 39.
1116 2729 1262 2781 &vu-6¹]
1289 2726 1390 2776 αὐτῷ
1414 2730 1492 2765 FW
