1820 3249
488 174 1532 218 LlB.XV111.cAP.31.32.1287

156 288 320 345 τρόπον
357 282 638 356 θλιβόμενον
659 284 919 354 ἠναγκάσθη
959 285 1068 330 κατὰ
1105 285 1264 340 κράτος
1290 283 1530 356 ἡττημένον
1558 314 1613 354 31

154 350 425 416 καταφυγεῖν
453 342 563 398 πρὸς
590 341 670 399 τὴν
698 347 787 387 τῶν
814 347 954 395 πεζῶν
984 341 1201 412 φάλαγγα.
1261 359 1371 385 κατα
1403 342 1449 386 δὲ
1478 341 1528 386 τὸ
1557 373 1613 413 20

155 401 384 472 εὐεόνυμον
420 402 732 456 Νεοπτολέμου
770 398 865 444 κατ’
905 398 1041 442 αὐτον
1077 400 1155 443 τὸν
1193 397 1375 470 Εὐμένη
1413 415 1529 442 τετα-

153 460 316 529 γμένου
336 457 516 529 συνέστη
540 458 765 514 φιλοτιμία
786 455 950 526 μεγάλη
980 460 1069 500 τῶν
1078 455 1323 527 ἡγεμόνων
1358 454 1428 499 ἐπ’
1459 454 1529 498 άλ-

152 515 314 571 λήλους
342 513 640 586 ὁρμησάντων.
691 512 1007 582 γνωρισθέντες
1038 512 1121 568 γὰρ
1152 511 1240 557 άπό
1272 528 1316 556 τε
1345 516 1433 555 τῶν
1465 513 1530 555 ι’π-

152 588 249 617 πων
284 571 357 615 καὶ
395 577 492 614 τῶν
520 569 713 614 ἄλλων
702 569 922 626 ἐπισήμων
951 569 1283 626 συνεπλάκησαν
1313 568 1528 639 ἀλλήλοις,

151 628 225 672 καὶ
253 631 307 684 τῇ
334 625 442 672 καθ’
477 626 644 678 αυτοῦς
672 628 918 697 μονομαχία
947 643 1028 683 την
1049 629 1175 683 νίκην
1198 627 1409 696 ἐποίησαν
1428 624 1527 669 άκο-
1556 628 1611 672 25

151 687 382 752 λουθῆσαι.
448 683 498 727 τό
539 701 617 739 μεν
653 686 735 727 οὐν
776 689 953 756 πρῶτον
993 689 1085 734 τοῖς
1113 685 1293 755 ξίφεσιν
1327 682 1530 752 άλληλων

149 739 435 795 καθικόμενοι
471 740 721 794 παράδοξον
753 742 825 785 καὶ
859 745 1080 792 παντελῶς
1107 739 1421 796 ἐξηλλαγμένην
1450 755 1530 794 μο-

147 799 363 867 νομαχίαν
393 797 733 868 συνεστήσαντο·
779 797 1064 854 ἐκφερόμενοι
1091 797 1177 867 γάρ
1208 801 1269 854 τῷ
1298 799 1427 853 θυμῷ
1456 795 1531 838 καὶ

148 871 201 924 τῃ
237 854 349 909 πρὸς
394 853 608 925 ἀλλήλους
658 857 902 913 δυςμενεία,
955 859 1049 905 ταῖς
1093 841 1343 924 ἀριστεραῖς
1382 853 1530 908 χερσὶν

149 909 335 966 ἀφέντες
372 910 449 962 τὰς
487 911 611 966 ηνίας
647 909 843 966 άλληλων
880 910 1130 963 ἐδράξαντο.
1191 906 1246 954 οὗ
1277 909 1525 979 συμβάντος
1553 914 1608 955 30

150 969 194 1011 οἱ
223 984 302 1022 μεν
328 969 453 1012 ι’πποι
483 967 593 1011 κατὰ
622 968 702 1024 τήν
733 969 874 1038 ὁρμήν
904 968 1162 1022 ἐξέδραμον,
1209 965 1334 1010 αὐτοὶ
1364 964 1408 1009 δ’
1439 965 1526 1008 ἐπε-

149 1037 229 1068 σον
267 1024 337 1068 ἐπὶ
373 1025 454 1080 τήν
481 1029 576 1079 γῆν.
635 1029 710 1078 τῆς
740 1024 780 1068 6'
813 1023 1142 1075 ἐπαναστάσεως
1172 1023 1245 1067 διὰ
1274 1023 1362 1093 τὴν
1379 1019 1526 1092 ὀξύτη-

139 1097 201 1124 ,τα
229 1081 302 1124 καὶ
325 1083 439 1151 βίαν
472 1086 554 1124 τοῦ
590 1098 819 1151 πτωματος
847 1085 1041 1136 χαλεπῶς
1069 1081 1309 1149 γενομένης
1336 1077 1526 1149 άμφοτέ-

147 1152 265 1190 ροις,
317 1137 391 1180 ἅτε
417 1138 492 1181 καὶ
519 1141 610 1180 τῶν
641 1136 787 1181 ὅπλων
816 1137 1146 1207 ἐμποδιζόντων
1165 1136 1218 1180 τὰ
1248 1135 1448 1192 σώματα,
1499 1133 1523 1179 ὁ
1554 1138 1610 1181 35

145 1209 227 1249 μεν
257 1193 456 1249 Εὐμένης
485 1193 667 1248 ε’φθασε,
696 1193 908 1249 πρότερος
938 1193 1195 1246 διαναστάς,
1224 1197 1305 1237 τοῦ
1334 1195 1530 1236 Νεοπτο-

145 1251 283 1306 λέμου
313 1251 389 1306 τὴν
419 1249 546 1306 ἱγνυν
574 1249 775 1302 πατάξας.
835 1249 1020 1307 μεγάλης
1050 1251 1095 1294 δὲ
1113 1250 1350 1320 γενομένης
1370 1248 1528 1303 διαιρέ-

146 1319 253 1357 σεως
281 1308 354 1351 καὶ
363 1309 620 1380 σφαλείσης
637 1325 723 1363 της
752 1307 942 1363 βάσεως,
974 1308 998 1351 ὁ
1028 1308 1108 1362 μὲν
1137 1307 1310 1362 πληγεις
1338 1311 1528 1361 παραλε-

144 1364 330 1417 λυμένος
360 1364 517 1416 ἔκειτο,
560 1365 838 1434 κωλυόμενος
870 1364 958 1410 υπὸ
987 1369 1068 1408 τοῦ
1097 1364 1346 1433 τραύματος
1377 1366 1528 1406 διανα-

145 1424 321 1475 στῆναι·
374 1420 490 1474 ὅμως
537 1421 582 1464 δὲ
618 1426 694 1476 τῆς
737 1419 946 1474 εὐψυχίας
983 1419 1289 1476 ὑπεραγούσης
1328 1437 1408 1476 την
1444 1422 1526 1463 τοῦ
1555 1417 1609 1461 40

145 1477 357 1551 (iduatus,
375 1477 621 1525 ἐλάττωσιν
650 1478 696 1520 ἐν
722 1478 876 1532 γόνασι
907 1477 1101 1545 βεβηκώς
1131 1478 1287 1532 ἔτρωσε
1311 1477 1389 1520 τόν
1409 1475 1523 1520 άντί-

132 1538 287 1577 ’παλον
327 1535 387 1583 ε’ίς
415 1550 459 1576 τε
489 1533 567 1576 τόν
598 1537 810 1603 βραχίονα
842 1552 912 1578 και
945 1533 1049 1584 τούς
1079 1551 1249 1590 μηρους
1277 1534 1393 1587 τρισὶ
1421 1537 1523 1590 πλη-

131 1594 281 1659 -γαΐς.-
309 1588 517 1662 οὐδεμιᾶς
546 1589 588 1634 6'
621 1590 754 1659 οὔσης
783 1595 953 1660 πληγῆς
967 1593 1158 1645 καιρίου,
1189 1591 1370 1633 καὶτῶν
1392 1606 1522 1644 τραυ-

94 1679 98 1686 ,
143 1646 295 1718 μάτων
323 1647 384 1690 ἔτι
415 1651 597 1700 θερμῶν
627 1647 789 1700 ὄντων,
832 1648 854 1691 6
863 1646 1088 1718 Εὐμένης
1118 1647 1325 1701 δευτέραν
1352 1645 1522 1714 πληγὴν

141 1702 211 1746 ἐπὶ
239 1701 319 1746 τὸν
347 1701 562 1771 τράχηλον
589 1704 815 1759 ἐπενέγκας
848 1703 1063 1747 ἀπέκτεινε
1093 1703 1170 1748 τόν
1202 1702 1523 1758 Νεοπτόλεμον.
1553 1700 1606 1742 45

64 1759 163 1803 282’
145 1760 235 1814 άμα
266 1759 312 1803 δὲ
340 1759 513 1811 τούτοις
540 1763 853 1816 πραττομένοις
882 1762 955 1804 καὶ
984 1761 1033 1804 τὸ
1063 1760 1218 1804 λοιπὸν
1245 1764 1414 1815 πλῆθος
1433 1763 1523 1803 τῶν
1553 1759 1609 1798 32

141 1817 310 1865 ἱππέων
350 1817 573 1872 συμπεσὸν
612 1819 671 1868 εἰς
708 1817 847 1874 μάχην
889 1817 1034 1861 πολύν
1063 1817 1199 1860 ἐποίει
1230 1816 1390 1872 φόνον.
1451 1815 1520 1860 διὸ

141 1873 239 1919 καὶ
253 1876 343 1919 τῶν
381 1874 460 1929 μὲν
489 1874 782 1932 πιπτόντων,
809 1892 898 1918 των
929 1874 975 1918 δὲ
1004 1873 1431 1930 τραυματιζομένων,
1471 1872 1521 1916 τὸ

141 1945 221 1986 μεν
263 1933 439 1997 πρῶτον
480 1931 718 1985 ίσόῤῥοπος
754 1934 812 1987 ἠν
850 1930 873 1975 ὁ
905 1933 1134 1983 κννδυνος,
1176 1931 1279 1986 μετὰ
1309 1934 1446 1973 ταῦτα
1477 1929 1523 1973 δε
1552 1927 1607 1971 50

127 1990 338 2058 ,φανερᾶς
377 1986 611 2043 γενομένης
649 1992 723 2043 τῆς
762 1992 843 2032 τοῦ
877 1988 1189 2043 Νεοπτολέμου
1225 1991 1422 2043 τελευτῆς
1452 1987 1526 2030 καὶ

141 2046 218 2112 τῆς
255 2043 326 2086 ἐπὶ
361 2044 554 2099 θατέρου
585 2044 765 2098 κέρατος
792 2049 974 2101 τροπῆς,
1022 2044 1208 2095 ἅπαντες
1236 2044 1346 2115 πρὸς
1378 2043 1526 2100 φυγήν

140 2098 370 2155 ὥρμησαν,
394 2101 468 2143 καὶ
503 2100 703 2154 καθάπερ
736 2103 847 2156 πρὸς
875 2108 1012 2157 τεῖχος
1028 2101 1207 2172 οχυρὸν
1235 2101 1316 2157 τήν
1345 2104 1434 2144 τῶν
1455 2117 1524 2144 πε-

141 2159 228 2209 ζῶν
264 2156 467 2225 φάλαγγα
504 2157 769 2229 κατέφυγον.
831 2158 854 2202 ὁ
893 2158 934 2202 6’
970 2156 1172 2229 Εὐμένης
1203 2156 1431 2228 ἀρκεσθεὶς
1459 2160 1522 2213 τῷ

137 2211 443 2283 προτερήματι,
464 2215 549 2281 ,καὶ
575 2219 665 2258 τῶν
695 2220 992 2285 στρατηγικῶν
1023 2215 1236 2283 σωμάτων
1259 2212 1522 2284 ἀμφοτέρων
1551 2212 1603 2255 55

140 2269 396 2339 κυριεύσας,
449 2272 736 2315 ανεκαλέσατο
776 2290 827 2328 τῃ
867 2272 1067 2327 σάλπιγγι
1106 2288 1210 2324 τους
1239 2270 1517 2323 στρατιώτας.

142 2325 300 2380 στήσας
329 2327 374 2369 δὲ
403 2326 616 2380 τρόπαιον
637 2328 710 2370 καὶ
728 2345 834 2380 τους
855 2346 1041 2382 νεκρούς
1061 2328 1223 2380 θάψας,
1255 2328 1517 2381 διεπέμψατο

139 2382 250 2434 πρὸς
285 2382 363 2437 τὴν
399 2388 488 2426 τῶν
516 2384 765 2455 ᾑττηιιένων
802 2386 1027 2440 φάλαγγα,
1069 2389 1335 2439 παρακαλων
1377 2384 1518 2427 aaut&

140 2438 426 2493 προςθέσθαι,
457 2442 531 2484 καὶ
560 2442 711 2494 διδοὺς
742 2442 944 2495 ἐξουσίαν
973 2439 1170 2493 ἑκάστοις
1202 2441 1305 2485 ὅποι
1334 2430 1517 2498 βούλου·
1547 2440 1602 2480 60

143 2583 199 2619 18.
231 2583 326 2620 κατα
351 2584 484 2628 κράτος
507 2586 541 2632 ἠ.
566 2590 621 2623 19.
647 2602 706 2633 po
693 2594 723 2623 t
747 2587 917 2634 φάλαγγα
940 2592 1070 2632 ponunt
1085 2589 1119 2623 Τ
1137 2589 1348 2632 Bas.etq113
1368 2586 1520 2633 ἡττημέ-

141 2640 217 2665 νων
235 2630 264 2662 F
399 2632 456 2666 35.
489 2633 689 2680 πρότερος]
715 2635 893 2681 πρότερος
918 2634 993 2670 ἐκεῖ
1013 2635 1055 2670 τὸ
1079 2633 1262 2679 πρότερον
1285 2636 1314 2670 F
1460 2634 1517 2667 36-

141 2673 331 2727 πᾳῑάξας]
366 2676 524 2720 πατάξαι
548 2682 613 2724 Ql'
796 2683 853 2717 38.
901 2679 998 2727 ὑπὸ]
1031 2680 1070 2717 ἐκ
1104 2682 1164 2716 Fv
1347 2679 1405 2714 39.
1452 2692 1517 2724 της

142 2719 663 2823 ευψυέἐῖῧῇὄαιςτάρυυτχάηδεῖ
688 2772 727 2808 δε
753 2773 869 2808 ταῦτα
894 2774 923 2807 F
1126 2773 1313 2816 φανερᾶς]
1347 2771 1518 2817 φανερῶς

142 2813 224 2848 Bas.
249 2825 336 2849 onus
339 2827 376 2849 ευ
400 2829 464 2861 της-
644 2820 702 2854 60.
751 2817 838 2856 ὅποι
863 2820 1079 2864 Stepzhanus
1103 2819 1185 2854 libri
1209 2817 1293 2855 όσοι
