1820 3249
307 166 418 208 1138
719 161 1000 203 LIB.XV11.
1056 161 1185 203 cAP.
1220 165 1263 204 4.

306 274 467 327 ταλούς
494 273 754 344 υπομνησας
789 278 868 330 τῆς
902 271 1084 342 ἀρχαίας
1118 271 1206 346 ᾇφ’
1238 270 1507 327 Ἡρακλέους
1524 281 1693 342 συγγε-

307 335 437 384 νείας,
470 333 544 376 καὶ
574 330 722 387 λόγοις
752 329 1086 403 φιλανθρώποις
1116 330 1176 373 ε’τι
1206 330 1252 373 δὲ
1282 329 1486 399 μεγάλαις
1518 328 1694 383 ἐπαγγε-

308 391 422 441 λίαις
450 391 731 457 μετεωρίσας,
761 388 902 431 ε’πεισε
931 404 1010 442 την
1037 388 1431 442 πατροπαράδοτον
1457 384 1693 440 ἡγεμονίαν

227 453 280 492 10
310 452 387 504 τῆς
421 446 627 496 Ἑλλάδος
677 444 796 502 αὐτῷ
837 448 1113 513 συγχωρῆσαι
1159 448 1293 499 κοινῷ
1340 448 1416 499 τῆς
1459 445 1694 493 Θετταλίας

309 506 505 560 δόγματι.
565 501 672 558 μετὰ
714 503 760 545 δὲ
798 501 982 552 τούτους
1020 518 1074 543 τα
1112 504 1402 554 συνορίζοντα
1432 504 1520 542 τῶν
1551 500 1694 542 ἐθνῶν

308 563 370 612 εἰς
407 561 489 617 τήν
520 558 678 629 ὁμοίαν
719 558 900 602 εὔνοιαν
948 558 1328 613 προςαγαγόμενος
1365 561 1591 612 παρῆλθεν
1636 557 1695 606 εἰς

309 617 477 669 Πύλας,
509 617 581 660 καὶ
616 615 666 659 τὸ
695 620 784 658 τῶν
810 614 1143 670 Ἀμφικτυόνων
1173 615 1402 683 συνέδριον
1432 611 1695 668 συναγαγών

226 676 279 718 15
309 676 476 719 ε’πεισεν
495 673 638 729 ἑαυτῷ
656 677 794 728 κοινῷ
823 671 1005 727 δόγματι
1035 674 1224 727 δοθῆναι
1255 672 1334 727 τὴν
1362 676 1451 714 τῶν
1475 671 1696 726 Ελλήνων

305 731 558 800 ἡγεμονίαν.
619 735 710 780 τοῖς
742 729 783 773 6’
814 728 1155 801 Ἀμβρακιώταις
1176 727 1603 784 διαπρεσβευόμενος
1624 727 1697 769 καὶ

307 786 644 860 φιλανθρώπως
673 786 903 855 ὁμιλήσας
922 787 1087 830 ε’πεισεν
1125 785 1288 836 αὐτούς
1322 785 1459 841 βραχὺ
1496 788 1696 839 προειλη-

307 846 441 902 φέναι
478 844 558 899 τὴν
596 844 841 900 μέλλουσαν
877 842 956 886 υπ’
994 841 1134 886 αὐτοῦ
1161 845 1366 886 δίδοσθαι
1395 841 1498 896 μετὰ
1529 847 1697 896 προθυ-

308 905 409 972 μίας
451 900 735 958 αὐτονομίαν.
801 901 914 954 πρός
955 900 1002 944 δὲ
1038 901 1117 956 τὴν
1156 899 1422 954 κατάπληξιν
1461 902 1550 941 τῶν
1581 914 1697 940 απει-

221 961 277 1001 20
307 959 515 1004 θούντων
544 960 621 1014 ἡγε
652 958 732 1013 τὴν
766 958 956 1012 δύναμιν
984 962 1075 1000 τῶν
1113 956 1392 1000 Μακεδόνων
1433 954 1698 1010 κεκοσμημέ-

305 1033 392 1073 νην
420 1019 789 1075 καταπληκτικῶς
852 1013 1009 1066 ὀξείαις
1041 1013 1087 1058 δὲ
1116 1020 1211 1065 ταῖς
1239 1012 1515 1081 ὁδοιπορίαις
1534 1011 1699 1068 χρησά-

305 1090 436 1130 μενος
465 1075 569 1129 ἡκεν
600 1075 659 1124 είς
682 1073 761 1128 τὴν
787 1075 1021 1123 Βοιωτίαν,
1055 1088 1126 1115 και
1158 1073 1343 1126 πλησίον
1371 1074 1447 1125 τῆς
1476 1071 1697 1124 Καδμείας

303 1129 793 1184 καταστρατοπεδεύσας
830 1128 1031 1199 ἐπέστησε
1069 1128 1148 1171 τὸν
1185 1128 1331 1184 φόβον
1367 1145 1419 1184 τῃ
1457 1126 1580 1170 πόλει
1608 1129 1699 1168 τῶν

309 1190 532 1245 Θηβαίων.
591 1185 698 1231 καθ’
735 1185 787 1230 ὃν
822 1187 874 1243 δή
906 1187 1069 1241 χρόνον
1094 1184 1325 1255 Ἀθηναῖοι
1354 1183 1618 1252 πυθόμενοι
1618 1198 1698 1238 την

220 1241 276 1284 25
306 1246 367 1295 εἰς
391 1244 613 1288 Βοιωτίαν
632 1243 833 1315 πάροδον
862 1260 944 1287 του
974 1242 1200 1314 βασιλέως,
1227 1260 1302 1311 της
1329 1238 1700 1297 προϋπαρχούσης

306 1299 680 1357 καταφρονήσεως
707 1300 964 1371 ἀπέστησαν.
1014 1298 1041 1355 ἡ
1069 1317 1156 1369 γαρ
1181 1298 1335 1369 ὀξύτης
1359 1303 1439 1342 τοῦ
1462 1299 1698 1341 νεανίσκου
1749 1340 1754 1342 .

305 1415 502 1472 μεγάλως
521 1415 755 1472 ἐξέπληττε.
788 1415 940 1469 διόπερ
948 1413 1180 1469 Ἀθηναῖοι
1199 1413 1251 1457 τὰ
1266 1414 1344 1469 μὲν
1362 1411 1448 1455 ἀπὸ
1467 1429 1542 1468 της
1555 1427 1699 1467 χωρας

221 1477 275 1517 30
306 1474 580 1528 ἐψηφίσαντο
611 1474 927 1527 κατακομίζειν,
956 1474 1045 1514 τῶν
1071 1470 1115 1514 δε
1136 1476 1285 1526 τειχῶν
1312 1470 1391 1526 τὴν
1416 1469 1700 1539 ἐνδεχομένην

300 1529 549 1586 ἐπιμέλειαν
578 1535 815 1573 ποιεῖσθαι.
866 1529 974 1584 πρὸς
1006 1528 1052 1571 δὲ
1080 1527 1160 1571 τὸν
1184 1527 1486 1600 Ἀλέξανδρον
1497 1526 1698 1581 πρέσβεις

302 1587 634 1640 ἐξαπέστειλαν,
666 1586 890 1638 αξιοῦντες
921 1584 1186 1657 συγγνώμην
1215 1585 1338 1641 ἔχειν,
1371 1586 1406 1628 εἰ
1435 1600 1516 1640 την
1544 1599 1697 1654 ηγεμο-

301 1646 405 1688 νίαν
430 1644 488 1700 μὴ
506 1642 681 1713 ταχέως
716 1655 1032 1713 6vyxm90vcwv
1092 1643 1139 1686 έν
1179 1642 1225 1685 δὲ
1267 1648 1359 1693 τοῖς
1388 1641 1592 1710 πρέσβεσι
1624 1639 1699 1683 καὶ

303 1700 595 1773 Δημοσθένης
617 1701 886 1773 ἐκπεμφθεὶς
902 1697 955 1743 οὐ
978 1703 1171 1754 συνῆλθε
1188 1716 1293 1754 μετα
1312 1703 1400 1743 τῶν
1422 1697 1567 1740 ἄλλων
1586 1713 1699 1750 προς

218 1759 273 1802 35
303 1758 383 1801 τόν
406 1756 708 1830 Ἀλέξανδρον,
738 1755 836 1801 αλλ’
869 1757 916 1801 ἐκ
946 1759 1028 1799 τοῦ
1048 1759 1333 1810 Κιθαιρῶνος
1363 1753 1611 1810 ἄνέκαμψεν
1639 1755 1699 1804 εἰς

304 1832 384 1866 τας
415 1813 619 1869 Ἀθήνας,
666 1817 748 1858 ε’ίτε
790 1815 862 1858 διὰ
900 1831 954 1857 τα
983 1814 1327 1867 πεπολιτευμένα
1356 1812 1464 1856 κατὰ
1494 1810 1698 1854 Μακεδό

302 1888 396 1915 νων
426 1873 644 1941 φοβηθεὶς
673 1874 756 1915 εἴτε
788 1869 1061 1926 βουλόμενος
1100 1875 1162 1929 τῷ
1193 1875 1361 1926 βασιλεῖ
1389 1885 1480 1913 των
1511 1872 1699 1938 Περσῶν

305 1928 531 1999 α’μεμπτον
560 1927 702 1973 αὑτὸν
733 1927 1059 1984 διαφυλαττειν.
1118 1916 1257 1971 πολλὰ
1284 1945 1368 1983 γαρ
1398 1925 1594 1982 χρήματα
1616 1943 1697 1996 φα-
1710 1932 1775 1967 163

221 1987 276 2032 40
307 1998 378 2030 σιν
410 1984 551 2030 αυτόν
574 1985 803 2044 εἰληφέναι
817 2003 940 2039 παρα
961 1988 1161 2039 Περσων,
1194 1987 1267 2028 ι’να
1288 1983 1566 2038 πολιτεύηται
1584 1999 1694 2026 κατα

301 2044 608 2088 Μακεδόνων·
638 2044 738 2098 περὶ
768 2045 831 2087 ὠν
850 2043 922 2086 καὶ
941 2043 1020 2086 τὸν
1041 2043 1251 2112 Αἰσχίνην
1271 2042 1407 2097 φασὶν
1428 2039 1697 2093 ὀνειδίζοντα

301 2104 365 2159 τῷ
394 2100 677 2171 Δημοσθένει
706 2117 817 2144 κατα
845 2117 945 2143 τινα
974 2099 1106 2155 λόγον
1135 2098 1214 2155 τὴν
1244 2100 1516 2170 δωροδοκίαν
1547 2100 1697 2150 εἰπεῖν,
1724 2148 1729 2151 7

304 2161 412 2202 Νῦν
444 2156 595 2214 μέντοι
622 2157 702 2215 τὴν
736 2157 939 2214 δαπάνην
967 2157 1245 2202 έπικέκλυκεν
1275 2155 1415 2200 αὐτοῦ
1444 2154 1492 2198 τὸ
1524 2158 1696 2212 βασιλι-

301 2317 360 2352 10.
409 2315 533 2365 αὐτῷ]
567 2315 688 2365 εαυτῷ
720 2318 771 2362 L,
812 2319 904 2353 unde
936 2316 1038 2364 αὐτῷ
1062 2316 1316 2362 ῑνοεεοίἰηςίιιε
1505 2316 1563 2350 11.
1611 2314 1698 2356 τοῦς

303 2366 589 2409 συνορίζοντας]
630 2365 753 2409 scripsi
777 2364 824 2400 τοὶ
861 2367 1122 2421 συνορίζοντα,
1158 2369 1196 2398 ut
1228 2369 1278 2398 est
1308 2375 1342 2407 p.
1368 2363 1447 2397 219.
1472 2362 1539 2397 9.
1532 2362 1610 2397 ²35.
1636 2363 1695 2396 72.

302 2410 1042 2470 25877.12.προαγαγόμενος]
1076 2410 1160 2445 libri
1184 2423 1319 2455 προςα)
1319 2409 1511 2455 αγόιιενος

303 2457 362 2490 11.
418 2455 556 2493 ε’πεισεν
590 2455 710 2504 ἑαυτῷ
739 2459 788 2500 F,
833 2459 960 2493 caeteri
984 2457 1101 2493 ἔπεισε
1293 2458 1349 2491 17.
1397 2456 1538 2511 βραχύ]
1571 2457 1702 2502 βραχεῖ’

303 2502 335 2537 F
539 2504 597 2537 22
630 2493 1088 2561 καταστρατοπεδεύσας]
1123 2502 1630 2546 καταστρατοπεδευσάμενος
1664 2503 1696 2536 X

492 2549 549 2583 23.
598 2549 663 2586 τὸν
696 2552 819 2596 φόβον
852 2565 896 2598 τῃ
927 2551 1051 2595 πόλει]
1090 2551 1136 2596 τῇ
1158 2548 1261 2586 πόλει
1285 2548 1349 2585 τόν
1374 2548 1498 2596 φόβον
1524 2550 1605 2583 Bas.

401 2594 458 2629 30.
508 2596 577 2641 τὴν
600 2596 714 2642 ἐνδεχ.
741 2589 969 2643 ἐπιμέλειαν]
1003 2597 1208 2640 ἐπιμέλειαν
1233 2611 1300 2640 την
1325 2596 1438 2641 ἐνδεχ.
1464 2596 1525 2630 FL

308 2640 367 2675 31.
423 2639 592 2688 πρέσβεις
627 2643 904 2702 ἐξαπέστειλαν]
949 2644 1113 2689 ἔπεμπον
1143 2645 1338 2689 πρεσβείαν
1378 2645 1408 2676 F
1636 2640 1695 2696 32.

309 2687 362 2731 εἰ]
398 2688 451 2727 &lg
472 2689 504 2721 F
699 2691 758 2725 31.
804 2689 924 2737 πρὸς]
949 2692 1000 2734 εἰς
1023 2692 1052 2727 1.
1235 2690 1292 2727 35.
1343 2688 1578 2734 ἅνέκαμψεν]
1613 2686 1696 2723 οἰνέ-

304 2746 470 2779 καμπτεν
494 2735 526 2768 F

399 2780 480 2815 163.
512 2780 571 2815 39.
619 2779 738 2818 αὐτὸν
762 2794 832 2819 om.
856 2784 888 2819 F
1072 2782 1132 2818 43.
1178 2780 1430 2827 ἐπικέκλυκεν]
1463 2779 1695 2826 ἐπικεκληκεν

305 2825 390 2862 Bas.
399 2854 409 2872 ,
439 2827 569 2863 omisso
592 2826 716 2866 αὐτοῦ
