1820 3249
527 191 636 232 mn.
666 188 775 230 XIX.
834 189 1063 233 CAR-'78
1092 190 1526 233 761419

259 303 375 358 ’Ἀμα
409 302 455 347 δὲ
483 300 654 352 τούτοις
682 301 1008 373 πραττομένοις
1031 304 1296 356 Κερκυραῖοι
1323 316 1401 355 μεν
1430 303 1529 356 βοη-
1557 306 1614 344 78

159 360 372 416 θήσαντες
397 358 753 409 Ἀπολλωνιάταις
781 359 853 401 καὶ
884 364 974 409 τοῖς
998 357 1292 429 Ἐπιδαμνίοις
1320 356 1424 407 τούς
1453 357 1532 411 μὲν
1561 360 1616 402 35

162 417 439 471 στρατιώτας
463 414 758 469 Κασσάνδρου
793 414 1104 466 ὑποσπόνδους
1133 415 1335 486 ἀφῆκαν,
1362 417 1450 456 τῶν
1489 414 1535 456 δὲ

158 475 342 517 πόλεων
369 472 663 516 Ἀπολλωνίαν
700 471 778 526 μὲν
817 471 1147 527 ἠλευθέρωσαν,
1189 471 1451 525 Ἐπίδαμνον
1490 470 1535 512 δὲ

160 533 355 588 Γλαυκίᾳ
394 544 453 586 τῳ
491 534 580 572 τῶν
617 529 840 580 Ἰλλυριῶν
880 533 1048 585 βασιλεῖ
1090 529 1361 583 παρέδωκαν
1436 526 1459 570 ὁ
1491 525 1533 568 6'

155 575 404 642 Ἀντιγόνου
443 586 680 640 στρατηγὸς
715 589 984 641 Πτολεμαῖος
1021 585 1314 655 χωρισθέντος
1344 586 1403 635 εἰς
1432 587 1537 625 ,Μα-

157 646 362 687 κεδονίαν
402 643 697 697 Κασσάνδρου
736 643 1114 698 καταπληξάμενος
1150 659 1253 692 τους
1285 644 1537 696 φρουροῦν-
1568 635 1622 677 40

158 717 236 750 τας
265 699 346 770 τήν
377 701 569 743 Χαλκίδα
609 698 823 755 παρέλαβε
852 700 929 751 τὴν
959 699 1110 747 πόλιν,
1150 699 1223 741 καὶ
1252 699 1356 749 τοὺς
1385 701 1539 740 Χαλκι

166 758 254 825 δεῖς
291 755 461 828 ἀφῆκεν
499 755 830 828 ἀφρουρήτους,
871 756 972 807 ὥςτε
1004 756 1207 812 γενέσθαι
1245 753 1441 825 φανερὸν
1483 752 1540 803 ὠς

164 813 274 866 πρὸς
313 813 524 885 ἀλήθειαν
561 812 817 882 ἩΑντιγονος
854 813 1114 867 ἐλευθεροῦν
1152 827 1399 868 προῃρηται
1438 809 1541 860 τοὺς

85 875 152 909 380
153 868 388 925 ’Έλληνας-
423 870 645 925 ἐπίκαιρος
673 886 757 924 γαρ
790 868 817 926 ἡ
859 869 983 921 πόλις
1014 869 1102 913 ἐστὶ
1131 875 1222 920 τοῖς
1254 867 1541 938 βουλομένοις

163 927 273 981 ε’χειν
303 926 569 982 ὁρμητήριον
601 929 875 982 διαπολεμεῖν
903 927 1001 980 περὶ
1032 930 1121 970 τῶν
1152 925 1276 968 ὅλων.
1323 922 1346 967 ὁ
1376 923 1424 968 δ’
1456 925 1539 966 οὐν
1571 912 1624 955 45

165 986 435 1038 Πτολεμαῖος
455 983 799 1038 ἐκπολιορκήσας
824 982 1026 1037 ῼρωπὸν
1051 982 1274 1052 παρέδωκε
1293 987 1384 1032 τοῖς
1406 984 1541 1023 Βοιω-

162 1044 267 1092 τοῖς,
291 1040 365 1083 καὶ
393 1039 497 1091 τούς
521 1040 815 1109 Κασσάνδρου
846 1040 1111 1094 στρατιώτας
1138 1038 1418 1093 ὑποχειρίους
1445 1037 1540 1080 ἔλα-

162 1099 224 1152 βε.
282 1094 386 1151 μετὰ
424 1095 471 1139 δὲ
508 1100 646 1139 ταῦτα
682 1094 903 1150 Ἐρετριεῖς
938 1097 1010 1139 καὶ
1051 1098 1342 1165 Καρυστίους
1371 1097 1432 1145 εἰς
1461 1094 1541 1149 τὴν

163 1153 413 1209 συμμαχίαν
441 1150 792 1223 προςλαβόμενος
823 1152 1103 1206 ἐστράτευσεν
1141 1155 1198 1202 εἰς
1227 1151 1307 1207 τὴν
1329 1150 1544 1221 Ἀττικήν,
1571 1152 1626 1193 50

164 1210 419 1281 Δημητρίου
447 1213 528 1253 τοῦ
556 1209 789 1265 Φαληρέως
818 1208 1152 1259 ἐπιστατοῦντος
1179 1212 1254 1263 τῆς
1283 1207 1456 1258 πόλεως
1498 1209 1544 1250 oz

165 1265 210 1306 6³
238 1265 464 1322 Ἀθηναῖοι
505 1266 555 1309 τὸ
597 1283 675 1322 μεν
706 1282 882 1317 πρωτον
919 1264 1065 1323 λάθρα
1104 1265 1390 1316 διεπέμποντο
1429 1263 1542 1318 πρὸς

159 1320 435 1379 Ἀντίγονον,
473 1321 694 1374 ἀξιοῦντες
722 1322 1015 1377 ἐλευθερῶσαι
1052 1321 1131 1378 τὴν
1169 1320 1324 1365 πόλιν·
1362 1319 1455 1364 τότε
1496 1321 1542 1364 δὲ

167 1383 249 1423 τοῦ
293 1381 587 1450 Πτολεμαίου
607 1380 984 1434 παραγενηθέντος
1021 1380 1208 1450 πλησίον
1245 1380 1319 1447 τῆς
1359 1376 1541 1428 πόλεως,

169 1436 474 1492 θαῤῥήσαντες
503 1434 758 1506 ἠνάγκασαν
786 1435 865 1478 τὸν
892 1435 1145 1504 Δημήτριον
1175 1433 1337 1488 ἀνοχὰς
1367 1433 1545 1490 ποιήσα-
1577 1427 1631 1470 55

171 1498 278 1536 σθαι
314 1493 388 1536 καὶ
426 1495 657 1563 πρεσβείας
704 1492 983 1535 ἀποστέλλειν
1021 1491 1132 1544 πρὸς
1164 1491 1415 1561 Ἀντίγονον
1450 1491 1549 1544 περὶ

170 1551 427 1604 συμμαχίας.
486 1548 510 1592 ὁ
542 1549 587 1592 δε
619 1553 890 1604 Πτολεμαῖος
919 1547 1153 1608 ἀναζεύξας
1182 1548 1228 1591 ἐκ
1257 1550 1348 1617 τῆς
1356 1545 1550 1602 Ἀττικῆς

172 1608 231 1657 εἰς
259 1605 339 1660 τὴν
370 1607 588 1649 Βοιωτίαν
628 1606 708 1676 τήν
745 1621 789 1649 τε
823 1607 1048 1661 Καδμείαν
1085 1602 1166 1648 εἷλε
1196 1604 1269 1647 καὶ
1298 1620 1378 1659 την
1409 1619 1550 1659 φρου-

174 1663 258 1717 ρὰν
291 1662 491 1717 ἐκβαλών
530 1661 803 1718 ἠλευθέρωσε
842 1680 919 1714 τας
959 1662 1116 1719 Θήβας.
1187 1661 1291 1718 μετὰ
1331 1660 1377 1703 δε
1414 1665 1549 1703 ταῦτα

172 1720 404 1772 πορευθεὶς
457 1721 515 1770 εἷς
564 1719 645 1790 τὴν
702 1721 907 1770 Φωκίδα,
959 1736 1038 1770 τας
1083 1720 1161 1774 μὲν
1225 1718 1401 1768 πλείους
1462 1732 1552 1759 των
1581 1717 1634 1756 60

174 1776 346 1820 πόλεων
386 1775 769 1846 προςαγαγόμενος
807 1775 974 1831 ἐξέβαλε
1012 1774 1287 1831 πανταχόθεν
1321 1774 1394 1825 τὰς
1438 1776 1551 1816 Κασ-

177 1831 370 1886 σάνδρου
402 1832 628 1901 φρουροῖς·
659 1833 818 1886 ἐπῆλθε
851 1833 896 1876 δὲ
925 1833 998 1876 καὶ
1027 1832 1106 1903 τὴν
1134 1832 1332 1886 Λοκρίδα
1361 1830 1435 1874 καὶ
1463 1834 1551 1873 τῶν

173 1889 445 1932 Ὀπουντίων
485 1890 538 1932 τὰ
576 1889 874 1943 Κασσάνδρου
915 1889 1206 1944 φρονούντων
1258 1887 1550 1945 συνεστήσατο

177 1948 442 1998 πολιορκίαν
465 1946 539 1989 καὶ
569 1951 758 1999 συνεχεῖς
785 1945 1029 2001 προςβολας
1059 1946 1258 1990 ἐποιεῖτο.
1611 1980 1621 2004 ι

301 2007 387 2059 Τῆς
425 2000 466 2045 δ’
507 2001 655 2057 αὐτῆς
677 2004 852 2058 θερείας
891 2006 1138 2058 Κυρηναῖοι
1175 2019 1252 2057 μεν
1293 1999 1554 2051 ἀποστάντες
1581 1979 1638 2017 7²,

183 2060 459 2130 Πτολεμαίου
487 2058 566 2114 τὴν
596 2058 735 2113 ἄκραν
764 2060 1280 2115 περιεστρατοπέδευσαν,
1313 2057 1369 2108 ὡς
1399 2056 1554 2101 αὐτίκα
1584 2034 1636 2076 65

182 2115 296 2172 μάλα
344 2115 425 2171 τὴν
474 2133 676 2188 φρουραν
723 2116 1020 2172 ἐκβαλοῦντες,
1093 2115 1462 2185 παραγενομένων
1508 2114 1555 2157 δὲ

183 2175 460 2228 πρεσβευτων
501 2173 547 2216 ἐκ
579 2177 655 2228 τῆς
691 2171 1028 2228 Ἀλεξανδρείας,
1065 2175 1139 2217 καὶ
1181 2170 1555 2242 παρακαλούντων

185 2229 440 2273 παύσασθαι
491 2247 567 2285 της
613 2232 884 2285 φιλοτιμίας,
918 2229 1105 2280 τούτους
1155 2247 1244 2300 μεν
1281 2227 1556 2279 ἀπέκτειναν,

185 2303 264 2342 την
293 2286 339 2331 δὲ
367 2286 508 2342 ἄκραν
537 2286 840 2343 ἐνεργέστερον
869 2286 1171 2342 ἐπολιόρκουν.
1227 2285 1302 2342 ἐφ’
1333 2288 1399 2336 οἱς
1424 2301 1557 2340 παρο-
1585 2287 1639 2326 70

187 2456 243 2489 33.
278 2458 531 2499 Κερκυραῖοι]
568 2459 802 2513 Κορκυραῖοι
827 2458 860 2492 Υ
1043 2455 1102 2493 35.
1137 2454 1361 2501 στρατιώτας
1385 2453 1560 2492 Κασσάν-

189 2503 212 2536 δ
215 2503 296 2546 ρου]
320 2502 460 2536 invertit
481 2503 512 2536 F
691 2503 749 2537 42.
774 2500 843 2546 ως]
867 2499 925 2538 ότι
947 2503 994 2537 W

231 2580 234 2583 Α
282 2548 362 2582 380.
409 2548 465 2582 45.
490 2551 719 2591 Πτολεμαῖος
742 2549 954 2584 Palmerius:
977 2548 1059 2583 libri
1085 2547 1262 2592 Πολέμων
1417 2548 1474 2583 60.
1496 2547 1562 2588 τὰς

192 2594 237 2637 F,
260 2591 306 2629 τοὶ
327 2594 387 2637 W,
410 2594 536 2628 caeteri
559 2596 620 2630 καὶ
642 2595 709 2636 τοὶς
821 2596 983 2638 πλείους]
1011 2595 1122 2629 πλείω
1147 2595 1226 2628 Bas
1334 2593 1562 2640 προςαγαγό-

191 2642 323 2694 μενος]
354 2639 626 2684 προςαγόμενος
656 2653 775 2676 omnes
957 2642 1013 2675 (53.
1047 2638 1319 2685 Κασσάνδρου]
1344 2642 1437 2686 πρός
1464 2643 1562 2675 Κασ-

194 2685 357 2730 σάνδρου
392 2687 534 2731 FQVW
724 2689 782 2723 62.
820 2687 920 2731 ταῖν]
959 2687 1026 2732 τήν
1060 2700 1135 2722 των
1163 2688 1246 2722 Bas.
1427 2687 1483 2721 63.
1516 2685 1562 2720 τὰ

196 2731 442 2777 Κασσάνδρου
469 2730 736 2778 φρονούντων]
765 2732 1013 2781 Κασσάνδρου
1046 2731 1220 2780 φρουράν
1242 2730 1400 2777 ἐχόντων
1423 2733 1564 2776 1⁴*va

397 2779 454 2813 65.
495 2779 669 2824 θερείας]
709 2782 848 2827 θηρίοις
892 2781 924 2816 F
1018 2821 1021 2824 ι
1146 2779 1204 2814 69.
1246 2780 1459 2826 φιλοτιμίας
1499 2779 1563 2813 'lY

193 2825 275 2860 Bas.
288 2851 300 2869 ,
322 2825 451 2861 caeteri
478 2826 696 2873 πολιορκίας
