1820 3249
287 135 398 176 1344
662 132 778 174 LIB.
806 127 915 176 XIX.
974 135 1177 179 (mum).
1209 140 1274 180 10.

289 245 426 291 αὐτὸν
453 244 734 302 συνάρχοντα
757 245 892 302 λόγον
921 244 1182 292 ἀποδιδόναι
1209 248 1318 292 κατὰ
1347 264 1452 312 τους
1462 247 1660 307 νόμους.

205 313 260 352 70
292 303 668 376 συγχωρήσαντος
694 303 754 346 δὲ
775 308 861 347 τοῦ
877 305 1106 374 πλήθους
1121 311 1386 361 μοναρχεῖν,
1416 309 1554 356 οὑτος
1584 307 1662 361 μὲν

288 361 603 430 ἐχειροτονήθη
632 361 869 416 στρατηγὸς
899 359 1195 417 αὐτοκράτωρ,
1224 364 1298 405 καὶ
1326 362 1380 405 τὰ
1405 363 1559 405 λοιπὸν
1581 379 1662 431 φα-

287 423 425 469 νερώς
468 417 727 460 εδυνοῖστευε
763 418 840 460 καὶ
871 435 946 473 της
982 419 1149 468 πόλεως
1191 419 1449 488 ἐπιμέλειαν
1454 418 1662 462 ἐποιεῖτο.

285 479 374 517 τῶν
417 471 459 516 δ’
501 473 721 528 ἀκεραίων
759 477 1055 544 Συρακοσίων
1095 477 1154 517 οἱ
1175 475 1254 530 μὲν
1296 475 1368 518 δια
1406 473 1484 519 τὸν
1505 474 1664 544 φόβον

203 537 257 577 75
287 530 586 586 ήναῐγκαζοντο
617 536 855 584 καρτερεῖν,
887 533 931 574 οἱ
951 528 994 573 6'
1014 530 1102 573 ’ὑπὸ
1121 537 1201 574 τοῦ
1220 531 1422 588 πλήθους
1441 530 1667 587 κατισχυό-

266 604 412 642 μενοι
443 588 523 641 τὴν
552 587 716 642 ἔχθραν
747 589 806 636 εἰς
841 586 970 630 κενὸν
1005 586 1086 629 οὐκ
1116 588 1307 655 ἐτόλμων
1336 589 1662 632 ενδείκνυσθαι·

285 644 439 687 πολλοὶ
477 644 541 687 δὲ
553 645 626 687 καὶ
664 648 751 687 τῶν
781 642 963 697 α’πόρων
994 644 1066 685 καὶ
1097 656 1346 713 καταχρεων
1376 645 1557 699 α’σμενοι
1585 661 1667 700 την

286 700 530 756 μεταβολὴν
570 700 908 752 προςεδέξαντο.
964 698 1240 754 ἐπηγγέλλετο
1278 718 1363 757 γαρ
1402 701 1667 770 Ἀγαθοκλῆς

286 758 397 800 κατα
438 757 541 811 τὴν
561 758 792 823 ἐκκλησίαν
830 755 903 799 καὶ
950 760 1090 810 χρεῶν
1130 755 1357 808 ἀποκοπας
1397 757 1666 825 ποιήσεσθαι

202 821 257 860 80
286 830 374 857 και
399 819 492 863 τοῖς
529 815 704 882 πένησι
731 811 878 867 χώραν
912 811 1208 883 δωρήσεσθαι.
1276 813 1365 856 ἀπὸ
1402 816 1448 857 δὲ
1495 814 1666 858 τούτων

287 869 523 926 γενόμενος
548 874 628 911 τοῦ
659 869 737 938 μὲν
768 870 830 911 ἔτι
859 868 1066 923 φονεύειν
1085 865 1115 924 ἦ
1136 868 1335 923 κολαζειν
1351 870 1473 921 τινας
1491 869 1665 941 ἀπέστη,

287 922 635 995 μεταβαλόμενος
674 924 721 968 δ’
752 927 812 976 εἰς
840 924 1100 968 τούναντίον
1112 924 1417 996 εὐγνωμόνως
1444 932 1537 977 τοῖς
1564 927 1670 998 πλή-

287 989 387 1026 θεσι
416 981 719 1053 προςεφέρετο,
750 982 839 1025 καὶ
852 981 1045 1032 πολλοὺς
1077 982 1157 1038 μὲν
1186 982 1438 1052 εὐεργετῶν,
1470 983 1553 1027 οὐκ
1581 982 1668 1028 ὀλί

287 1056 395 1094 γους
436 1037 478 1082 δ’
513 1039 783 1093 ἐπαγγελίαις
812 1041 1108 1111 μετεωρίζων,
1150 1055 1316 1090 παντας
1345 1041 1392 1084 δὲ
1421 1039 1569 1095 λόγοις
1599 1057 1668 1096 φι-

205 1100 259 1142 85
290 1094 573 1149 λανθριόποις
593 1100 798 1151 δημαγωγ
801 1112 877 1147 ων,
910 1095 964 1139 06
987 1097 1159 1150 μετρίας
1186 1095 1439 1164 αποδοχῆς’
1423 1097 1667 1166 ετύγχανεν.

288 1153 396 1208 ε’χων
437 1153 482 1194 δὲ
521 1152 785 1213 τηλικαύτην
816 1153 1077 1196 δυναστείαν
1108 1152 1208 1196 οὔτε
1238 1152 1429 1208 διάδημα
1459 1152 1669 1223 ἀνέλαβεν

289 1209 390 1252 οὔτε
421 1208 707 1277 δορυφόρους
724 1224 834 1263 ειχεν
858 1209 958 1251 οὔτε
979 1211 1277 1261 δυςεντευξίαν
1300 1209 1525 1281 ἐζήλωσεν,
1555 1210 1665 1264 ἅπερ

272 1265 473 1309 εἰωθασι
502 1271 646 1308 ποιεῖν
676 1265 829 1320 σχεδὸν
860 1265 1046 1315 α’παντες
1075 1267 1119 1307 οῖ
1145 1265 1369 1320 τύραννοι.
1429 1266 1667 1324 επεμελήθη

203 1330 258 1369 90
290 1322 335 1366 δε
366 1324 438 1365 καὶ
458 1339 547 1365 των
565 1322 793 1376 προςόδων
822 1323 896 1365 καὶ
925 1338 1019 1376 της
1028 1339 1117 1365 των
1147 1323 1296 1365 ὅπλων
1321 1321 1394 1366 και
1423 1325 1563 1378 βελῶν
1591 1339 1668 1366 πα-

287 1383 513 1449 ρασκευης
544 1379 604 1421 ε’τι
635 1378 680 1421 δὲ
709 1377 818 1431 πρὸς
848 1382 941 1428 ταῖς
968 1377 1274 1433 ὑπαρχούσαις
1294 1385 1482 1435 μακραῖς
1506 1381 1668 1423 ναυσὶν

287 1436 435 1488 ετέρας
476 1434 821 1507 ἐναυπηγήσατο.
875 1435 1165 1504 προςελαβετο
1203 1436 1249 1479 δὲ
1291 1437 1391 1479 καὶ
1400 1453 1491 1479 των
1527 1436 1575 1479 ἐν
1610 1440 1668 1506 τῇ

285 1492 493 1560 μεσογείῳ
523 1495 696 1547 χωρίων
725 1493 799 1534 καὶ
827 1490 1018 1534 πόλεων·
1028 1491 1106 1542 τοὶς
1134 1494 1345 1544 πλείστας.
1402 1493 1478 1537 καὶ
1506 1492 1560 1537 τά
1587 1493 1668 1550 μὲν

203 1584 257 1622 10
285 1566 396 1592 κατα
425 1550 505 1603 τὴν
512 1547 1018 1648 ΣδέικελίανΙενλτοότῗξς
1042 1551 1115 1605 ην.
1282 1605 1304 1648 ἓ

681 1622 706 1646 ν

200 1638 256 1679 95
287 1604 741 1730 διεπιῖλέιιῖζυνὲπτρηός
746 1605 1252 1730 Στὲμΐίξαςῗῖιῗιξοζιοῗιτῗ
1271 1605 1668 1719 μὲιιΐιῖιῗονὺςῖἒιυὲιῗπτῖὶὸοΊῖ

287 1725 396 1787 σθεν
433 1718 621 1773 χρόνους
661 1718 866 1774 μεγαλαις
903 1716 1141 1773 δυνάμεσιν
1177 1720 1292 1787 ησαν
1320 1720 1667 1790 διηγωνισμένοι,

285 1776 382 1819 τότε
413 1777 460 1819 δὲ
490 1777 549 1825 εἰς
578 1776 654 1826 τὰς
682 1777 891 1830 πολεμίας
922 1776 1117 1829 εἰςβολας
1145 1775 1402 1829 ποιούμενοι
1425 1775 1568 1832 χώρας
1598 1777 1669 1832 μέ-

177 1841 258 1880 100
287 1849 344 1887 γα
374 1849 452 1887 μεν
474 1832 612 1876 οὐδεν
642 1831 744 1875 οὐδὲ
774 1831 944 1888 μνήμης
974 1831 1098 1883 ἄξιον
1117 1832 1415 1885 διεπράξαντο,
1446 1834 1667 1877 διετέλουν

284 1889 332 1932 δὲ
360 1894 453 1939 τοῖς
483 1905 527 1931 τε
559 1891 795 1944 φρουρίοις
823 1888 1069 1943 προςβολας
1099 1890 1356 1961 ποιούμενοι
1386 1890 1460 1933 καὶ
1482 1906 1563 1945 την
1587 1889 1667 1946 χιό·

285 1961 371 2001 ραν
400 1950 718 2001 λεηλατουντες.
779 1944 1058 2015 επόρθησαν
1070 1947 1114 1989 δε
1143 1947 1216 1989 καὶ
1236 1950 1312 2001 τῆς
1336 1945 1570 1996 Ἀπουλίας
1586 1963 1668 2002 την

283 2005 488 2046 Δαυνίαν
516 2014 676 2057 πασαν,
703 2002 778 2046 καὶ
807 2001 1184 2059 προςαγαγόμενοι
1202 2001 1493 2054 Κανυσίους’
1470 2003 1666 2060 ομήρους

282 2138 341 2172 71.
399 2135 639 2181 ἐδυναστευε]
686 2131 927 2173 ἐδυνάστευσε
956 2137 989 2171 F
1189 2138 1246 2172 73.
1305 2137 1551 2194 Συρακοσίων
1581 2138 1666 2172 Bas.

467 2185 524 2218 74
575 2184 615 2219 δ’
644 2183 672 2216 F
809 2186 811 2188 ’
855 2183 912 2218 79.
959 2180 1187 2227 ποιήσεσθαι
1209 2203 1256 2210 -
1280 2183 1518 2230 δωρήσεσθαι
1540 2185 1584 2226 F,
1607 2196 1666 2218 su-

279 2241 347 2274 pra
369 2231 495 2275 scripto
520 2231 573 2264 bis
598 2243 638 2264 oc:
664 2234 698 2264 et
722 2228 958 2274 δωρήσεσθαι
982 2231 1088 2264 etiam
1110 2232 1191 2265 Bas.
1186 2255 1218 2272 .‚
1244 2233 1335 2274 quod
1355 2199 1585 2274 ἔτοιήσεσθαι
1607 2241 1665 2263 re-

281 2278 420 2321 quirere
450 2277 585 2311 monuit
620 2277 704 2310 WWse
708 2277 890 2321 selingius:
933 2276 1062 2310 caeteri
1094 2276 1326 2321 ποιήσασθαι
1349 2297 1393 2303 --
1419 2276 1665 2331 δωρήσασθαι

467 2324 525 2359 82.
572 2326 648 2364 τοῖς
672 2320 828 2367 πλήθεσι
851 2323 1123 2371 προςεφέρετο]
1154 2324 1399 2369 προςεφέρετο
1423 2327 1502 2364 τοῖς
1525 2321 1665 2368 πλήθε-

965 2380 992 2404 α

279 2425 317 2450 σι
339 2415 371 2449 F
556 2414 612 2450 85.
660 2415 830 2459 μετρίας]
855 2420 1011 2460 μετρίως
1035 2415 1066 2449 F
1249 2416 1306 2450 86.
1356 2412 1554 2473 οὲνέλαβεν]
1585 2413 1664 2450 ἕλα-

278 2463 343 2505 βεν
367 2463 450 2496 Bas.
638 2461 694 2495 SS-
743 2462 922 2496 εἰωθασιν
948 2462 983 2497 οὶ
1006 2461 1186 2503 τύραννοι
1211 2459 1339 2517 σχεδόν
1364 2460 1523 2503 ἅπαντες
1541 2465 1663 2497 ποιεῖν

276 2508 309 2542 F
492 2506 548 2542 91.
594 2508 837 2567 προςελάβετο
861 2510 955 2550 Bas„
980 2508 1108 2542 caeteri
1131 2507 1420 2557 προςεπελάβετο
1605 2508 1663 2542 93.

279 2551 349 2598 τὴν
374 2565 442 2588 om.
449 2554 497 2588 F
696 2554 752 2588 95.
801 2553 952 2597 ε’νατον]
989 2553 1142 2590 ε’ννατον
1166 2567 1285 2591 omnes
1482 2553 1539 2589 96.
1586 2551 1662 2598 ἤδη

269 2611 350 2633 >om-
380 2601 461 2633 Bas.
662 2601 870 2655 Σαμνίτας]
917 2601 1106 2641 Σαυνίτας
1139 2602 1204 2634 FT
1388 2600 1444 2636 97.
1493 2602 1554 2645 διη
1532 2613 1665 2645 ηγωνι-

282 2645 432 2689 σμένοι]
474 2645 780 2691 διαγωνισάμενοι
804 2648 872 2688 W,
907 2646 1190 2701 διαγωνισμένοι
1215 2648 1243 2681 V
1436 2646 1492 2681 99.
1539 2646 1663 2691 χώρας

282 2704 352 2725 om.
375 2694 461 2734 ΤΧ,
486 2694 648 2727 asterisco
671 2693 805 2727 notavit
829 2694 1046 2749 Stephanun,
1077 2691 1200 2738 χώρας
1224 2712 1269 2719 -
1293 2693 1326 2727 l.
1350 2692 1569 2739 ποιούμενοι
1592 2703 1662 2728 om.

281 2739 381 2772 Bas:
406 2739 625 2772 scribendum
648 2740 784 2774 xidetur
806 2738 874 2785 τήν
899 2741 1090 2786 πολεμίαν,
1113 2741 1224 2776 deleto
1246 2752 1370 2786 χωρας
1516 2740 1550 2774 3.
1582 2740 1662 2774 Ka-

282 2786 457 2829 νυσίους]
492 2787 727 2828 Κανουσίονς
750 2787 827 2821 WW
913 2796 915 2800 ·
