1820 3249
490 180 750 223 LIB.XV1.
810 180 943 224 GAP.
978 183 1017 223 2
1046 184 1471 226 &1043

101 298 277 351 λεμαῖος
313 293 338 337 6
374 292 601 361 Ἀλωρίτης
642 289 946 348 δολοφονήσας
982 290 1198 347 παρέλαβε
1236 294 1316 350 τήν
1353 298 1472 350 βασι-

103 354 246 394 λείαν·
274 351 348 395 καὶ
374 353 536 392 τοῦτον
569 348 732 404 ὁμοίως
763 350 1007 417 Περδίκκας
1035 347 1348 403 ἐπανελόμενος
1375 351 1469 419 ἐβα-
1498 358 1553 398 75

103 410 279 451 σίλευσε.
333 406 494 449 τούτου
532 406 578 448 δὲ
616 403 853 461 παρατάξει
889 403 1051 462 μεγάλῃ
1088 407 1342 460 λειφθέντος
1383 407 1469 451 ὐπὸ

99 463 318 517 Ἰλλυριῶν
345 463 419 506 καὶ
446 461 656 513 πεσόντος
685 462 750 505 ἐπὶ
781 465 856 517 τῆς
883 464 1039 517 χρείας,
1072 464 1286 513 Φίλιππος
1307 462 1329 505 ὁ
1353 462 1469 507 ἀδελ-

102 522 185 577 φὸς
223 519 404 573 διαδράς
445 519 492 562 ἐκ
528 523 604 576 τῆς
632 517 850 589 ὁμηρείας
884 519 1099 588 παρέλαβε
1136 517 1216 574 τήν
1246 521 1471 588 βασιλείαν

100 580 243 626 κακῶς
273 575 558 644 διακειμένην
617 573 832 632 άνῄρηντο
861 576 941 630 μὲν
968 574 1052 630 γάρ
1084 575 1131 618 ἐν
1159 579 1212 632 τῇ
1234 574 1470 630 παρατάξει
1498 584 1550 623 80

40 638 88 674 83
105 631 378 676 Μακεδόνων
414 634 591 682 πλείους
625 637 715 675 τῶν
751 634 1115 703 τετρακιςχιλίων,
1164 634 1206 675 οἱ
1243 632 1288 675 δὲ
1327 634 1474 676 λοιποὶ

98 689 498 759 καταπεπληγμένοι
535 687 615 740 τοὶς
640 692 728 732 τῶν
751 686 972 742 Ἰλλυριῶν
1002 687 1218 758 δυνάμεις
1235 691 1470 750 περίφοβοι

97 745 455 816 καθειστήκεισαν
483 746 557 789 καὶ
589 744 699 800 πρὸς
727 745 776 788 τὸ
814 747 1088 808 διαπολεμεῖν
1126 743 1310 800 ἀθύμως
1339 743 1469 802 εἶχον.

95 801 184 846 vato*
217 802 263 846 δὲ
290 801 367 846 τὸν
397 799 533 846 αὐτὸν
559 802 718 857 καιρόν
739 804 927 854 Παίονες
955 802 1034 857 μεν
1061 804 1245 857 πλησίον
1273 806 1348 858 τῆς
1367 806 1468 845 Ma-

96 861 294 910 κεδονίας
323 861 546 910 οἰκοῦντες
573 859 802 915 ἐπόρθουν
829 858 910 915 τὴν
938 858 1100 914 χώραν,
1130 863 1467 928 καταφρονοῦν-
1496 863 1549 904 85

95 933 165 967 τες
208 920 297 959 τῶν
339 917 638 968 Μακεδόνων,
695 916 896 970 Ἰλλυριοὶ
942 916 988 959 δὲ
1030 915 1217 971 μεγάλας
1262 914 1468 971 δυνάμεις

96 972 310 1030 ἤθροιζον
337 973 409 1016 καὶ
441 972 688 1027 στρατεύειν
717 975 776 1024 εἰς
797 972 876 1029 τὴν
895 974 1180 1016 Μακεδονίαν
1200 973 1468 1026 παρεσκευά-

97 1034 248 1083 ζοντο,
288 1032 544 1081 Παυσανίας
574 1030 619 1073 δέ
649 1046 714 1081 τις
741 1033 815 1085 τῆς
843 1033 1068 1086 βασιλικῆς
1097 1031 1345 1085 συγγενείας
1373 1047 1469 1073 κοι-

94 1090 253 1130 νωνῶν
276 1085 528 1154 ἐπεβάλλετο
553 1086 624 1130 διά
643 1091 724 1130 τοῦ
748 1089 935 1156 Θρᾳκῶν
955 1086 1199 1157 βασιλέως’
1182 1087 1250 1129 επὶ
1268 1102 1349 1143 την
1367 1090 1468 1129 Μα-

26 1176 30 1183 .
93 1141 326 1199 κεδονικήν
355 1145 576 1212 βασιλείαν
602 1142 819 1186 κατιέναι·
869 1142 1028 1199 ὁμοίως
1067 1143 1113 1186 δὲ
1140 1143 1212 1186 καὶ
1240 1141 1466 1214 Ἀθηναῖοι
1495 1146 1549 1187 90

93 1201 204 1254 πρὸς
247 1202 463 1243 Φίλιππον
493 1198 727 1254 ἀλλοτρίως
760 1200 929 1269 ε’χοντες
967 1203 1159 1268 κατῆγον
1187 1198 1254 1242 ἐπὶ
1282 1201 1362 1256 τήν
1391 1202 1466 1255 βα-

94 1258 259 1300 σιλείαν
284 1254 496 1311 Ἀργαῖον,
530 1257 604 1300 καὶ
613 1257 871 1327 στρατηγὸν
901 1254 1240 1299 ἀπεστάλκεισαν
1259 1258 1466 1299 Μαντίαν

94 1313 249 1384 ἔχοντα
287 1315 543 1370 τριςχιλίους
579 1313 659 1369 μὲν
702 1312 902 1366 ὁπλίτας,
943 1312 1154 1370 ναυτικὴν
1192 1312 1238 1356 δὲ
1277 1313 1466 1370 δύναμιν

94 1369 339 1425 ἀξιόλογον.
1494 1398 1523 1438 3

212 1429 266 1470 Οἱ
292 1427 338 1470 δὲ
367 1425 619 1477 Μακεδόνες
648 1425 720 1470 διά
749 1443 794 1469 τε
820 1443 901 1482 την
930 1425 978 1469 ἐν
1006 1428 1062 1483 τῇ
1089 1425 1204 1482 μάχῃ
1229 1425 1464 1496 συμφορὰν
1495 1454 1550 1496 95

95 1483 168 1527 καὶ
199 1484 269 1527 διὰ
299 1483 346 1526 τὸ
376 1483 559 1538 μέγεθος
587 1487 675 1525 τῶν
703 1481 1032 1553 ἐπιφερομένων
1055 1483 1312 1525 κινδύνων’
1296 1499 1342 1525 εν
1359 1481 1467 1525 άπο-

97 1542 170 1596 ρία
197 1544 250 1595 τῇ
278 1541 454 1595 μεγίστῃ
483 1538 852 1608 καθειστήκεισαν.
912 1538 1012 1582 ἀλλ’
1046 1538 1162 1592 ὅμως
1198 1540 1468 1608 τηλικούτων

96 1597 253 1664 φόβων
292 1596 366 1639 καὶ
400 1594 623 1639 κινδύνων
662 1595 917 1651 ἐφεστώτων
951 1595 974 1638 6
1006 1596 1221 1645 Φίλιππος
1261 1593 1315 1638 οὐ
1348 1612 1468 1639 κατε·

78 1652 236 1709 ,πλάγη
277 1652 327 1696 τὸ
363 1651 548 1707 μέγεθος
583 1656 672 1696 τῶν
708 1652 1081 1707 προςδοκωμὲνων
1126 1654 1305 1702 δεινῶν,
1356 1649 1464 1695 άλλα
1498 1652 1577 1692 1οΟ

93 1726 199 1761 τους
236 1709 503 1759 Μακεδόνας
538 1709 585 1752 ἐν
620 1709 840 1765 συνεχέσιν
880 1709 1125 1764 ἐκκλησίαις
1167 1708 1359 1776 συνέχων
1397 1708 1470 1751 καὶ

95 1770 149 1822 τῇ
175 1769 257 1809 τοῦ
285 1765 421 1836 λόγρυ
451 1763 664 1834 δεινότητι
692 1765 1044 1820 προτρεπόμενος
1062 1765 1130 1808 ἐπὶ
1156 1781 1237 1820 την
1265 1765 1470 1819 ἀνδρείαν

96 1823 327 1877 εὐθαρσεῖς
356 1822 552 1877 ἐποίησε·
598 1839 674 1872 τας
719 1823 765 1866 δὲ
806 1821 1115 1876 στρατιωτικὰς
1153 1821 1291 1873 τάξεις
1322 1822 1389 1864 ἐπι
1418 1838 1466 1866 το

95 1885 292 1949 κρεῖττον
321 1878 696 1934 διορθωσάμενος,
741 1879 814 1923 καὶ
843 1896 948 1930 τους
977 1878 1142 1932 ἄνδρας
1170 1882 1261 1928 τοῖς
1289 1882 1466 1931 πολεμι-

96 1941 192 1988 κοῖς
242 1935 394 1986 ὅπλοις
439 1935 625 1986 δεόντως
663 1934 926 2009 κοσμησας,
991 1939 1192 2002 συνεχεῖς
1227 1934 1467 1986 ἐξοπλισίας
1524 1933 1549 1975 5

95 1993 169 2037 καὶ
207 1994 450 2061 γυμνασίας
490 1993 750 2062 ἐναγωνίους
799 1994 996 2037 ἐποιεῖτο.
1068 1989 1271 2061 ἐπενόησε
1312 1991 1357 2034 δε
1392 1992 1466 2034 καὶ

94 2049 175 2107 τὴν
202 2053 278 2106 τῆς
290 2049 530 2118 φάλαγγος
558 2048 815 2120 πυκνότητα
838 2051 911 2093 καὶ
939 2047 1238 2116 κατασκευήν,
1275 2047 1465 2103 μιμησά-

94 2123 223 2163 μενος
252 2105 329 2150 τόν
359 2107 405 2150 ἐν
439 2108 574 2163 Τροία
603 2110 691 2149 τῶν
720 2105 881 2162 ἡρώων
910 2103 1247 2175 συνασπισμόν,
1255 2105 1329 2148 καὶ
1349 2108 1465 2158 πρῶ-

93 2180 168 2214 τος
198 2162 499 2233 συνεστήσατο
520 2179 601 2221 την
617 2163 929 2232 Μακεδονικήν
959 2161 1172 2218 φάλαγγα.
1232 2160 1278 2204 ἐν
1305 2161 1350 2204 δὲ
1371 2167 1466 2211 ταῖς
1499 2163 1549 2202 10

95 2218 280 2291 ὁμιλίαις
307 2237 525 2276 προςηνης
553 2236 632 2276 ην,
683 2221 756 2264 καὶ
787 2220 859 2264 διά
889 2236 933 2263 τε
960 2223 1046 2262 τῶν
1076 2221 1250 2272 δωρεῶν
1278 2218 1352 2260 καὶ
1381 2222 1470 2261 τῶν

94 2276 360 2333 ἐπαγγελιῶν
396 2279 454 2328 εἰς
490 2294 570 2332 την
599 2279 804 2334 μεγίστην
844 2277 1025 2321 εὔνοιαν
1056 2293 1110 2318 τα
1148 2273 1295 2330 πληθη
1332 2273 1468 2342 προή-

93 2349 203 2404 γετο.
261 2334 372 2405 πρός
407 2350 454 2377 τε
491 2334 540 2377 το“
579 2338 748 2390 πλῆθος
771 2338 860 2377 τῶν
890 2331 1218 2402 ἐπιφερομένων
1247 2331 1467 2374 κινδύνων

95 2388 308 2447 εὐστόχως
336 2389 670 2448 ἀντεμηχανᾶτο.
727 2394 912 2446 θεωρῶν
947 2389 1033 2445 γάρ
1073 2387 1178 2439 τούς
1205 2385 1468 2443 Ἀθηναίους

98 2546 156 2582 80.
203 2549 279 2584 τῶν
300 2561 368 2584 om.
393 2550 423 2583 F

190 2594 247 2629 83,
277 2595 335 2630 82.
381 2593 685 2653 καθειστήκεισαν
709 2593 770 2628 FY
793 2592 900 2637 Bas„
936 2591 1065 2627 caeteri
1088 2589 1379 2634 καθεστήκεισαν

191 2640 247 2675 86.
281 2641 455 2686 δυνάμεις
475 2640 668 2688 ἤθροιζον]
693 2640 834 2675 invertit
856 2639 885 2672 F
1045 2637 1102 2672 88.
1136 2636 1351 2696 ἐπεβάλλετο
1376 2637 1470 2678 Bas„

100 2686 228 2720 caeteri
251 2686 442 2734 ἐπεβάλετο
610 2688 667 2722 93.
714 2683 890 2721 ναυτικόν
911 2686 993 2720 Bas·
1154 2683 1189 2717 5.
1236 2661 1470 2726 §gomaldus-‘j'

101 2731 317 2774 ἐξοπλασίας
339 2733 404 2768 ΤΥ
427 2736 510 2770 Bas.
543 2738 577 2769 et
610 2747 624 2769 ι
654 2733 887 2777 suprascripto
910 2732 961 2770 F,
996 2729 1212 2773 ἐξιππασίας
1244 2730 1298 2773 Q:
1334 2741 1394 2772 pos
1380 2733 1410 2762 nt
1431 2729 1468 2762 id

102 2791 169 2814 αεν
191 2790 260 2813 om.
283 2780 366 2814 Bas.
524 2781 580 2814 11.
619 2779 799 2835 προήγετο
823 2778 912 2813 FLY
935 2778 1034 2822 Bas„
1058 2776 1187 2812 caeteri
1207 2774 1404 2821 προςήγετο

189 2825 245 2860 12.
272 2824 368 2870 πρός
389 2826 440 2871 τε]
465 2826 588 2861 malim
609 2824 702 2872 πρὸς
727 2823 767 2861 δε

1078 2880 1191 2941 ¹67*
