1820 3249
243 111 354 152 1516
617 109 734 151 mn.
765 107 854 149 xx.
912 96 1046 151 GA'P.
1073 111 1140 151 62.
1171 112 1239 152 63.

242 219 384 272 ἄνδρα
419 219 530 272 πρὸς
567 219 646 275 τήν
687 234 849 275 μαχην·
899 219 1060 276 ῥαδίως
1100 218 1186 277 γὰρ
1233 218 1517 289 προτερήσειν
1555 238 1616 273 ως

243 277 555 332 στασιαζούσης
582 276 807 331 δυνάμεως
836 277 909 319 καὶ
923 278 1266 348 προηττημένης·
1296 277 1405 349 ὅπερ
1425 278 1496 320 καὶ
1515 290 1614 321 συν-

241 333 456 406 ετελέσθη.
518 333 541 376 ὁ
577 332 656 401 μὲν
685 332 766 388 γὰρ
800 335 1012 403 Λεπτίνης
1041 332 1242 388 ἐμβαλῶν
1269 335 1330 383 εἰς
1355 333 1445 402 τὴν
1460 332 1616 389 Ἀκρα-

157 389 211 430 80
239 390 448 459 γαντίνην
475 390 555 445 τὴν
582 389 726 463 χώραν
755 389 906 445 έδήου·
941 388 964 433 ὁ
995 389 1040 433 δὲ
1071 389 1314 473 Ξενόδοκος
1328 389 1377 433 τὸ
1400 389 1479 444 μὲν
1499 394 1616 444 πρῶ-

238 462 318 489 τον
351 445 538 515 ἡσυχίαν
568 452 701 501 εἰχεν,
743 445 797 489 οὐ
829 447 1018 501 νομίζων
1048 445 1184 489 αὑτόν
1212 444 1448 502 αξιόμαχον
1477 445 1612 490 εἶναι·

239 501 553 556 ὀνειδιζόμενος
585 503 630 546 δὲ
666 502 755 545 ὑπὸ
785 507 874 546 τῶν
908 506 1099 545 πολιτῶν
1129 504 1186 553 εἰς
1216 505 1398 553 δειλίαν,
1427 502 1616 559 προήγα-

235 575 284 613 γε
313 559 393 614 τὴν
420 558 648 613 στρατιάν,
678 563 739 627 τῷ
768 559 846 614 μὲν
877 557 1052 614 ἀριθμῷ
1082 557 1220 614 βραχύ
1236 559 1507 628 λειπομενην
1525 564 1614 602 τῶν

149 614 204 657 85
235 616 474 666 ἐναντίων,
511 633 563 672 τῃ
604 615 649 658 δ’
678 632 810 686 αρετη
841 615 956 658 πολι)
994 614 1333 685 καταδεεστέραν
1363 618 1523 668 ουσαν,
1555 615 1615 668 ὦς

234 671 290 715 ἂν
319 675 395 728 τῆς
423 672 504 728 μὲν
535 677 759 727 πολιτικης
789 673 835 715 ἐν
867 670 1010 714 ανέσει
1049 672 1120 714 καὶ
1153 675 1418 729 σκιατραφία
1446 689 1615 729 γεγενη-

231 728 384 784 μένης,
414 746 490 783 της
528 728 569 773 δ’
608 729 655 772 έν
695 729 910 784 αγραυλία
950 728 1024 770 καὶ
1052 727 1247 783 συνεχέσι
1278 730 1518 780 στρατείαις
1546 746 1613 784 γε·

230 788 548 857 γυμνασμένης.
610 783 678 828 διὸ
710 785 783 827 καὶ
813 784 950 840 μάχης
979 785 1213 840 γενομένης
1242 786 1286 827 οἱ
1310 786 1409 839 περὶ
1436 785 1514 828 τὸν
1533 790 1611 829 Λε-
1623 787 1691 824 453

232 845 389 898 πτίνην
427 843 535 896 ταχύ
574 857 679 891 τους
709 840 1074 910 Ἀκραγαντίιους
1112 839 1390 909 τρεψάμενοι
1409 842 1614 885 συνεδίω-

147 899 202 939 90
233 899 313 949 ξαν
352 899 411 948 εἰς
439 898 518 953 τὴν
556 897 706 941 πόλιν·
747 898 901 940 ἔπεσον
931 896 975 940 δ’
1007 898 1077 956 ἐπὶ
1105 902 1182 952 τῆς
1217 897 1496 950 παραταξεως
1525 901 1614 940 τῶν

231 954 509 1023 ἡττηθέντων
529 955 648 1006 πεζοὶ
678 953 755 1013 μὲν
786 954 882 1024 περὶ
910 952 1236 1005 πεντακοσίους,
1259 956 1400 1004 ἱππεῖς
1421 955 1466 997 δὲ
1482 955 1613 997 πλείω

230 1015 320 1054 τῶν
334 1010 630 1081 πεντήκοντα.
689 1008 790 1054 εἷθ’
811 1012 855 1054 οῖ
884 1010 962 1066 μὲν
984 1009 1314 1072 Ἀκραγαντῖνοι
1342 1013 1614 1079 δυςφοροῦν-

232 1084 300 1118 τες
329 1067 398 1110 ἐπὶ
432 1073 523 1118 τοῖς
561 1065 857 1123 ἐλαττώμασιν
892 1067 940 1110 έν
978 1068 1135 1118 αἰτίαις
1166 1073 1282 1136 εἰχον
1318 1067 1396 1110 τὸν
1425 1067 1612 1114 Ξενόδο-

232 1141 336 1176 κον,
377 1123 436 1174 ὠς
466 1122 525 1167 δι’
560 1125 726 1168 ἐκεινου
770 1124 836 1174 δὶς
870 1122 1122 1195 ἡττημένοι·
1155 1122 1178 1166 ὁ
1217 1126 1263 1167 δὲ
1294 1124 1506 1179 φοβηθεὶς
1535 1123 1612 1174 τοὶς

147 1183 203 1225 95
233 1181 550 1237 ἐπιφερομένας
584 1179 776 1232 εὐθύνας
815 1180 889 1223 καὶ
926 1181 1087 1236 κρίσεις
1126 1179 1401 1237 ἀπεχώρησεν
1440 1197 1500 1231 εις
1532 1178 1612 1235 τὴν

233 1238 385 1281 Γέλαν.

147 1296 204 1336 63
341 1292 607 1348 Ἀγαθοκλης
637 1293 683 1335 δὲ
713 1293 761 1336 έν
787 1291 969 1348 ἡμέραις
999 1289 1165 1361 ὀλίγαις
1185 1292 1258 1335 καὶ
1285 1295 1390 1348 πεζῆ
1410 1291 1481 1335 καὶ
1503 1307 1612 1334 κατα

229 1349 455 1394 θάλατταν
484 1349 721 1417 νενικηκώς
750 1350 854 1400 τοὺς
882 1351 1114 1403 πολεμίους
1143 1350 1246 1392 ἔθυε
1274 1354 1366 1418 τοῖς
1393 1353 1529 1398 θεοῖς
1537 1348 1612 1391 καὶ

119 1410 199 1450 100
227 1406 429 1462 λαμπρας
472 1404 694 1474 υποδοχοές
734 1409 821 1448 τῶν
867 1407 1010 1460 φίλων
1039 1406 1240 1449 ἐποιεῖτο.
1299 1403 1526 1449 ἀπετίθετο
1564 1402 1610 1448 δ’

227 1465 274 1508 ἐν
303 1481 371 1506 τοι
375 1481 395 1513 ς
431 1463 585 1512 πότοις
623 1461 673 1505 τὸ
703 1466 778 1517 τῆς
804 1463 1066 1516 τυραννίδος
1090 1461 1283 1514 ἀξίωμα,
1316 1463 1389 1504 καὶ
1418 1465 1505 1505 τῶν
1534 1477 1610 1504 τυ-

224 1520 394 1591 χόντων
432 1521 622 1562 ἰδιωτῶν
651 1518 962 1572 ταπεινότερον
992 1517 1150 1562 ἑαυτὸν
1181 1517 1489 1570 απεδείκνυεν,
1521 1516 1610 1572 ἅμα

225 1577 303 1633 μὲν
341 1576 413 1619 δια
450 1580 527 1631 τῆς
565 1574 771 1631 τοιαύτης
809 1576 1030 1625 πολιτείας
1072 1574 1333 1646 θηρῶιιενος
1370 1574 1451 1629 τήν
1489 1590 1607 1627 παρα

224 1638 315 1677 τῶν
343 1637 520 1677 πολλῶν
549 1632 752 1679 εὔνοιαν,
794 1631 885 1686 ἅμα
922 1631 968 1675 δὲ
1004 1631 1160 1683 διδους
1199 1632 1245 1674 ἐν
1275 1648 1326 1685 τη
1357 1631 1470 1688 μέθη
1500 1629 1606 1674 καθ’

167 1690 193 1731 5
227 1690 369 1734 αὑτοῦ
405 1690 658 1744 παρρησίαν
695 1687 886 1744 ἀκριβῶς
922 1688 1117 1731 κατενόει
1161 1704 1242 1744 την
1291 1688 1478 1731 εκαστου
1517 1685 1610 1731 δια-

223 1763 377 1793 νοιαν
416 1763 493 1802 της
531 1745 738 1815 ἀληθείας
776 1745 1072 1814 ἐκφερομένης
1113 1742 1493 1797 ἀπαρακαλύπτως
1534 1742 1607 1787 δια

223 1804 303 1847 τὸν
333 1800 469 1846 οἶνον.
526 1801 736 1857 ὑπαρχων
777 1801 823 1844 δὲ
854 1803 926 1845 καὶ
955 1800 1088 1873 φύσει
1116 1800 1404 1857 γελωτοποιός
1433 1800 1506 1843 καὶ
1533 1806 1604 1854 μῖ-

224 1877 306 1917 μος
335 1857 437 1904 οὐδ’
453 1859 517 1903 ἐν
546 1864 642 1909 ταῖς
672 1859 916 1928 ἐκκλησίαις
945 1857 1140 1913 απείχετο
1160 1861 1240 1901 τοῦ
1269 1858 1480 1900 σκώπτειν
1502 1856 1606 1907 τούς

142 1918 193 1956 10
223 1915 505 1984 καθημένους
534 1917 608 1958 καί
639 1932 762 1964 τινας
793 1913 942 1958 αὐτῶν
979 1916 1181 1967 εἰκάζειν,
1213 1913 1318 1965 ω’ςτε
1354 1912 1403 1957 τὸ
1436 1917 1605 1983 πλῆθος

222 1972 432 2021 πολλακις
461 1974 520 2022 εἰς
547 1972 713 2027 γέλωτα
730 1971 1026 2024 ἐκτρέπεσθαι,
1045 1970 1243 2023 καθάπερ
1265 1987 1362 2013 τινα
1388 1974 1477 2013 τῶν
1501 1968 1603 2025 ηθο·

219 2029 365 2084 λόγων
383 2028 431 2099 7)
471 2032 821 2099 θαυματοποιῶν
850 2032 1144 2081 θεωροῦντας.
1211 2024 1625 2095 609vtpossoz'4uevog-

221 2086 268 2130 δε
308 2084 395 2129 ὑπὸ
436 2086 661 2140 πλήθους,
703 2085 763 2134 εἰς
791 2100 868 2133 τας
905 2083 1131 2154 ἐκκλησίας
1168 2083 1298 2139 εἰςηει
1337 2082 1491 2135 μόνος,
1524 2080 1603 2137 οὐχ

221 2142 385 2197 ὁμοίως
414 2143 634 2199 Διονυσίῳ
664 2144 726 2198 τῶ
754 2155 981 2210 τυραννῳ’
1027 2156 1157 2190 ουτος
1180 2140 1267 2209 γὰρ
1292 2139 1359 2182 ἐπὶ
1388 2141 1603 2182 τοσοῦτον

143 2206 193 2247 15
223 2199 414 2249 απίστως
445 2198 624 2241 διέκειτο
654 2197 765 2250 πρὸς
796 2197 990 2247 ἅπαντας
1020 2196 1123 2247 ω’ςτε
1161 2213 1272 2239 κατα
1287 2195 1378 2265 μὲν
1407 2195 1456 2237 τὸ
1485 2198 1602 2237 πλεῖ-

221 2269 326 2300 στον
360 2271 507 2311 κομαν
539 2259 613 2299 καὶ
651 2258 1043 2310 πωγωνοτροφεῖν,
1071 2251 1202 2304 ’ὅπως
1239 2250 1298 2309 μή
1329 2262 1601 2308 συναναγκα-

215 2427 275 2463 79.
304 2423 596 2470 Mupoeyoevtz'vnv]
621 2423 910 2484 Ἀκραγαντίνων
933 2424 964 2457 F
988 2424 1071 2457 Bas.
1268 2420 1325 2455 80.
1370 2421 1439 2465 τήν
1475 2419 1598 2466 χώραν

215 2471 344 2519 ἐδῄου]
371 2471 515 2506 invertit
533 2473 563 2505 F
723 2471 780 2506 83.
803 2469 1002 2514 προηγαγε]
1027 2464 1089 2514 ἦγε
1111 2468 1144 2512 Q
1281 2467 1339 2502 86.
1371 2469 1600 2511 σκιατραφίᾳ

217 2521 267 2563 F,
289 2519 420 2552 caeteri
443 2517 670 2565 σκιατροφία
793 2516 850 2550 87.
874 2514 1096 2559 στρατείαις]
1120 2512 1250 2555 πόνοις
1272 2514 1335 2549 καὶ
1357 2516 1543 2557 στρατίαις
1567 2515 1597 2548 F

307 2564 389 2599 453.
437 2564 495 2597 91.
517 2565 648 2607 πλείω]
672 2563 785 2598 scribe
809 2563 956 2602 πλείους
979 2562 1038 2595 vel
1059 2563 1186 2594 πλεῖον
1363 2562 1420 2595 97.
1443 2558 1598 2605 ἡμέραις

217 2609 379 2667 ὀλίγαις]
410 2610 551 2644 invertit
584 2611 614 2644 F
822 2608 880 2642 98
915 2604 1133 2673 νενιῚκηκώς]
1166 2604 1316 2650 νικήσας
1339 2607 1372 2640 Τ
1562 2605 1597 2640 3.

215 2670 321 2699 παρα
347 2656 472 2690 0n1.F
657 2656 690 2690 6.
722 2652 994 2708 ἐκφερομένης]
1030 2652 1260 2698 φαινομένης
1289 2652 1397 2695 FQW
1559 2651 1594 2685 9.

214 2703 258 2738 τὸ
283 2703 430 2746 πλῆθος
460 2699 661 2746 πολλάκις]
687 2699 860 2742 πολλάκις
881 2697 924 2736 τό
949 2700 1096 2745 πλῆθος
1117 2699 1147 2733 F
1331 2698 1388 2734 14.
1419 2693 1596 2742 ἀπίστως]

215 2748 385 2789 ἀπιστίας
407 2748 484 2782 Fw
