1820 3249
534 162 643 202 LIB.
673 160 763 200 XX.
822 160 952 200 CAP.
980 163 1052 202 61.
1080 161 1530 203 62.1515

154 272 316 331 χρόνον
355 273 404 318 ἐκ
440 275 517 327 τῆς
550 272 794 327 Τυρρηνίας
835 271 957 330 αυτῷ
985 270 1278 315 κατέπλευσαν
1317 269 1529 314 ὀκτωκαί-

155 336 260 375 δέκα
290 334 392 386 νῆες
427 329 495 373 ἐπὶ
527 328 771 398 βοήθειαν,
812 332 856 371 αι
893 318 964 372 διὰ
994 328 1152 378 νυκτὸς
1181 331 1241 378 εἰς
1269 327 1346 371 τὸν
1376 327 1530 382 λιμένα

153 389 426 438 εῑςπεσοῦσαι
461 384 566 436 τούς
594 387 942 455 Καρχηδονίους
982 386 1156 429 ἔλαθον.
1215 385 1238 427 ὁ
1271 382 1313 427 δ’
1343 381 1531 439 Ἀγαθο-

154 449 265 501 κλῆς
291 443 458 499 ταύτης
493 441 636 498 τυχῶν
674 447 750 497 τῆς
789 441 992 511 ἀφορμῆς
1020 440 1389 496 κατεστρατήγησε
1423 440 1529 490 τοὺς
1561 439 1615 481 45

154 503 410 569 πολεμίους,
448 504 540 549 τοῖς
569 500 654 567 μὲν
689 498 929 554 συμμάχοις
968 499 1114 553 μένειν
1145 499 1435 552 παραγγείλας
1464 499 1532 553 με’

153 575 238 627 χρι
254 558 327 600 οὶν
339 555 470 607 αὐτὸς
499 554 736 606 ἐκπλεύσας
775 556 1063 624 ἐπισπάσηται
1091 572 1194 606 τους
1229 556 1448 605 Φοίνικας
1468 556 1535 604 ,εἰς

154 614 235 658 τόν
262 613 475 669 διωγμόν,
512 610 646 662 αὐτὸς
675 612 743 664 δέ,
774 612 972 666 καθάπερ
1010 615 1067 668 ην
1105 610 1459 666 συντεθειμέιος,
1489 611 1537 654 ἐκ

154 675 252 715 ταῦ.
278 671 470 731 λιμένος
501 667 672 742 ἀνήχθη
713 687 823 713 κατα
864 671 1071 739 σπουδην
1113 674 1205 718 τοῖς
1249 669 1535 711 ἑπτακαίδεκα

155 725 381 798 σκάφεσιν.
430 725 519 770 εἷθ’
551 729 595 769 οἱ
622 728 701 782 μὲν
730 727 1035 796 ἐφορμοῦντες
1056 725 1328 776 ἐδίωκον,οί
1362 724 1406 767 δὲ
1436 724 1536 778 περὶ
1567 730 1620 771 50

152 783 230 836 τὸν
266 783 534 838 Ἀγαθοκλέα
574 783 921 839 κατανοήσαντες
958 783 1062 833 τούς
1107 780 1364 836 Τυῤῥηνους
1400 797 1536 850 παρα-

155 841 454 896 φαινομένους
491 841 537 883 ἐκ
575 844 656 883 τοῦ
698 842 892 896 λιμένος,
932 840 1058 893 άφνω
1099 839 1177 888 τάς
1206 841 1317 887 ναῦς
1347 837 1539 890 ἐπέστρε-

155 905 270 950 ψαν,
309 897 384 940 καὶ
425 896 715 948 καταστάντες
759 899 818 947 εἰς
857 897 1068 952 ἐμβολήν
1088 893 1409 949 διεναυμάχουν
1447 898 1539 942 τοῖς

158 953 410 1024 βαρβάροις.
451 956 495 998 οῖ
524 954 569 998 δὲ
599 954 901 1024 Καρχηδόνιοι
927 953 999 996 διά
1028 968 1072 994 τε
1100 953 1150 996 τό
1182 951 1435 1002 παράδοξον
1464 952 1537 993 καὶ

159 1011 231 1053 διὰ
271 1011 320 1054 τὸ
365 1014 454 1054 τῶν
489 1014 708 1065 πολεμίων
747 1013 805 1061 εἰς
852 1009 986 1065 μέσον
1028 1007 1419 1062 ἀπολαμβάνεσθαι
1458 1006 1535 1057 τάς
1568 1005 1622 1047 55

158 1068 272 1118 ἰδίας
307 1067 498 1123 τριήρεις
531 1068 873 1121 καταπλαγέντες
902 1067 1081 1121 ἔφυγον.
1140 1064 1230 1108 εἷθ’
1265 1065 1307 1107 οἱ
1342 1063 1420 1118 μὲν
1437 1063 1536 1106 Ἐλ-

156 1127 282 1178 ληνες
310 1124 436 1166 πέντε
464 1128 577 1166 νεῶν
604 1122 863 1177 αὐτάνδρων
894 1123 1165 1191 ἐκυρίευσαν,
1188 1120 1211 1164 ὁ
1244 1121 1289 1164 δὲ
1313 1124 1401 1162 τῶν
1421 1123 1537 1173 Καρ-

155 1181 373 1249 χηδονίων
412 1179 652 1251 στρατηγὸς
689 1178 985 1248 αλισκομένης
1012 1177 1096 1234 ἤδη
1143 1181 1219 1233 τῆς
1269 1179 1537 1232 ναυαρχίδος

157 1235 403 1290 ἀπέσφαξεν
441 1237 620 1283 εαυτόν,
659 1238 897 1290 προκρίνας
937 1234 1015 1278 τόν
1055 1233 1256 1277 θάνατον
1298 1238 1373 1285 τῆς
1412 1250 1538 1287 προς·
1568 1239 1622 1278 60

157 1294 418 1363 δοκηθείσης
442 1291 881 1363 αἰχμαλωσίας.οὐ
919 1291 1005 1347 μὴν
1042 1290 1184 1346 εφάνη
1214 1306 1261 1345 γε
1298 1290 1348 1334 εὗ
1379 1293 1537 1346 βεβου·

157 1349 382 1404 λευμένος·
425 1347 454 1405 ἡ
491 1350 575 1419 γὰρ
614 1352 727 1400 ναῦς
765 1351 914 1403 φοροῦ
953 1347 1202 1418 πνεύματος
1248 1347 1539 1418 ἐπιλαβομένη

159 1421 239 1449 του
267 1405 462 1456 δόλωνος
501 1404 716 1476 άρθέντος
756 1405 935 1460 ἐξέφυγε
971 1404 1050 1448 τὸν
1078 1406 1304 1448 κίνδυνον.
1359 1403 1541 1472 Ἀγαθο-
1569 1406 1625 1444 62

159 1466 264 1518 κλῆς
305 1479 384 1517 μεν
423 1464 504 1506 οὐν
541 1460 640 1506 οὐδ’
682 1461 858 1512 ἐλπίδας
899 1461 1007 1516 ἔχων
1043 1466 1123 1504 τοῦ
1163 1461 1272 1503 κατά
1317 1459 1542 1504 θάλατταν
1572 1463 1625 1503 65

159 1519 436 1572 περιέσεσθαί
478 1535 582 1562 ποτε
626 1522 715 1561 τῶν
753 1519 1071 1573 Καρχηδονίων
1111 1517 1278 1571 ἐνίκησε
1324 1519 1545 1573 ναυμαχίᾳ

158 1574 440 1629 παραδόξως,
484 1576 559 1619 καὶ
603 1575 653 1618 τό
702 1576 858 1618 λοιπὸν
907 1578 1277 1627 θαλαττοκρατῶν
1318 1575 1544 1628 παρείχετο

158 1637 252 1682 τοῖς
291 1631 498 1686 ἐμπόροις
539 1631 629 1702 τὴν
656 1630 912 1686 άσφάλειαν.
981 1630 1130 1682 διόπερ
1172 1632 1216 1673 οἱ
1253 1629 1563 1683 Συρακόσιοι,

158 1687 382 1732 πάντοθεν
422 1688 532 1742 πρὸς
573 1687 736 1738 αὐτους
773 1686 1079 1755 κομιζομένης
1095 1686 1285 1742 άγοράς,
1339 1686 1435 1730 ἀντὶ
1470 1691 1546 1742 τῆς

158 1749 249 1788 τῶν
289 1746 545 1816 ἐπιτηδείων
581 1745 779 1795 σπάνεως
819 1745 979 1801 ταχέως
1020 1743 1198 1786 πάντων
1245 1744 1371 1811 ἔσχον
1417 1745 1546 1794 δαψί-
1575 1752 1629 1791 70

159 1805 292 1845 λειαν.
348 1801 372 1846 ὁ
384 1763 460 1845 ηδὲ
502 1801 718 1856 δυνάστης
746 1801 1048 1857 μετεωρισθεὶς
1077 1805 1138 1857 τῷ
1168 1799 1366 1854 γεγονότι
1395 1815 1546 1854 προτε-

163 1857 323 1931 ρἠματι
359 1859 578 1914 Λεπτίνην
619 1858 883 1911 ἐξαπέστειλε
927 1846 1244 1927 λεηλατήσοντα
1276 1873 1372 1926 την
1420 1861 1546 1899 πολε-

163 1917 291 1970 μίαν,
327 1915 400 1958 καὶ
439 1915 625 1970 μάλιστα
654 1914 734 1971 τὴν
762 1913 1115 1973 Ἀκραγαντίνην.
1178 1912 1318 1969 ογάρ
1350 1912 1546 1961 Ξενόδο-

163 1987 243 2022 κος
280 1970 353 2015 δια
394 1972 491 2028 τὴν
505 1972 801 2041 γεγενημένην
846 1974 982 2027 ἡτταν
1024 1970 1420 2041 βλασφημούμενος
1454 1969 1543 2012 ὑπὸ

160 2044 250 2071 των
279 2027 727 2098 ἀντιπολιτευομένων
755 2028 971 2081 ἐστασίαζε
1000 2027 1109 2081 πρὸς
1139 2025 1315 2077 αὐτούς.
1374 2043 1547 2081 παρηγ-
1575 2027 1629 2069 75

161 2090 303 2142 γειλεν
342 2083 425 2129 οὖν
461 2090 521 2143 τῷ
557 2087 749 2142 Λεπτίνῃ
788 2089 1027 2140 πειρᾶσθαι
1063 2084 1423 2139 προκαλέσασθαι
1471 2084 1550 2126 τὸν

231 2198 311 2234 452.
335 2197 392 2232 41.
418 2197 457 2234 ἐκ
481 2200 561 2243 τῆς]
586 2197 625 2234 ἐκ
647 2200 677 2233 F
700 2200 784 2234 Bas.
923 2198 981 2232 42.
1004 2200 1104 2255 νῆες
1112 2198 1209 2239 FW,
1232 2197 1361 2232 caeteri
1384 2199 1480 2238 ναῦς

219 2245 275 2280 46.
303 2244 430 2290 μέχρι]
463 2246 588 2290 μέχρις
621 2246 650 2279 F
834 2244 891 2279 47.
925 2245 999 2286 εἰς]
1033 2242 1126 2287 πρός
1158 2245 1191 2277 Γ
1224 2245 1306 2278 Bas.
1492 2242 1551 2278 48

165 2291 460 2337 συντεθειμένος]
488 2290 771 2337 συντεθειμένου
793 2291 870 2325 FW
1056 2291 1112 2325 50
1142 2288 1407 2335 ἐφορμουντες]
1435 2288 1551 2333 ἐφορ-

164 2338 304 2381 μῶντες
325 2339 408 2375 Bas.
590 2338 648 2373 52.
673 2328 915 2382 ἐπέστρεψαν]
942 2335 1095 2382 άπέστρε
1098 2344 1176 2382 ψαν
1201 2338 1233 2381 Q
1406 2336 1463 2371 53.
1489 2336 1549 2380 ἐμ-

722 2397 744 2418 ν

165 2425 295 2474 βολήν]
320 2427 491 2487 ἔμβολον
501 2431 570 2473 W,
594 2383 748 2485 ἐζιιβολῚΞν
774 2430 803 2463 F
991 2427 1276 2472 διεναυμάχουν]
1310 2428 1551 2472 διεναυμάχει

378 2475 434 2510 55.
467 2456 824 2543 ἀπολαμβάνεσθαι]
861 2472 1193 2531 ἀναλαμβάνεσθαι
1226 2476 1307 2509 Bas.
1492 2476 1550 2508 61..

167 2520 310 2567 φοροῦ]
334 2517 477 2565 ε’φόρου
501 2524 531 2557 F
649 2535 655 2538 “
716 2523 774 2557 62.
799 2523 868 2556 τοῦ
893 2521 1072 2563 δόλωνος]
1098 2518 1177 2563 α’μα
1200 2523 1268 2556 τοῦ
1293 2521 1412 2555 ἱστίου
1438 2521 1552 2563 FQW

304 2566 361 2601 65.
394 2581 483 2604 ποτε
513 2573 589 2613 post
611 2567 803 2605 θάλατταν
827 2569 921 2611 ponit
945 2569 974 2601 F
1125 2567 1207 2601 libri
1231 2568 1551 2611 θαλασσοκρατῶν

305 2615 380 2647 τῶν
413 2626 483 2648 om.
517 2616 597 2650 Bas.
780 2614 839 2649 68.
877 2611 1108 2659 Συρακόσιοι
1141 2614 1172 2646 Υ
1206 2614 1290 2647 Bas
1492 2612 1551 2646 70.

169 2657 320 2694 πάντων
346 2659 472 2705 ἔσχον]
507 2659 610 2706 ἐσχον
635 2659 785 2696 πάντων
814 2661 845 2693 F
1028 2661 1085 2693 73.
1111 2656 1406 2704 Ἀκραγαντίνην]
1430 2656 1551 2700 Ἀκρα-

170 2708 351 2750 γαντίνων
375 2707 422 2739 W
581 2706 639 2741 75
663 2706 868 2750 ἐστασίαζε]
895 2704 1123 2747 ἐστασιάζετο
1148 2707 1225 2740 Fw
1411 2701 1552 2748 παρήγ-

169 2754 284 2797 γειλεν
306 2753 360 2793 F,
385 2753 514 2786 caetani
546 2750 763 2798 παρήγγειλε
795 2751 862 2795 μὲν
1045 2752 1102 2787 76.
1136 2749 1467 2798 προκαλέσασθαι]
1492 2750 1554 2786 καὶ

168 2799 436 2843 προκαλεῖσθαι
458 2799 523 2841 W,
546 2801 607 2836 καὶ
628 2800 915 2845 προςκαλεῖσθαι
939 2799 970 2833 F
