1820 3249
57 1640 99 1674 17

512 163 627 204 LIB.
657 162 745 204 XV.
785 163 917 204 CAP.
940 166 1006 206 17.
1033 166 1099 205 18.
1417 167 1502 209 963

126 278 456 325 καταλύσασθαι
490 274 569 318 τὸν
597 272 800 329 πόλεμον.
861 272 1058 329 ἀσμένως
1096 273 1142 317 δὲ
1171 278 1250 317 τοῦ
1280 274 1502 329 τυράννου
1532 279 1585 318 25

126 332 488 403 προςὸεξαμένου
512 331 618 380 τούς
662 317 822 401 λόγους
871 331 1071 400 ἐγένοντο
1111 330 1353 383 διαλύσεις,
1399 332 1503 384 ὥςτε

127 395 240 450 ἔχειν
265 389 564 463 ἀμφοτέρους
575 391 638 431 ὠν
666 387 880 442 πρότερον
907 387 1106 457 ’ὑπῆρχον
1136 387 1309 440 κύριον
1349 389 1504 443 ἐξαίρε-

125 466 205 493 τον
241 448 283 493 6’
323 449 482 502 ε’λαβον
521 462 563 488 οι
602 444 901 516 Καρχηδόνιοι
937 444 1017 500 τὴν
1055 447 1144 487 τῶν
1181 448 1504 489 Σελινουντίων

124 506 252 550 πόλιν
287 521 330 548 τε
369 503 442 547 καὶ
478 501 627 559 χώραν
665 503 737 545 καὶ
774 506 849 558 τῆς
890 500 1222 558 Ἀκραγαντίνης
1258 501 1382 569 μέχρι
1422 506 1504 546 τοῦ

119 561 305 607 Ἀλύκου
334 560 608 615 καλουμένου
645 571 871 614 ποταμου·
913 560 1021 602 ἔτισε
1061 559 1106 602 δὲ
1137 556 1378 610 Διονύσιος
1416 565 1507 611 τοῖς
1536 563 1588 601 30

124 620 459 689 Καρχηδονίοις
470 602 659 659 τάλαντα
685 618 814 672 χίλια.
871 616 946 660 καὶ
974 615 1028 659 τὰ
1062 615 1142 673 μὲν
1172 616 1282 659 κατὰ
1309 615 1390 673 τὴν
1420 620 1505 660 Σι-

123 679 272 721 κελίαν
299 675 346 719 ἐν
380 673 555 725 τούτοις
583 668 651 729 ἦν.

239 776 365 827 Κατὰ
395 777 442 821 δὲ
469 774 548 832 τὴν
573 773 724 819 Ἀσίαν
754 772 882 826 Γαώς
911 773 935 818 ὁ
964 772 1242 845 ναυαρχήσας
1273 776 1362 818 τῶν
1391 777 1504 830 Περ·
1535 781 1589 820 18

126 840 215 881 σῶν
244 836 290 880 ἐν
317 838 379 908 τῷ
409 836 654 889 Κυπριακςό
683 831 880 888 πολέμῳ,
913 830 1154 888 ἅποστατης
1185 830 1251 875 ὡν
1277 834 1358 876 τοῦ
1388 836 1507 888 βασι·
1537 839 1590 880 35
1639 871 1643 876 .

126 893 235 944 λέως
272 893 346 936 καὶ
384 891 487 942 τούς
523 906 568 933 τε
609 889 985 962 Λακεδαιμονίους
1024 890 1097 932 καὶ
1141 888 1220 932 τόν
1251 889 1510 959 Αἰγυπτίων

129 950 306 1006 βασιλέα
326 946 662 1022 παρακεκληκώς
686 948 745 997 εἰς
773 946 850 989 τὸν
868 946 979 1016 πρὸς
1005 945 1182 1016 Πέρσας
1203 945 1410 1003 πόλεμον,
1441 949 1511 991 60-

128 1007 395 1075 λοφονηθεὶς
431 1003 521 1052 ὑπό
558 1019 691 1047 τινων
726 1000 781 1046 06
821 1003 1067 1047 συνετέλεσε
1115 1002 1196 1059 τὴν
1236 1004 1508 1074 προαίρεσιν.

125 1063 230 1132 μετὰ
262 1064 308 1108 δὲ
349 1062 429 1133 τὴν
468 1059 631 1109 τούτου
670 1060 873 1131 τελευτὴν
908 1061 1060 1131 Ταχώς
1093 1059 1401 1116 διαδεξαμενος
1433 1077 1511 1113 τας

125 1119 287 1167 τούτου
326 1118 501 1174 πράξεις
538 1116 828 1173 συνεστήσατο
867 1118 965 1172 περὶ
1007 1115 1143 1161 αὑτὸν
1184 1118 1397 1174 δύναμιν,
1436 1118 1511 1162 καὶ
1540 1113 1595 1158 40

126 1175 255 1222 πόλιν
285 1177 421 1220 ἔκτισε
449 1177 637 1231 πλησίον
675 1179 750 1228 τῆς
788 1173 1009 1230 θαλάττης
1049 1174 1119 1217 ἐπί
1152 1191 1270 1226 τινος
1311 1178 1512 1247 κρημνοῦ

125 1233 207 1291 τὴν
237 1233 563 1305 ὀνομαζομένην
592 1231 791 1301 Λεύκην,
833 1232 1022 1303 ε’χουσαν
1051 1230 1169 1285 ἱερὸν
1199 1231 1326 1286 ἅγιον
1363 1231 1512 1276 Ἀπόλ-

127 1295 278 1342 λωνος.
326 1289 423 1346 μετ’
453 1289 611 1359 ὀλίγον
635 1289 680 1332 δὲ
710 1288 873 1344 χρόνον
903 1287 1041 1333 αὐτοῦ
1072 1288 1408 1345 τελευτήσαντος
1437 1307 1513 1346 ημ·

128 1347 398 1417 φιςβήτησαν
432 1351 508 1402 τῆς
555 1344 720 1397 πόλεως
761 1345 920 1401 ταύτης
960 1346 1254 1402 Κλαζομένιοι
1302 1346 1375 1390 καὶ
1415 1350 1512 1390 Κυ-

128 1410 262 1459 μαῖοι.
321 1404 371 1448 τὸ
410 1403 488 1458 μὲν
528 1405 609 1446 οὐν
638 1419 816 1456 πρωτον
845 1403 1125 1472 ἐπεχείρησαν
1169 1405 1215 1447 αἱ
1251 1403 1398 1455 πόλεις
1438 1421 1512 1447 πο·
1542 1393 1596 1437 45

127 1460 243 1516 λέμῳ
275 1462 595 1514 διακρίνεσθαι,
635 1476 738 1515 μετα
771 1460 817 1503 δὲ
853 1466 991 1503 ταῦτα
1029 1458 1227 1511 εἰπόντος
1258 1460 1380 1513 τινος
1410 1460 1513 1516 ἐρω-

128 1521 257 1572 τῆσαι
286 1517 363 1561 τόν
393 1516 500 1560 θεὸν
529 1516 719 1571 ποτέραν
757 1521 847 1560 τῶν
873 1515 1054 1560 πόλεων
1090 1519 1229 1571 κρίνει
1248 1520 1420 1588 κυρίαν
1456 1517 1512 1563 εἶ-

128 1591 202 1617 ναι
235 1576 326 1618 δεῖν
363 1578 440 1628 τῆς
469 1572 664 1641 Λεύκης,
709 1572 878 1628 ἔκρινεν
915 1573 942 1628 ἡ
983 1576 1135 1616 Πυθία
1174 1572 1338 1643 ταύτην
1377 1574 1512 1630 ὑπαρ-

127 1647 218 1686 χειν
246 1630 341 1686 ἥτις
373 1630 428 1673 ἂν
456 1629 606 1697 πρώτη
635 1629 755 1702 θύσῃ
795 1630 841 1674 έν
879 1648 931 1687 τῃ
964 1630 1132 1688 Λεύκη·
1174 1630 1425 1703 ὁρμηθηναι
1464 1635 1512 1678 δε
1543 1634 1596 1676 50

127 1688 175 1730 ἐκ
205 1690 279 1741 τῆς
309 1688 420 1737 ἰδίας
452 1687 619 1737 πόλεως
648 1686 726 1741 ἅμ’
759 1686 869 1757 ἡλίῳ
898 1687 1067 1730 ανιόιτι
1097 1688 1207 1731 κατὰ
1236 1689 1317 1744 τὴν
1344 1689 1514 1745 ημέραν

125 1742 184 1800 ἣν
221 1743 472 1814 ἀμφότεροι
494 1743 755 1798 συμφώνως
793 1742 1131 1813 ύποστήσονται.
1199 1748 1429 1816 ταχθείσης
1469 1748 1514 1792 δὲ

125 1818 213 1871 της
232 1800 407 1856 ἡμέρας,
438 1802 499 1845 οῑ
518 1801 607 1854 μὲν,
626 1803 822 1855 Κυμαῖοι
850 1800 1165 1857 ὑπελάμβανον
1196 1801 1381 1855 ἑαυτούς
1409 1821 1515 1860 προ-

128 1858 269 1913 λέγειν
299 1857 372 1901 διὰ
402 1858 460 1901 τὸ
488 1858 583 1914 τὴν
610 1856 759 1901 αὐτῶν
797 1858 927 1902 πόλιν
968 1858 1186 1913 ἐγγυτέρω
1224 1865 1419 1905 κεῖσθαι·
1472 1864 1516 1907 οἱ

131 1915 178 1958 δὲ
208 1915 514 1969 Κλαζομένιοι,
555 1913 768 1984 διάστημα
796 1915 931 1959 πλέον
959 1914 1210 1971 απέχοντες,
1237 1917 1515 1974 τεχνάζονταί
1544 1912 1598 1956 55

131 1987 173 2013 τι
211 1976 386 2015 τοιοῦτο
433 1971 544 2024 πρὸς
582 1970 663 2026 τὴν
709 1973 860 2028 νίκην·
907 1973 1211 2027 κληρώσαντες
1254 1975 1297 2027 ἐξ
1346 1976 1515 2021 έαυτῶν

131 2025 344 2079 ἀποίκους
374 2028 547 2072 ε’κτισαν
573 2029 760 2084 πλησίον
797 2032 874 2086 τῆς
900 2029 1068 2086 Λεύκης
1096 2029 1246 2083 πόλιν,
1283 2031 1326 2084 ἐξ
1360 2051 1412 2090 ης
1442 2034 1515 2090 ὁρ-

131 2085 340 2140 μηςθέντες
370 2082 443 2140 αμ’
474 2083 581 2142 ἡλίῳ
613 2085 890 2131 ἀνατέλλοντι
919 2087 1123 2141 ε’φθασαν
1150 2087 1256 2139 τοὺς
1284 2093 1515 2146 Κυμαίους

131 2141 209 2197 τὴν
236 2144 401 2186 θυσίαν
438 2141 764 2195 ἐπιτελέσαντες.
811 2144 952 2199 τούτῳ
992 2144 1039 2188 δὲ
1077 2149 1139 2203 τῷ
1179 2147 1514 2218 φιλοτεχνηματι
1544 2157 1598 2198 60

132 2197 362 2270 γενόμενοι
400 2198 547 2270 κύριοι
583 2204 660 2254 τῆς
688 2199 879 2258 Λεύκης,
907 2190 1155 2272 έπωνυμον
1196 2202 1354 2274 ἑορτήν
1393 2206 1514 2275 ἄγειν

131 2253 232 2299 κατ’
271 2255 476 2300 ἐνιαυτὸν
513 2255 828 2313 ἐπεστήσαντο,
868 2257 950 2315 τὴν
983 2274 1232 2316 πανηγυριν
1272 2259 1515 2319 ὀνομασαν-

133 2459 190 2493 29.
211 2456 391 2519 Αλύκου]
413 2458 558 2498 Αλίκον
584 2464 636 2497 11(
781 2464 839 2499 31.
863 2464 931 2511 τὴν
955 2464 1153 2509 Σικελίαν]
1182 2467 1353 2502 Σικελίαν
1376 2469 1406 2502 Α

133 2505 193 2539 33.
213 2505 306 2542 κατὰ
331 2506 370 2543 δὲ
395 2508 463 2553 τὴν
494 2507 620 2545 Ἀσίαν
645 2522 713 2546 om.
738 2510 805 2544 FK
1012 2510 1146 2555 Γαώς]
1181 2509 1290 2553 Γαως
1313 2512 1353 2549 δε
1377 2515 1408 2548 F

225 2552 282 2587 35.
310 2553 398 2595 τούς
420 2567 459 2591 τε
483 2560 573 2591 Accu.
583 2557 595 2600 ]
620 2569 709 2597 τους
732 2559 823 2591 Λακ.
848 2558 879 2591 Α
1063 2559 1119 2592 41.
1145 2558 1347 2605 θαλάττης]
1374 2561 1515 2596 θαλάσ-

138 2605 204 2639 6719
234 2608 352 2633 omnes
545 2603 603 2639 46.
629 2604 912 2647 διακρίνεσθαι]
947 2605 1216 2648 διακρίνασθαι
1240 2607 1274 2639 Κ
1457 2609 1516 2643 47.

138 2642 281 2686 κρίνει]
313 2646 448 2689 κρίνειν
472 2649 503 2683 F
665 2649 722 2685 49.
746 2649 847 2696 θύσῃ
872 2648 934 2696 ἐν]
959 2649 1112 2687 θύσειεν
1135 2652 1220 2695 ΑΚ,
1245 2650 1373 2695 θύσεις
1394 2654 1425 2688 F

231 2723 288 2758 17.
313 2724 367 2760 55.
391 2728 555 2780 τοιοῦτο]
579 2731 754 2767 τοιοῦτον
772 2730 824 2765 ΙΚ
1009 2731 1068 2767 61.
1092 2730 1354 2777 ἐπεστήσαντο]
1379 2732 1524 2779 ἐνεστή-

142 2779 253 2806 σαντο
286 2771 448 2808 Βοίεἱιίυε

1139 2836 1246 2878 62*
