1820 3249
341 126 451 178 140}
706 134 959 176 LIB.X1X.
1017 135 1148 178 GAP.
1181 140 1248 179 64.
1277 140 1345 180 65.

338 258 435 300 σεν,
466 244 677 303 ἐλθούσης
712 246 808 301 περὶ
833 245 1004 292 τούτων
1039 249 1266 304 πρεσβείας
1303 246 1411 320 παρ’
1440 248 1705 322 Ἀντιγόνου.

254 306 308 349 65
340 304 471 355 αὐτὸς
501 306 546 348 δὲ
575 307 800 374 παρῆλθεν
839 305 907 348 ἐπὶ
941 321 987 349 το
1018 307 1288 360 καλούμενον
1307 305 1580 377 ’Έκρηγμα,
1585 305 1710 350 κάκεῖ

338 361 562 405 συνελθων
593 363 652 410 εἰς
681 359 837 416 λόγους
864 361 1089 432 Ἀντιγόνῳ
1119 361 1250 406 πάλιν
1281 359 1498 419 ἀπῆλθεν,
1529 362 1582 408 οὐ
1608 375 1705 420 συγ-

250 453 308 490 65
334 422 587 475 χωροῦντος
612 415 862 473 Ἀντιγόνου
888 417 939 461 τοὶ
978 407 1224 474 ἀξιούμενα
1314 450 1319 453 -

250 510 304 548 70
443 476 585 528 “Ημεῖς
615 474 661 517 δὲ
691 475 991 545 διεληλυθότες
1019 478 1070 518 τοὶ
1100 475 1351 548 πραχθέντα
1378 479 1467 518 τῶν
1491 475 1708 532 Ἑλλήνων

333 535 409 586 τῆς
444 529 664 586 Εὐρώπης
693 532 789 602 περὶ
826 531 906 587 τήν
929 519 1111 575 Ελλαδα
1145 536 1218 575 καὶ
1251 534 1530 575 Μακεδονίαν
1560 533 1606 591 έν
1637 534 1707 587 μέ-

335 604 401 641 ρει
447 587 633 642 διέξιμεν
667 588 782 657 περὶ
805 592 892 630 τῶν
933 589 1039 641 πρὸς
1072 588 1258 641 ἑσπέραν
1297 588 1520 632 νευόντων
1547 589 1705 659 μερῶν.

327 642 597 714 Ἀγαθοκλῆς
636 661 719 698 γαρ
761 643 783 686 6
823 648 911 686 τῶν
941 647 1232 714 Συρακοσίων
1272 645 1486 701 δυναστης
1515 646 1706 718 κατέχων

333 700 558 756 φρούριον
587 704 673 743 τῶν
703 703 985 755 Μεσσηνίων,
1016 701 1293 769 ἐπηγγείλατο
1323 703 1470 772 λαβων
1499 701 1604 755 παρ’
1631 702 1706 745 αύ-

247 765 301 807 75
330 762 419 800 τῶν
448 757 684 812 τριάκοντα
712 758 900 799 τάλαντα
930 757 1205 811 παραδώσειν
1234 758 1312 800 τὸν
1338 758 1485 801 τόπον.
1535 758 1704 802 δόντων

330 815 375 857 δὲ
404 831 492 858 των
522 815 788 882 Μεσσηνίων
828 813 875 855 τὸ
907 812 1145 867 α’ργύριον,
1187 814 1241 857 ov’
1271 813 1409 868 μόνον
1450 815 1703 864 διεψεύσατο

327 870 432 921 τούς
460 869 775 919 πιστεύσαντας
804 887 880 925 της
919 870 1195 925 ἐπαγγελίας,
1238 869 1344 914 ἄλλα
1374 871 1447 913 καὶ
1476 888 1554 925 την
1586 876 1704 915 Μεσ-

329 926 467 997 σηνην
508 925 646 982 αὐτὴν
677 926 930 997 ἐπεχείρησε
947 928 1283 995 καταλαβέσθαι.
1340 927 1590 984 πυθόμενος
1617 946 1701 983 γαρ

326 985 458 1052 μέρος
498 1000 540 1026 τι
586 986 666 1026 τοῦ
709 985 874 1053 τείχους
913 982 960 1026 ἐν
999 982 1107 1040 αὐτῃ
1145 985 1432 1033 πεπτωκέναι
1459 988 1578 1054 πεζῇ
1615 985 1781 1055 μὲν369

246 1050 300 1089 80
330 1041 434 1091 τοὺς
471 1041 612 1090 ἱππεῖς
651 1038 892 1083 απέστειλεν
929 1039 975 1082 έκ
1004 1045 1330 1094 Συρακουσῶν,
1364 1039 1493 1091 αὐτὸς
1524 1041 1566 1084 δ’
1599 1059 1704 1084 ανα-

331 1096 480 1151 λαβων
518 1100 630 1147 ναῦς
662 1095 863 1152 ἡμιολίας
899 1095 1058 1147 νυκτός
1107 1096 1366 1141 κατέπλευσε
1406 1100 1591 1152 πλησίον
1629 1103 1704 1152 τῆς

329 1153 507 1204 πόλεως.
564 1153 931 1222 προαισθομένων
968 1152 1013 1196 δὲ
1050 1157 1137 1196 τῶν
1167 1154 1569 1208 ἐπιβουλευομένων
1602 1156 1705 1198 ταύ-

329 1228 407 1267 της
436 1210 520 1282 μὲν
535 1214 610 1265 τῆς
639 1209 842 1279 ἐπιβολῆς
872 1207 1101 1264 ἀπέτυχεν·
1131 1210 1199 1253 ἐπὶ
1227 1212 1272 1254 δὲ
1301 1228 1378 1262 τας
1398 1210 1559 1262 Μύλας
1579 1209 1704 1254 πλευ-

246 1273 299 1316 85
331 1280 419 1318 σας,
452 1266 526 1310 καὶ
553 1265 846 1321 πολιορκησας
874 1267 922 1309 το“
955 1266 1194 1333 φρούριον,
1225 1265 1286 1310 δι’
1313 1267 1545 1322 ὁμολογίας
1575 1269 1705 1321 παρέ-

329 1328 444 1392 λαβε.
475 1324 549 1367 καὶ
586 1322 682 1366 τότε
712 1323 790 1376 μὲν
829 1324 888 1372 εἷς
917 1320 1215 1376 Συρακούσας
1226 1323 1483 1395 ἐχωρίσθη·
1513 1323 1621 1367 κατὰ
1655 1323 1701 1367 δὲ

325 1382 402 1431 τὰς
428 1397 517 1423 των
546 1382 727 1435 καρπῶν
760 1379 1027 1434 συγκομιδας
1057 1379 1189 1422 παλιν
1220 1380 1500 1434 έστρατευσεν
1531 1380 1600 1423 ἐπὶ
1623 1380 1703 1436 τὴν

324 1437 577 1492 ,Μεσσήνην
636 1438 822 1492 πλησίον
852 1436 898 1478 65
927 1440 1001 1491 τῆς
1022 1435 1186 1486 πόλεως
1215 1435 1603 1492 στρατοπεδεύσας,
1628 1437 1703 1480 καὶ

323 1494 568 1549 προςβολὰς
598 1498 788 1548 συνεχεῖς
817 1493 1101 1547 ποιούμενος,
1134 1493 1264 1537 οὐδὲν
1298 1493 1527 1548 ἀξιόλογον
1555 1496 1702 1549 ἴσχυσε

241 1564 296 1604 90
325 1551 489 1620 βλάψαι
525 1549 628 1601 τούς
666 1550 913 1604 πολεμίους
969 1550 1043 1592 καὶ
1082 1567 1165 1605 γαρ
1196 1567 1284 1593 των
1322 1553 1368 1594 ἐκ
1398 1555 1703 1626 Συρακουσῶν

325 1607 539 1676 φυγαδων
577 1607 731 1650 πολλοὶ
771 1606 1197 1675 συνδεδραμήκεισαν
1238 1609 1296 1658 εἰς
1335 1624 1414 1663 την
1455 1608 1603 1659 πόλιν,
1657 1611 1700 1650 οι

321 1665 396 1707 καὶ
428 1663 500 1707 διὰ
530 1662 610 1718 τὴν
639 1665 756 1706 ἰδίαν
795 1661 1041 1733 ασφὰλειαν
1077 1680 1151 1706 και
1191 1663 1262 1707 δια
1302 1664 1351 1706 τὸ
1382 1663 1494 1718 πρὸς
1524 1664 1602 1707 τὸν
1631 1664 1701 1707 τύ-

323 1737 490 1771 ραννον
519 1726 644 1776 μῖσος
674 1720 874 1775 ἐκθύμως
902 1718 1180 1774 ηγωνίζοντο.
1234 1719 1342 1764 καθ’
1375 1719 1426 1763 ὃν
1457 1720 1508 1776 δὴ
1537 1719 1700 1775 χρόνον

320 1783 430 1834 ηκον
457 1777 503 1820 έκ
533 1777 817 1831 Καρχηδόνος
845 1778 1064 1830 πρέσβεις,
1097 1780 1140 1820 οι
1167 1779 1228 1832 τῷ
1257 1777 1336 1833 μὲν
1362 1775 1615 1828 Ἀγαθοκλεῖ
1628 1793 1700 1820 πε-

241 1842 294 1884 95
327 1835 369 1888 ρὶ
408 1851 497 1877 των
526 1834 808 1890 πραχθέντων
849 1834 1131 1890 ἐπετίμησαν,
1173 1833 1231 1884 ὠς
1267 1836 1585 1904 παραβαίνοντι
1623 1851 1699 1886 τας

326 1891 574 1945 συνθήκας,
613 1896 705 1941 τοῖς
743 1892 789 1933 65
830 1893 1098 1945 Μεσσηνίοις
1136 1889 1314 1961 εἰρηνην
1351 1890 1698 1944 παρεσκεύασαν,

323 1949 397 1992 καὶ
434 1947 484 1990 τό
516 1947 739 2017 φρούριον
779 1945 1100 2002 ἄναγκασαντες
1139 1945 1491 2002 αποκαταστῆσαι
1520 1947 1598 1990 τόν
1628 1947 1698 1989 τύ-

324 2021 491 2060 ραννον
531 2003 806 2047 ἀπέπλευσαν
846 2006 905 2054 εἷς
940 2003 1019 2059 τὴν
1056 2004 1239 2074 Λιβύην.
1298 2004 1321 2048 ὁ
1361 2004 1406 2047 δ’
1431 2003 1697 2073 Ἀγαθοκλῆς

216 2073 295 2114 100
324 2060 559 2115 παρελθών
588 2063 646 2112 εἰς
668 2059 928 2133 Ἀβακαινον
957 2060 1085 2103 πόλιν
1116 2061 1355 2129 σύμμαχον,
1384 2059 1487 2110 τοὺς
1516 2062 1696 2103 δοκοῦν-
1731 2063 1735 2065 ”

323 2135 401 2169 τας
432 2117 666 2171 αλλοτρίως
706 2118 771 2173 ἔεχ
756 2133 817 2159 ειν
859 2132 912 2159 τα
950 2117 1075 2186 πρὸς
1102 2115 1236 2160 αὐτὸν
1266 2117 1533 2186 απέσφαξεν,
1566 2115 1694 2167 ὄντας

322 2177 500 2227 πλείους
535 2179 623 2218 τῶν
658 2189 988 2230 τετταρακοντα.
1048 2190 1136 2230 αμα
1176 2174 1221 2218 δὲ
1258 2172 1432 2224 τούτοις
1460 2189 1694 2230 πραττομε-

323 2322 379 2356 (Γ).
417 2319 480 2366 65]
503 2321 572 2365 γάρ
596 2322 626 2356 F
788 2321 844 2355 67.
876 2317 1101 2365 Ἀντιγόνου]
1129 2318 1306 2365 αντιγόνῳ
1330 2321 1361 2354 F
1520 2319 1577 2354 71.
1611 2320 1693 2362 περὶ

322 2383 373 2402 zm
363 2369 418 2411 ἵν]
457 2370 531 2402 τῶν
555 2368 639 2409 περὶ
661 2380 734 2402 των
759 2367 789 2400 F
1013 2367 1046 2402 2.
1095 2369 1338 2412 Συρακοσίων
1361 2367 1443 2400 Bas.
1634 2366 1691 2402 75.

319 2413 518 2456 τάργύριον
549 2415 633 2447 Rei
627 2415 729 2447 kius:
772 2413 865 2470 libri
891 2410 1094 2458 ἀργύριον
1284 2414 1341 2448 76.
1388 2413 1453 2458 τῆς
1485 2410 1693 2457 Enocwsllocs

319 2462 460 2495 l'vWY
482 2462 561 2495 Bao.
555 2487 575 2502 .‚
598 2460 726 2494 caeteri
747 2463 826 2500 ταῖς
849 2458 951 2504 ἐπαγ)
952 2461 1074 2498 ελίαις

412 2507 493 2541 369.
530 2507 586 2541 82..
634 2506 972 2563 ἐπιβουλευομένων
1004 2506 1088 2539 Rei
1079 2505 1188 2538 kias:
1227 2505 1309 2539 libri
1340 2503 1691 2560 προεπιβουλενομέ-

321 2566 398 2589 νων
560 2552 617 2587 83
665 2552 858 2608 ἐπιβολῆς]
885 2550 1080 2607 ἐπιβουλῆς
1105 2552 1182 2585 FW
1342 2551 1399 2586 84.
1446 2550 1488 2584 τό
1515 2561 1583 2584 om.
1607 2551 1690 2583 Bas.

482 2597 540 2633 85.
587 2597 797 2654 ἐχωρίσθη]
820 2596 1030 2643 ἀπεχώρησε
1054 2596 1122 2639 W,
1148 2595 1356 2642 ἀνεχώρησε
1380 2597 1474 2640 FQV
1632 2595 1688 2629 89.

324 2643 412 2680 οὐδὲ
407 2657 436 2678 ν
459 2645 492 2678 Τ
516 2646 612 2689 Bas„
637 2647 764 2679 caeteri
785 2646 1012 2689 praemittunt
1036 2656 1103 2678 κατ
1134 2668 1144 2687 ,
1170 2645 1262 2688 quod
1287 2643 1447 2678 isterisco
1465 2641 1598 2676 notavit
1613 2642 1686 2676 Ste-

318 2694 453 2735 phanus
634 2692 692 2725 91.
739 2693 971 2736 συνδεδραμη
964 2690 1121 2748 ’κεισαν]
1149 2691 1281 2725 συνδεδ
1285 2688 1490 2733 ραμήκασιν
1516 2689 1546 2721 F

319 2737 383 2772 διὰ
408 2736 495 2781 triv]
522 2735 578 2771 δι’
603 2738 683 2771 Bas.
864 2738 923 2772 99.
970 2735 1202 2791 Ἀβάκαινον]
1230 2734 1415 2772 Βάκαινον
1438 2734 1545 2769 FVW

322 2785 355 2819 1.
401 2782 692 2830 τετταράκοντα]
718 2784 800 2818 libri
823 2795 1097 2827 τεσσαρακοντα
