1820 3249
191 1395 271 1431 111.

293 113 404 155 1580
832 110 950 151 LIB.
997 110 1148 153 XVII.

288 241 360 276 que
390 229 555 264 nomina.
587 229 685 262 laeta
713 228 839 262 omina
868 230 965 274 apud
994 230 1177 276 templum
1206 229 1397 263 Minervae
1429 226 1530 277 [17.].
1560 228 1673 266 sacris

289 289 390 320 Deae
428 286 536 320 factis
567 286 772 330 sumtisque
809 297 828 318 e
857 287 998 331 templo
1038 287 1149 320 armis
1178 297 1242 320 rex
1281 285 1405 319 omnia
1441 292 1521 319 rata
1550 286 1674 319 habet.

289 345 419 377 Persae
448 354 522 376 non
554 343 680 377 audito
706 343 919 386 Memnone,
939 343 1002 388 qui
1031 344 1171 376 bellum
1200 344 1237 376 in
1267 343 1528 376 Macedoniam
1553 349 1673 375 trans-

287 399 390 433 ferre
420 406 604 442 suaserat,
646 399 826 443 proelium
865 399 994 432 inituri
1024 401 1061 433 in
1093 400 1294 445 Phrygiam
1325 406 1477 433 movent
1503 399 1548 432 ad
1579 400 1676 432 Gra-

285 457 411 490 nicum
441 457 598 490 fluvium
631 452 735 506 [18.].
777 456 983 490 Alexander
1013 468 1057 490 ex
1088 457 1240 490 adverso
1275 457 1379 500 ponit
1411 462 1542 490 castra.
1577 455 1674 488 acies

285 514 331 545 ab
371 519 534 558 utraque
579 518 683 557 parte
727 512 935 546 instruitur.
981 525 1106 558 pugna
1149 513 1343 547 commissa
1384 514 1429 546 ad
1468 512 1674 546 Granicum

286 566 388 617 [19.].
429 570 527 614 regis
557 581 643 602 cum
673 569 908 613 Spithrobata
939 575 1131 603 certamen
1163 570 1350 614 singulare
1383 567 1483 617 [20].
1522 568 1676 602 interfe-

289 626 357 659 ctis
398 626 525 659 multis
555 626 792 659 nobilissimis
823 626 939 661 Persis
980 637 1045 658 rex
1077 625 1211 659 evadit.
1245 626 1386 670 proelio
1425 625 1512 659 victi
1542 628 1675 660 Persae

284 683 417 728 fugam
456 688 661 728 capessunt.
702 683 801 716 ultra
841 693 993 715 movens
1025 681 1230 715 Alexander
1270 683 1310 715 in
1349 683 1506 727 Lydiam
1544 681 1675 715 Sardes

285 741 386 784 capit
418 736 517 787 [21.].
549 751 635 773 cum
664 741 794 773 Persae
817 739 992 772 Miletum
1024 739 1286 784 confugissent,
1309 739 1515 772 Alexander
1542 739 1676 772 urbem

285 796 503 842 gravissima
534 797 811 842 oppugnatione
846 795 892 828 ad
922 794 1149 829 deditionem
1184 796 1305 841 coegit
1337 792 1435 843 [22].
1467 795 1582 828 classe
1612 795 1675 827 ἀθ-

285 854 361 887 leta
390 854 463 886 suis
494 864 644 886 omnem
682 853 793 898 fugae
831 863 935 897 spem
976 852 1106 885 adimit
1136 852 1351 886 Alexander.
1411 854 1542 886 Persae
1571 851 1676 885 Hali-

286 921 500 943 carnassum
539 921 576 943 se
607 909 812 953 recipiunt:
844 911 1025 942 Memnon
1064 920 1220 942 uxorem
1260 916 1298 943 et
1335 909 1473 944 liberos
1512 906 1676 954 pignoris

286 967 371 999 loco
406 965 452 999 ad
491 966 648 999 Darium
683 966 799 999 mittit
838 963 940 1013 [23].
987 966 1192 999 Alexander
1231 968 1463 1003 Graecorum
1510 965 1550 998 in
1590 964 1676 997 Asia

286 1023 453 1056 amicitia
470 1022 589 1056 fretus
609 1022 907 1056 Halicarnassum
939 1029 1130 1068 oppugnat
1162 1019 1264 1070 [24..]
1295 1023 1548 1057 atrocissimae
1577 1021 1676 1054 inter

286 1080 495 1113 obsidentes
525 1075 759 1124 obsessosqiie
789 1090 938 1125 pugnae
971 1076 1071 1127 [25].
1102 1080 1348 1123 Macedones,
1377 1081 1479 1114 facta
1509 1089 1553 1111 ex
1584 1078 1676 1111 urbe

286 1137 530 1178 excursione,
575 1136 770 1181 aliquoties
801 1136 895 1181 pulsi
943 1132 1042 1183 [26.].
1081 1136 1232 1170 tandem
1271 1137 1437 1171 veterani
1475 1136 1676 1170 subeuntes

285 1205 454 1239 pugnam
491 1204 566 1226 una
596 1204 684 1225 cum
716 1192 806 1226 fusis
837 1193 1002 1226 hostibus
1042 1193 1081 1225 in
1111 1194 1241 1226 urbem
1270 1195 1433 1228 irruunt.
1469 1203 1543 1239 quo
1572 1191 1676 1224 facto

285 1252 469 1284 Memnon
497 1249 630 1283 relicta
664 1250 754 1282 urbe
788 1261 874 1283 cum
904 1250 977 1283 suis
1014 1250 1051 1282 in
1083 1249 1243 1283 insulam
1275 1252 1355 1284 Con
1392 1249 1554 1290 traiicit3
1595 1248 1677 1281 Ale-
1712 1262 1716 1264 ·

285 1307 428 1340 xander
464 1307 558 1340 urbe
600 1306 775 1350 omnique
816 1306 863 1352 ad
897 1316 1000 1339 mare
1045 1306 1126 1340 Asia
1169 1306 1310 1351 potitur
1349 1304 1449 1356 [27].
1492 1306 1531 1338 in
1561 1304 1677 1348 Lycia

286 1365 557 1398 Marmarenses
587 1362 770 1396 obstinato
811 1363 933 1396 animo
967 1362 1047 1407 regi
1085 1374 1122 1396 se
1152 1363 1284 1397 dedere
1320 1369 1515 1405 recusant,
1549 1361 1676 1394 incen-

286 1432 398 1466 saque
430 1421 521 1454 urbe
558 1431 625 1464 per
654 1419 776 1452 media
806 1420 971 1453 hostium.
1005 1425 1124 1453 castra
1150 1420 1361 1466 ¹aufugiunt
1393 1417 1492 1468 [28.].
1539 1418 1674 1452 Darius

286 1478 484 1511 Memnoni
510 1488 695 1511 summam
720 1476 811 1510 belli
843 1476 1066 1520 committit,
1095 1477 1161 1522 qui
1190 1477 1282 1511 Chio
1312 1477 1492 1522 Lesbique
1524 1475 1676 1508 urbibus

287 1535 425 1578 potitus
457 1535 691 1568 Graecorum
732 1534 866 1567 multos
904 1534 943 1566 in
981 1533 1184 1567 amicitiam
1222 1534 1359 1577 allicit,
1393 1540 1430 1567 et
1458 1533 1598 1567 bellum
1637 1532 1675 1564 in

288 1592 478 1636 Europam
508 1597 675 1624 avertere
704 1589 875 1627 instituit.
913 1590 974 1624 sed
1003 1592 1183 1624 lVIemnon
1214 1592 1346 1625 morbo
1375 1595 1564 1634 correptus
1591 1600 1676 1638 ρισ-

283 1647 384 1681 ritur
420 1644 523 1694 [29].
559 1648 680 1681 occiso
720 1648 834 1681 etiam
872 1647 1094 1681 Charidemo
1133 1647 1344 1682 Atheniensi
1380 1647 1550 1693 principe
1582 1645 1675 1687 viro,

287 1705 353 1749 qui
386 1704 546 1741 meliora
583 1704 646 1738 sed
687 1705 770 1750 regi
804 1705 951 1749 ingrata
992 1704 1247 1747 consuluerat,
1291 1705 1430 1739 Darius
1468 1704 1548 1748 ipse
1584 1702 1675 1735 belli

287 1761 443 1806 gerendi
472 1773 603 1794 curam
640 1761 792 1806 suscipit
822 1758 922 1809 [50.].
961 1772 1077 1795 novus
1117 1762 1295 1795 exercitus
1324 1763 1520 1795 Persarum
1549 1759 1675 1803 Baby-

290 1819 414 1852 lonem
443 1818 643 1852 convenire
681 1818 842 1854 iubetur.
885 1819 1053 1863 equitum
1090 1818 1332 1864 peditumque
1360 1828 1548 1852 numerus.
1598 1817 1676 1849 Da-

286 1875 367 1909 rius
395 1875 581 1920 Babylone
619 1875 808 1920 profectus
848 1875 1049 1908 exercitum
1087 1875 1129 1909 in
1158 1876 1329 1910 Ciliciam
1365 1876 1467 1908 ducit
1495 1882 1606 1907 uxore
1639 1878 1676 1906 et

288 1932 417 1966 liberis
452 1932 664 1969 comitibus.
700 1932 844 1966 interea
885 1932 1090 1966 Alexander
1118 1934 1249 1967 morbo
1279 1933 1496 1978 gravissimo
1530 1930 1677 1963 labora-

289 1990 374 2035 hat,
414 2001 488 2035 quo
527 1990 682 2023 tandem
718 1989 908 2034 Philippus
942 1990 1113 2023 Acarnan
1154 2001 1241 2023 eum
1279 1989 1452 2023 liberavit
1492 1984 1592 2034 [31.].
1633 1987 1675 2019 in

289 2046 542 2079 Alexandrum
577 2047 783 2090 Lyncesten
812 2046 971 2091 suspicio
1007 2049 1103 2079 'orta-
1146 2047 1203 2081 his
1242 2047 1435 2080 defunctus
1470 2043 1675 2097 Alexander

290 2104 344 2137 M.
380 2102 666 2137 Parmenionem
695 2102 798 2136 iubet
826 2102 990 2148 regionis
1019 2109 1144 2147 portas
1185 2115 1381 2148 occupare.
1421 2101 1564 2135 incolae
1594 2111 1675 2134 ma-

292 2160 350 2205 gis
390 2159 432 2193 in
464 2161 590 2193 Persas
628 2159 822 2204 propensi;
860 2159 925 2193 sed
953 2161 1025 2193 Isso
1055 2159 1205 2194 Ciliciae
1241 2161 1332 2194 urbe
1364 2157 1569 2195 Alexander
1597 2161 1677 2190 erat

288 2216 426 2261 potitus
459 2213 562 2263 [32].
602 2227 688 2250 cum
725 2216 882 2250 Darium
923 2216 962 2249 in
1000 2217 1210 2262 propinquo
1250 2228 1326 2250 esse
1362 2215 1564 2260 accepisset
1593 2214 1678 2247 Ale-

287 2272 465 2315 xander‚·
485 2273 628 2317 proelio
660 2273 851 2308 decertare
881 2279 999 2319 parat.
1028 2274 1126 2307 acies
1155 2273 1334 2307 instructa
1363 2279 1399 2306 et
1428 2283 1554 2317 pugna
1580 2271 1677 2303 inita

288 2328 512 2363 describitur
543 2326 631 2376 [33]
671 2330 813 2364 ducum
841 2330 1037 2376 singularis
1074 2331 1202 2363 virtus.
1246 2330 1348 2363 eirca
1385 2340 1493 2374 reges
1523 2327 1676 2360 atrocis-

287 2386 382 2419 sima
411 2398 548 2431 pugna.
600 2388 842 2421 consternatis
874 2387 982 2422 Darii
1024 2387 1125 2433 equis
1155 2388 1349 2421 Persarum
1379 2386 1475 2420 acies
1504 2385 1675 2418 turbatur

289 2448 327 2476 et
361 2443 402 2475 in
434 2443 567 2488 fugam
602 2443 804 2483 effunditur
836 2441 939 2491 [34.].
978 2443 1115 2489 praeda
1142 2443 1181 2476 in
1219 2444 1349 2477 castris
1384 2443 1535 2484 relicta,
1566 2452 1672 2486 prae-

287 2499 418 2534 sertim
454 2510 546 2544 gaza
573 2500 689 2546 regia.
720 2501 950 2546 captivarum
978 2500 1182 2534 mulierum
1211 2512 1359 2534 summa
1391 2498 1539 2532 miseria
1571 2495 1672 2545 [35.].

288 2556 388 2590 inter
424 2555 514 2590 alias
552 2556 659 2590 Darii
706 2563 845 2600 mater,
885 2567 999 2600 uxor,
1042 2557 1152 2591 liberi
1190 2557 1399 2591 calamitate
1449 2555 1673 2590 eminebant.

289 2612 465 2647 adiicitur
504 2624 696 2647 caesorum
736 2614 776 2649 in
816 2613 895 2647 aoie
935 2613 981 2647 ad
1018 2614 1138 2647 Issum
1178 2625 1353 2648 numerus
1384 2610 1483 2661 [36.].
1521 2611 1670 2654 Darius,

291 2681 406 2714 quem
435 2669 640 2704 Alexander
671 2677 883 2715 persecutus
916 2676 1015 2713 erat,
1045 2670 1134 2715 fuga
1165 2669 1205 2703 in
1232 2676 1356 2705 tutum
1385 2668 1564 2714 pervenit.
1593 2679 1673 2702 ma-

291 2731 391 2761 trem
421 2726 530 2764 Darii
566 2727 715 2764 anxiam
743 2733 780 2764 et
812 2726 1063 2775 trepidantem
1091 2728 1296 2763 Alexander
1327 2726 1540 2762 consolatur
1569 2724 1672 2759 beni-
