1820 3249
333 145 420 187 958
718 139 841 186 ³31ss.
869 142 960 188 XV.
1011 144 1142 190 GAP.
1163 148 1230 190 12.
1258 149 1325 193 13.

249 255 304 295 12
445 254 570 299 Κατοὲ
599 256 647 301 δὲ
683 255 765 315 τὴν
797 256 982 302 Ἑλλάδα
1017 262 1378 318 Λακεδαιμονίων
1413 261 1712 320 πορθούντων

248 320 305 359 30
333 315 631 368 Μαντίνειαν,
660 313 710 358 τὸ
738 314 818 370 μὲν
845 316 979 370 θέρος
1004 317 1247 361 διετέλεσαν
1275 321 1319 362 οἱ
1346 324 1587 374 Μαντινεῖς
1615 339 1711 378 γεν-

329 373 468 422 ναίως
499 369 814 426 ἀγωνιζόμενοι
850 371 959 426 πρὸς
987 372 1094 424 τούς
1121 377 1374 430 πολεμίους·
1413 377 1599 423 ἐδόκουν
1624 380 1712 436 γὰρ

329 426 510 485 ἀνδρείᾳ
541 429 768 486 διαφέρειν
795 432 882 471 τῶν
907 427 1145 482 Ἀρκάδων,
1174 433 1246 474 καὶ
1277 432 1350 477 διοὶ
1378 434 1516 479 τοῦθ’
1549 438 1594 480 οἷ
1620 440 1711 481 Λα-

325 483 600 540 κεδαιμόνιοι
629 485 845 540 πρότερον
874 483 1105 529 εἰώθεισαν
1138 486 1186 530 έν
1215 493 1311 540 ταῖς
1340 489 1497 547 μάχαις
1523 492 1712 544 τούτους

241 544 295 587 35
325 541 607 597 παραστάτας
646 542 756 598 ἔχειν
785 542 858 585 καὶ
887 542 1175 595 πιστοτάτους
1215 550 1305 588 τῶν
1334 547 1590 605 συμμάχων·
1628 553 1712 594 τοῦ

324 598 371 643 δὲ
405 602 616 655 χειμῶνος
648 598 906 650 ἐνστάντος,
947 600 1022 642 καὶ
1061 605 1142 644 τοῦ
1171 602 1291 655 παρα
1326 604 1406 660 τὴν
1433 607 1711 658 Μαντίνειαν

322 660 527 711 ποταμοῦ
556 654 748 711 μεγάλην
777 654 960 712 αὔξησιν
988 656 1036 699 ἐκ
1065 661 1155 701 τῶν
1185 658 1364 715 ὄμβρων
1392 663 1636 718 λαβόντος,
1667 664 1711 707 οἱ

320 712 665 769 Λακεδαιμόνιοι
702 711 751 756 τό
785 714 925 768 ῥεῦμα
964 716 1046 757 τοῦ
1083 721 1286 770 ποταμοῦ
1324 718 1602 776 διαλαβόντες
1638 736 1712 777 με-

320 769 472 826 γάλοις
500 769 696 826 χώμασιν
726 769 1003 823 ἀπέστρεψαν
1031 770 1111 814 τὸν
1138 772 1338 828 ποταμὸν
1367 777 1427 826 εἰς
1455 778 1536 833 τήν
1564 777 1708 829 πόλιν,

235 822 292 866 40
321 828 396 871 καὶ
424 826 567 870 πάντα
596 827 675 870 τὸν
705 826 918 882 σύνεγγυς
946 825 1084 871 τόπον
1120 828 1329 886 ἐποίησαν
1348 832 1585 888 λιμνάζειν.
1636 833 1706 879 διὸ

321 885 396 929 καὶ
425 888 514 927 τῶν
551 885 705 927 οἰκιῶν
734 889 992 928 πιπτουσῶν
1020 887 1365 942 καταπλαγέντες
1394 891 1437 932 οἷ
1465 894 1709 942 Μαντινεῖς

321 940 668 998 ἡναγκάσθησαν
706 942 786 997 τὴν
822 942 953 985 πόλιν
989 945 1269 995 παραδοῦναι
1305 950 1399 996 τοῖς
1436 950 1709 1003 Λακεδαιμο-

320 1001 447 1050 νίοις.
509 1000 552 1041 οἱ
591 999 637 1042 δὲ
673 998 1000 1055 παραλαβόντες
1031 998 1137 1043 ἄλλο
1167 1001 1246 1056 μὲν
1277 1000 1407 1046 οὐδὲν
1435 1003 1576 1047 κακόν
1619 1007 1706 1060 εἰρτ

234 1054 289 1099 45
319 1055 513 1112 γάσαντο
538 1055 644 1107 τούς
669 1060 920 1107 Μαντινεῖς,
950 1057 1217 1110 προςέταξαν
1248 1058 1295 1102 δὲ
1324 1061 1382 1110 εἰς
1412 1060 1489 1112 τοὶς
1519 1060 1705 1118 ἀρχαίας

318 1112 469 1169 κώμας
508 1118 849 1170 μετοικισθῆναι.
921 1113 1072 1168 διόπερ
1121 1112 1474 1172 ἠναγκάσθησαν·
1504 1118 1585 1175 τὴν
1624 1118 1705 1174 μὲν

319 1173 439 1214 ἰδίαν
470 1173 660 1226 πατρίδα
689 1170 1028 1224 κατασκάπτειν,
1068 1173 1130 1223 εἰς
1168 1172 1217 1216 δὲ
1250 1172 1326 1224 τὰς
1365 1172 1516 1230 κώμας
1555 1185 1705 1232 μετοι-

316 1240 460 1302 κησοέιι.
610 1285 621 1300 ε
734 1285 746 1300 1
838 1296 841 1298 .
1003 1296 1005 1298 .
1087 1286 1095 1300 ι
1295 1298 1299 1299 .
1327 1286 1337 1301 x
1423 1285 1432 1301 ι
1556 1260 1578 1284 '¹
1616 1256 1645 1264 '·
1695 1255 1698 1261 Ι

231 1294 286 1337 13
429 1290 533 1342 Λμα
581 1288 628 1331 δε
665 1302 841 1337 τουτοις
879 1300 1194 1343 πραττομένοις
1233 1302 1343 1330 κατα
1382 1303 1462 1344 την
1494 1289 1705 1332 Σικελίαν

313 1343 557 1397 Διονύσιος
587 1344 610 1388 ὁ
656 1347 746 1386 τῶν
775 1346 1068 1398 Συρακοσίων
1095 1344 1314 1398 τύραννος
1344 1345 1453 1401 ἔγνω
1484 1345 1594 1389 κατά
1623 1347 1705 1390 τόν

228 1410 283 1453 50
308 1399 487 1455 Ἀδρίαν
516 1401 662 1452 πόλεις
696 1403 884 1454 οἰκίζειν.
943 1406 1072 1444 τοῦτο
1103 1401 1148 1444 δὲ
1179 1401 1357 1456 ἔπραττε
1386 1401 1705 1459 διανοούμενος

311 1457 391 1501 τὸν
423 1457 581 1502 Ἰόνιον
620 1460 898 1513 καλούμενον
943 1457 1086 1512 πόρον
1131 1460 1470 1512 ἰδιοποιεῖσθαι,
1510 1461 1585 1515 ἵνα
1623 1459 1703 1503 τόν

271 1525 273 1528 ’
311 1515 381 1558 ἐπὶ
410 1514 724 1571 τῆν”Ηπειρον
754 1517 896 1559 πλοῦν
926 1513 1101 1570 ἀσφαλῆ
1145 1513 1474 1572 κατασκευάσῃ,
1513 1517 1589 1559 καὶ
1625 1516 1703 1560 πό-

310 1576 398 1623 λεις
439 1573 512 1630 ἔχῃ
545 1574 658 1624 ἰδίας
689 1574 759 1624 ἐἰς
788 1573 837 1616 τὸ
889 1571 1113 1615 δύνασθαι
1154 1573 1285 1615 ναυσὶ
1322 1577 1700 1630 καθορμισθῆναι.

226 1642 280 1686 55
311 1630 492 1674 ἔσπευδε
529 1629 613 1687 γάρ
646 1629 774 1686 ἄφνω
805 1628 1012 1686 μεγάλαις
1042 1624 1282 1682 δυνάμεσιν
1311 1629 1567 1673 ἐπιπλεῦσαι
1606 1634 1701 1687 τοῖς

308 1687 421 1733 κατὰ
449 1686 529 1745 τὴν
553 1687 770 1742 ’Ἠπείρου
798 1686 951 1738 τόποις
990 1687 1063 1729 καὶ
1096 1685 1301 1742 συλήσειν
1332 1685 1380 1729 τὸ
1425 1685 1473 1729 έν
1502 1690 1700 1739 Δελφοῖς

307 1745 505 1803 τέμενος,
542 1745 678 1800 γέμον
708 1748 881 1788 πολλῶν
919 1742 1165 1798 χρημάτων.
1223 1743 1292 1786 διὸ
1323 1743 1396 1786 καὶ
1424 1739 1700 1794 πρὸςἸλλ-υ-

310 1802 437 1856 ριοΰς
465 1802 698 1858 ἐποιήσατο
732 1803 978 1857 συμμαχίαν
1009 1800 1073 1844 δι’
1108 1799 1307 1843 Ἀλκέτου
1335 1803 1417 1844 τοῦ
1446 1802 1699 1852 Μολοττοῦ)-

309 1859 359 1912 ὂς
389 1859 593 1916 ἐτύγχανε
624 1858 767 1914 φυγὰς
804 1858 866 1902 ὢν
895 1857 968 1901 καὶ
1000 1859 1237 1913 διατρίβων
1267 1857 1315 1900 ἐν
1341 1862 1436 1908 ταῖς
1463 1855 1700 1912 Συρακούὲ

225 1934 280 1974 60
311 1929 419 1969 σαις.
477 1920 566 1960 τῶν
597 1916 638 1960 δ’
678 1916 904 1970 Ἰλλυριῶν
933 1913 1122 1970 ἐχόντων
1150 1913 1365 1970 πόλεμον,
1406 1913 1701 1966 ἐξαπέστειλεν

311 1973 460 2025 αὐτοῖς
489 1972 742 2030 συμμάχους
771 1972 1036 2028 στρατιώτας
1076 1974 1308 2028 διςχιλίους
1344 1971 1418 2016 καὶ
1453 1973 1699 2024 πανοπλίας

304 2031 557 2089 Ἑλληνικὰς
591 2034 893 2080 πεντακοσίας.
953 2031 997 2073 οἱ
1035 2027 1079 2073 δ’
1118 2028 1320 2084 Ἰλλυριοὶ
1347 2027 1426 2080 τοὶς
1454 2028 1534 2085 μὲν
1559 2043 1698 2072 πανο·

307 2092 435 2140 πλίας
467 2087 694 2132 ἀνέδωκαν
722 2093 811 2140 τοῖς
841 2086 1040 2143 ἀρίστοις
1069 2091 1159 2130 τῶν
1189 2090 1480 2141 στρατιωτῶν,
1510 2086 1615 2137 τούς
1645 2086 1693 2128 δὲ

1737 1357 1780 1392 13

224 2157 278 2201 65
310 2146 575 2202 στρατιώτας
602 2144 834 2200 κατέμιξαν
871 2150 965 2196 τοῖς
1006 2146 1134 2196 ἰδίοις
1173 2144 1470 2199 στρατιώταις.
1497 2155 1499 2158 ·
1527 2140 1695 2198 πολλὴν
1751 2166 1755 2167 ⁷

310 2205 357 2248 δὲ
386 2203 575 2259 δύναμιν
606 2202 895 2258 ἀθροίσαντες
925 2203 1135 2258 ἐνέβαλον
1165 2202 1223 2252 εἰς
1253 2199 1333 2256 τὴν
1353 2199 1588 2253 ’Ήπειρον,
1619 2198 1696 2243 καὶ

307 2259 675 2317 κατήγαγον-τόν
709 2260 909 2304 Ἀλκέταν
946 2259 1015 2303 ἐπὶ
1052 2259 1134 2315 τὴν
1171 2261 1260 2301 τῶν
1288 2260 1536 2300 Μολοττῶν
1574 2259 1695 2312 βασι-

307 2321 440 2363 λείαν.
499 2315 683 2369 οὐδενὸς
713 2316 759 2362 δ’
794 2317 945 2369 αὐτοῖς
973 2317 1287 2373 προςέχοντος,
1327 2313 1375 2359 τό
1407 2315 1486 2371 μὲν
1514 2317 1694 2371 πρῶτον

302 2496 360 2532 33.
386 2496 605 2542 εἰώθεισαν]
633 2494 815 2532 εἰώθεσαν
834 2495 916 2530 FIK
1102 2494 1160 2530 43.
1187 2491 1299 2530 οὐδὲν
1323 2493 1456 2536 κακόν]
1482 2489 1599 2528 οὐθὲν
1622 2503 1688 2526 κα-

301 2542 371 2579 κόν
395 2546 505 2585 AFh,
535 2545 664 2578 caeteri
688 2542 801 2579 κακὸν
827 2541 946 2578 ου’θὲν
1129 2540 1186 2577 45.
1214 2539 1342 2585 διόπερ
1368 2560 1415 2564 -
1436 2539 1493 2573 47.
1519 2538 1688 2584 μετοικῆ-

303 2602 365 2627 60ss
389 2603 460 2672 (ig,
476 2593 532 2673 5A3.
559 2634 644 2682 ἔχῃ]
671 2634 763 2680 ἔχειν
787 2637 817 2671 Α
1013 2633 1070 2670 56.
1096 2631 1288 2678 συλήσειν]
1314 2633 1466 2675 συλῆσαι
1490 2629 1687 2675 Stephanus

488 2683 669 2727 Δελφοῖς]
699 2682 866 2728 Δωδώνῃ
897 2681 1002 2716 vertit
1028 2684 1196 2726 Amyntas
1379 2679 1436 2713 59.
1468 2681 1550 2718 ταῖς
1574 2677 1686 2721 Συρ.]

308 2731 399 2773 Συρ.
423 2731 505 2763 FIK
689 2731 745 2764 63.
773 2728 987 2773 ἀνέδωκαν]
1015 2727 1197 2765 ἐνέδωκαν
1220 2727 1250 2761 L
1445 2724 1501 2760 66.
1525 2723 1687 2770 κατήγα-

304 2779 395 2822 γον]
422 2779 598 2821 praestare
620 2776 758 2811 videtur
781 2777 941 2821 κατῆγον
