1820 3249
296 135 408 176 1582
834 132 952 173 LIB.
1004 132 1160 175 XVII.

295 250 517 284 describitur
540 246 639 298 [57.].
668 249 756 284 hinc
784 249 971 295 proelium
1001 251 1260 288 committitur.
1290 264 1422 287 currus
1450 253 1580 288 falcati
1603 255 1682 300 pri·

294 320 401 341 mum
440 308 478 340 in
515 307 740 350 Macedones
776 307 961 353 impetum
1000 308 1156 344 faciunt.
1201 310 1265 344 sed
1316 311 1416 344 facto
1463 312 1680 356 clypeorum

295 365 451 410 strepitu
495 366 580 410 equi
619 366 844 399 consternati
881 365 1077 411 quadrigas
1106 367 1285 411 plurimas
1314 367 1470 401 falcatas
1510 375 1610 402 retro
1641 370 1681 403 in

292 434 379 456 suos
408 428 569 456 vertunt.
614 422 779 467 reliquae
818 428 946 456 tamen
983 429 1146 469 stragem
1179 424 1373 458 ediderunt
1400 425 1548 458 foedam
1584 421 1683 473 [58.].

292 480 461 524 sequitur
491 479 669 524 equestris
697 491 838 525 pugna,
877 479 1015 513 cedunt
1044 480 1277 514 Macedones.
1329 482 1480 516 Cadusii
1521 488 1558 516 et
1593 483 1685 527 Scy-

241 533 243 535 ’
293 537 379 570 thae
409 536 447 568 in
474 537 555 580 ipsa
583 536 834 570 Macedonum
864 542 986 569 castra
1016 543 1231 580 penetrant,
1258 539 1435 582 praedam
1463 545 1592 585 agunt,
1622 551 1684 573 ca-

202 862 280 909 με.

292 594 415 638 ptivas
455 593 660 630 abducunt.
703 593 946 639 Sisygambris
986 593 1093 626 Darii
1136 594 1264 627 matris
1307 596 1442 629 eximia
1478 597 1684 631 constantia

296 648 395 698 [59.].
426 650 633 684 Alexander
662 662 759 684 novo
789 651 931 695 impetu
959 649 997 682 in
1027 649 1188 683 Darium
1216 651 1338 695 ipsum
1368 652 1555 696 invectus,
1583 653 1684 687 auri-

292 719 380 753 gam
410 707 602 752 profligat,
641 707 728 741 inde
758 707 912 752 vulgato
950 718 1104 740 rumore
1133 707 1293 741 Darium
1331 709 1522 753 cecidisse,
1554 711 1683 744 Persae

292 764 332 798 in
362 764 491 810 fugam
525 770 793 797 convertuntur
825 761 924 810 [60.].
973 763 1110 797 Darius
1146 764 1245 797 nube
1275 765 1435 809 pulveris
1464 772 1583 800 tectus
1610 768 1683 801 sal-

293 834 360 856 vus
396 820 522 855 evasit.
565 823 762 855 Persarum
794 820 1022 865 fugientium
1058 820 1188 866 ingens
1218 822 1340 856 clades
1369 829 1506 857 secuta.
1557 835 1683 857 caeso-

294 891 379 912 rum
409 888 588 911 numerus
621 874 720 925 [61.].
766 878 934 911 Graecae
965 877 1131 911 civitates
1161 885 1389 913 crescentem
1421 880 1571 914 victoris
1601 880 1684 913 Ale-

255 945 263 953 ·
294 936 425 970 xandri
454 935 662 979 potentiam
693 941 901 979 suspectam
931 935 1081 968 habent.
1113 934 1254 980 itaque,
1286 937 1481 982 Antipatro
1505 937 1543 970 in
1566 938 1683 971 Thra—

293 993 351 1026 cia
383 992 482 1025 bello
525 998 656 1025 contra
693 993 941 1025 Memnonem
978 997 1180 1036 occupato,
1221 993 1508 1027 Lacedaemonii
1549 1005 1685 1039 oppor-

292 1050 454 1084 tunitate
483 1049 538 1082 usi
579 1060 646 1093 pro
676 1048 849 1082 libertate
887 1048 1026 1082 bellurn
1057 1055 1222 1085 movent.
1274 1062 1399 1096 regem
1430 1051 1585 1096 Agidem
1615 1052 1686 1085 im-

293 1114 506 1153 peratorem
555 1111 682 1139 creant
722 1102 822 1153 [62],
870 1117 911 1139 re
960 1106 1088 1139 audita
1130 1106 1345 1151 Antipater,
1389 1108 1595 1152 composito
1642 1108 1684 1142 in

297 1164 461 1198 Thracia
490 1162 609 1204 bello,
642 1162 810 1205 advolat,
842 1163 1057 1209 proelioque
1093 1162 1215 1196 hostes
1245 1164 1380 1199 fundit.
1428 1164 1553 1210 Agidis
1583 1177 1683 1199 mors

298 1219 552 1256 memorabilis
584 1216 684 1267 [63.].
714 1218 850 1253 Darius
881 1220 971 1265 fuga
1000 1220 1037 1252 in
1066 1220 1246 1264 satrapias
1274 1221 1499 1266 superiores,
1533 1227 1569 1254 et
1599 1222 1683 1267 qui-

297 1278 381 1312 dem
411 1277 600 1312 Ecbatana
628 1288 665 1310 se
693 1276 854 1320 recepit,
888 1282 928 1309 ut
959 1288 1070 1310 novas
1101 1275 1226 1321 copias
1253 1277 1306 1310 ibi
1335 1278 1450 1311 tutius
1479 1278 1686 1324 colligeret.

278 1335 527 1382 'Alexanderq
555 1333 699 1367 Arbelis
727 1333 866 1378 praeda
896 1340 1003 1379 capta
1032 1333 1187 1379 ingenti,
1217 1335 1442 1380 Babylonem
1473 1334 1586 1382 ducit,
1618 1335 1684 1369 ubi

293 1393 504 1438 provincias
543 1401 673 1424 recens
718 1396 916 1435 occupatas
957 1390 1106 1424 ordinat
1144 1387 1244 1438 [64.].
1288 1398 1370 1425 turn
1416 1392 1605 1437 profectus
1643 1393 1683 1426 in

295 1450 374 1495 ipso
404 1449 538 1482 itinere
566 1459 681 1481 novas
711 1458 755 1481 ex
775 1449 926 1492 Europa
944 1448 1069 1493 copias
1098 1447 1242 1492 recipit.
1275 1448 1363 1482 inde
1393 1448 1431 1482 in
1456 1449 1684 1483 Sittacenam

293 1507 489 1552 regionem
517 1516 753 1551 progressus,
791 1504 830 1537 in
860 1517 901 1539 re
933 1504 1089 1538 militari
1126 1505 1306 1539 nonnulla
1336 1505 1469 1540 melius
1506 1506 1684 1542 instituit:

294 1563 426 1597 deinde
464 1563 504 1596 in
533 1562 726 1596 Susianam
764 1569 913 1603 movet,
948 1563 1127 1607 Susasque
1165 1561 1260 1594 ultro
1298 1562 1335 1595 in
1367 1563 1592 1597 deditionem
1621 1575 1684 1597 ac-

293 1621 386 1666 cipit
420 1617 521 1667 [65.].
558 1631 649 1664 gaza
676 1618 779 1664 regia
818 1619 916 1652 Susis
945 1619 1094 1653 inventa
1130 1618 1364 1653 describitur.
1421 1620 1528 1654 Darii
1558 1631 1685 1654 mensa

291 1677 491 1711 Alexandri
534 1676 689 1721 pedibus
723 1675 870 1709 subdita
901 1677 1069 1710 eunucho
1109 1675 1284 1709 lacrimas
1322 1683 1446 1710 movet
1479 1673 1578 1725 [66.].
1616 1678 1684 1711 Su—

292 1734 341 1769 sis
369 1734 502 1768 relicta
531 1733 638 1767 Darii
667 1739 787 1767 matre
825 1745 911 1767 cum
940 1733 1079 1776 liberis,
1103 1733 1310 1767 Alexander
1337 1733 1533 1780 Pasitigrin
1563 1741 1684 1768 trans-

292 1791 342 1836 it,
380 1796 416 1825 et
445 1790 625 1836 superatis
653 1802 720 1835 per
751 1796 946 1836 angustam
974 1791 1075 1825 viam
1102 1789 1257 1835 rupibus
1297 1790 1442 1824 cunctis
1479 1802 1547 1836 per
1575 1791 1684 1825 Uxia-

292 1860 382 1882 nam
411 1848 606 1894 regionem
635 1847 789 1881 urbibus
817 1847 959 1892 potitur
989 1844 1090 1895 [67.].
1118 1847 1206 1880 inde
1235 1859 1450 1894 progressus
1475 1848 1684 1882 Alexander

293 1917 420 1940 versus
464 1904 629 1939 Persiam
665 1916 783 1950 usque
823 1904 869 1937 ad
908 1904 1076 1938 Susiades
1109 1911 1250 1949 petras,
1288 1905 1378 1938 dum
1419 1906 1605 1950 angustias
1636 1905 1682 1939 ab

294 1963 541 1996 Ariobarzane
578 1962 740 1995 obsessas
778 1972 1020 2007 perrumpere
1061 1967 1236 2005 conatur,
1272 1974 1358 1996 cum
1395 1961 1540 2007 ingenti
1578 1962 1683 1997 c'lade

295 2019 500 2065 repellitur.
550 2030 570 2053 e
599 2019 755 2064 captivis
790 2030 907 2051 unum
939 2019 1011 2052 alia
1051 2018 1110 2053 via
1139 2024 1284 2053 secutus
1313 2019 1502 2065 angustias
1531 2024 1685 2063 superat

296 2083 333 2110 et
362 2077 648 2110 Ariobarzanem
677 2075 855 2120 opprimit
882 2072 982 2123 [68.].
1018 2075 1105 2109 hinc
1134 2075 1347 2121 Persepolin
1378 2076 1604 2109 contendens
1636 2075 1685 2109 li·-

293 2140 393 2168 teras
422 2146 443 2167 a
472 2132 638 2167 Tiridate
668 2132 820 2176 accipit,
853 2132 917 2177 qui
946 2132 1074 2166 urbem
1105 2133 1251 2167 tradere
1278 2132 1487 2178 pollicetur.
1547 2132 1685 2166 Graeci

296 2191 434 2235 captivi
462 2190 571 2224 foede
605 2189 771 2223 mutilati
809 2189 856 2222 ad
891 2188 958 2222 800
987 2189 1067 2235 regi
1105 2189 1252 2223 obviam
1284 2189 1395 2232 facti,
1429 2189 1506 2223 eius
1536 2189 1683 2223 miseri-

297 2248 464 2282 cordiam
494 2253 646 2281 movent
676 2243 777 2293 [69.].
811 2246 1015 2290 Persepolis
1043 2246 1079 2280 vi
1109 2253 1216 2293 capta
1246 2253 1282 2280 et
1311 2252 1470 2289 vastata,
1502 2246 1574 2280 viri
1603 2252 1682 2280 tru-

297 2305 430 2347 cidati,
468 2315 556 2348 opes
584 2304 753 2349 ingentes
781 2302 964 2348 direptae,
995 2303 1160 2338 feminae
1197 2303 1238 2337 in
1266 2304 1480 2337 servitutem
1509 2303 1682 2337 redactae

296 2359 398 2409 [7o.].
437 2372 502 2396 arx
539 2360 642 2406 regia
672 2367 816 2394 exemta
854 2373 875 2394 a
904 2361 1052 2405 praeda.
1090 2373 1228 2407 magna
1266 2361 1349 2394 auri
1379 2361 1597 2406 argentique
1626 2361 1682 2394 vis

292 2419 356 2452 hic
385 2417 568 2452 custodita
596 2417 635 2450 in
663 2417 753 2451 belli
786 2428 871 2451 usus
900 2417 939 2450 in
977 2418 1049 2451 alia
1082 2417 1165 2451 loca
1193 2423 1416 2452 transvecta.
1445 2417 1540 2452 arcis
1568 2417 1682 2463 ipsius

294 2475 492 2520 descriptio
533 2471 634 2522 [71.].
678 2474 874 2508 victoriam
907 2474 1111 2508 Alexander
1148 2475 1250 2509 festis
1290 2481 1327 2508 et
1364 2475 1681 2508 comissationibus

294 2532 468 2575 celebrat,
499 2531 597 2565 inter
626 2543 716 2576 quas
745 2531 828 2565 vino
862 2531 1064 2565 inebriatus
1093 2537 1129 2565 et
1158 2531 1309 2566 Thaidis
1333 2532 1589 2565 exhortatione
1607 2531 1678 2564 im-

292 2589 417 2635 pulsus
448 2599 573 2622 arcem
602 2589 748 2633 regiam
787 2588 956 2621 incendio
986 2588 1083 2622 delet
1114 2585 1215 2636 [724.
1262 2592 1361 2623 Tum
1398 2589 1505 2622 urbes
1533 2588 1678 2622 Persiae

290 2646 454 2693 subigit,
496 2651 534 2680 et
570 2651 692 2679 castra
730 2645 768 2678 in
796 2645 952 2679 Darium
990 2651 1137 2688 movet,
1178 2646 1243 2690 qui
1279 2647 1414 2680 Bactra
1448 2645 1680 2691 confugerat.

293 2703 357 2736 sed
402 2706 531 2738 Bessus
559 2702 721 2749 regionis
759 2707 906 2748 satrapa
936 2702 1096 2736 Darium
1133 2709 1218 2736 ante
1254 2702 1450 2736 Alexandri
1479 2703 1677 2736 adventum

295 2760 380 2794 dolo
422 2767 572 2807 captum
617 2759 826 2794 obtruncat.
875 2759 1162 2794 Lacedaemonii
1201 2770 1266 2806 per
1306 2759 1544 2806 Antipatrum
1589 2758 1680 2794 victi
