1820 3249
357 123 441 165 960
734 119 1003 185 ⁴LIB.XV.
1045 122 1379 169 cAP.14.15

353 238 507 291 ληνας
518 235 791 290 πορθοῦντες
819 233 1012 288 πολλοὺς
1031 232 1266 306 ἀνῄρουν.
1314 235 1352 283 ὁ
1389 234 1433 283 δ’
1473 238 1521 283 ἐν
1548 240 1605 296 τῇ
1632 241 1733 284 Λίσ

354 303 417 348 σῳ
447 291 773 364 καθεσταμένος
799 291 985 361 ἔπαρχος
1016 291 1102 337 ὑπὸ
1128 294 1371 339 Διονυσίου
1400 295 1591 352 τριήρεις
1618 299 1732 341 πλεί-

354 364 433 400 ους
462 347 569 404 ἔχων
599 349 829 393 ἐπέπλευσε
858 355 950 401 τοῖς
978 352 1065 394 τῶν
1097 348 1324 420 Ἰλλυριῶν
1346 353 1616 407 πλοιαρίοις·
1657 354 1732 398 καὶ

349 404 412 459 τὰ
436 406 521 462 μὲν
570 408 783 462 βυθίσας,
824 407 876 450 τὰ
913 407 959 461 66
994 407 1338 464 χειρωσάμενος.
1386 408 1605 453 ἀπέκτεινε
1641 415 1733 454 τῶν

269 466 322 506 10
352 452 592 535 βαρβάρων
641 466 817 515 πλείους
864 468 954 507 τῶν
1001 467 1376 533 πεντακιςχιλίων,
1421 465 1634 536 ἐζώγρησε
1683 468 1732 511 66

267 542 270 544 *
306 575 309 580 Ι
351 521 452 591 περὶ
471 521 732 590 διςχιλίους.
791 519 1030 572 Διονύσιος
1067 522 1113 565 66
1139 521 1384 593 χρημάτων
1424 522 1732 595 απορούμενος

350 576 634 632 ἐστράτευσεν
683 578 753 621 ἐπὶ
781 579 1073 647 Τυῤῥηνίαν,
1123 578 1231 635 ἔχων
1274 577 1481 649 τριήρεις
1508 580 1729 636 ἐξήκοντα,

349 633 589 707 πρόφασιν
615 635 694 690 μὲν
735 635 883 690 φέρων
913 633 1002 704 τήν
1035 638 1126 678 τῶν
1161 640 1336 706 λῃστῶν
1372 634 1634 690 κατάλυσιν,
1675 640 1732 695 τῇ

350 690 395 734 δ’
436 693 619 749 αληθεία
649 693 850 749 συλήσων
880 690 998 761 ίερόν
1028 690 1179 762 ἅγιον,
1219 693 1354 748 γέμον
1390 693 1469 762 μὲν
1501 692 1732 765 ἀνάθημά--ι

266 752 319 794 15
348 764 438 792 των
466 751 654 800 πολλῶν,
684 746 1010 821 καθιδρυμένον
1038 746 1081 791 δ’
1120 749 1166 792 ἐν
1196 749 1368 807 ἐπινείῳ
1398 749 1563 803 πόλεως
1586 749 1731 808 Ἀγύλ-

347 809 424 862 λης
459 807 752 876 Τυρρηνίδος·
784 804 833 850 τό
867 805 911 849 δ’
942 805 1131 848 ἐπίνειον
1162 795 1401 862 ὠνομάζετο
1434 808 1623 877 Πιξργοι.
1654 825 1730 852 κα-

345 862 591 914 ταπλεύσας
630 863 675 906 δὲ
712 863 871 914 νυκτὸς
907 863 979 905 καὶ
1019 861 1099 918 τήν
1129 863 1318 918 δύναμιν
1353 864 1615 933 ἐκβιβάσας,
1651 862 1727 936 εἰμ’

345 917 488 990 ήμέρα
526 919 783 975 προςπεσῶν
822 921 1028 989 ἐκράτησε
1058 923 1133 976 τῆς
1162 920 1379 976 ἐπιβολῆς.
1439 922 1601 977 ὀλίγων
1639 922 1724 978 γάρ

347 976 489 1020 ὄντων
519 978 565 1021 ἐν
591 982 656 1046 τῷ
688 978 833 1035 χωρίῳ
874 975 1086 1046 φυλάκων
1122 977 1388 1047 βιασάμενος
1428 978 1590 1029 αὐτούς
1629 979 1725 1022 ἐσύ-

259 1041 315 1081 20
344 1037 446 1090 λησε
477 1033 526 1077 τό
568 1033 688 1089 ἱερὸν
724 1036 799 1078 καὶ
840 1032 1134 1089 συνήθροισεν
1173 1032 1255 1078 οὐκ
1296 1035 1472 1082 ἔλαττον
1497 1034 1726 1080 ταλάντων

310 1093 510 1162 χιλίων·
555 1096 642 1134 τῶν
689 1091 735 1135 66
771 1089 1036 1146 Ἀγυλλαίων
1084 1090 1477 1148 ἐκβοηθησάντων,
1526 1092 1640 1161 μάχῃ
1679 1109 1726 1138 τε

341 1148 577 1217 ἐκράτησεν
607 1147 756 1192 αὐτῶν
794 1149 867 1192 καὶ
905 1147 1098 1198 πολλους
1137 1149 1435 1205 αἰχμαλώτους
1472 1137 1625 1205 λαβών
1650 1149 1724 1193 καὶ

340 1222 420 1275 την
457 1204 608 1261 χώραν
645 1204 878 1277 πορθήσας
921 1206 1165 1274 ἐπανῆλθεν
1200 1209 1259 1257 εἰς
1295 1207 1385 1258 τὰς
1411 1206 1721 1262 Συρακούσας.

253 1266 308 1308 25
339 1259 611 1332 οἷποδόμενος
651 1264 698 1306 66
733 1262 787 1306 τά
825 1261 1006 1334 λάφυρα
1046 1260 1296 1331 συνήγαγεν
1327 1262 1412 1308 οὐκ
1452 1263 1611 1307 ἐλάττω
1650 1281 1722 1307 τα-

304 1315 511 1363 λάντων
539 1322 848 1364 πεντακοσίων.
893 1318 1138 1377 εὐπορήσας
1165 1321 1214 1364 66
1243 1320 1488 1394 χρημάτων,
1520 1318 1722 1391 ἐμισθοῦ-

335 1394 385 1421 το
417 1382 702 1445 στρατιωτῶν
725 1376 1019 1421 παντοδαπῶν
1049 1381 1240 1429 πλῆθος,
1279 1379 1354 1421 καὶ
1384 1377 1576 1434 δύναμιν
1606 1375 1654 1420 οἳ
1640 1374 1722 1428 ζιό-

335 1437 497 1507 stoon
497 1433 837 1493 συστησάμενος
863 1434 1068 1493 φανερὸς
1105 1439 1159 1491 ην
1198 1432 1458 1491 πολεμήσων
1497 1437 1729 1496 Καρχηδοη

250 1494 305 1534 30
335 1493 458 1562 νίοις.
526 1496 665 1536 ταῦτα
703 1493 783 1549 μὲν
825 1509 908 1536 ουν
947 1492 1142 1549 ἐπράχθη
1183 1492 1293 1535 κατὰ
1310 1494 1491 1545 τοῦτον
1525 1491 1604 1535 τόν
1635 1485 1729 1551 ἐνι-

335 1549 482 1592 αυτόν.

248 1612 303 1658 15
337 1652 339 1654 ,
441 1604 533 1648 ΗΕπ
575 1600 788 1679 οίρχοντος
829 1604 872 1650 δ’
917 1604 1127 1663 Ἀθήνησι
1165 1571 1481 1675 Φανοστράτου
1511 1602 1729 1672 Ρωμαῖοι
1762 1635 1779 1659 “3

331 1658 600 1720 κατέστησαν
630 1663 727 1707 άντὶ
755 1667 844 1707 τῶν
875 1663 1051 1707 ὑπάτων
1080 1662 1329 1718 χιλιάρχους
1358 1661 1575 1716 τέτταρας,
1607 1658 1717 1716 Λεύ-

330 1736 430 1763 κιον
469 1721 775 1776 Λουκρήτιον,
821 1721 1009 1768 Σέντιον
1055 1722 1356 1771 Σουλπίκιον,
1396 1717 1590 1762 Λεύκιον
1640 1709 1720 1788 Αι-

246 1787 300 1830 35
330 1779 528 1846 μίλιον,
541 1778 731 1824 Λεύκιον
763 1777 979 1831 Φούριον.
1039 1776 1106 1820 ἐπὶ
1137 1776 1183 1819 66
1213 1774 1386 1823 τούτων
1415 1774 1653 1832 Διονύσιος
1687 1772 1720 1822 ὁ

329 1839 431 1883 τῶν
440 1837 746 1888 Συρακοσίων
784 1834 1004 1889 τύραννος
1041 1833 1490 1887 παρασκευασάμενος
1513 1824 1714 1900 πολεμεῖν

326 1892 671 1961 Καρχηδονίοις,
714 1891 846 1950 ἐζήτει
867 1894 1028 1961 λαβεῖν
1053 1890 1282 1946 πρόφασιν
1313 1888 1498 1946 ευλογον
1526 1892 1613 1950 2⁷05
1635 1904 1712 1938 πο-

324 1948 472 2017 λέμου.
540 1947 660 2003 ὁρῶν
708 1951 790 1992 οὐν
828 1948 905 2000 τὰς
949 1947 1031 1993 ὑπὸ
1063 1948 1415 2017 Καρχηδονίους
1451 1945 1712 2016 τεταγμένας

324 2005 472 2057 πόλεις
502 2008 671 2056 οἰκείως
697 2004 880 2061 ἐχούσας
910 2004 1018 2076 πρὸς
1049 2001 1304 2057 ἀπόστασιν,
1334 2004 1610 2073 προςεδέχετο
1633 2001 1711 2053 τὰς

241 2063 298 2110 40
328 2061 605 2135 βουλομένας
622 2063 907 2119 ἀφίστασθαι,
938 2063 1012 2106 καὶ
1035 2060 1284 2132 συμμαχίαν
1309 2062 1423 2133 προς
1452 2059 1587 2110 αὐτάς
1612 2070 1710 2103 6vv-

324 2121 551 2189 τιθέμενος
588 2120 787 2171 ἐπιεικῶς
817 2120 1105 2175 προςεφέρετο
1135 2118 1326 2169 ταύταις
1380 2119 1423 2161 οἱ
1453 2117 1499 2161 66
1530 2115 1709 2185 Καρχη-

326 2175 470 2220 δόνιοι
501 2177 550 2221 τὸ
579 2177 675 2248 μὲν
686 2182 864 2233 πρῶτον
897 2177 1098 2232 πρέσβεις
1129 2175 1464 2226 ἀποστέλλοντες
1491 2173 1602 2243 πρὸς
1630 2173 1709 2216 τὸν
1739 2178 1743 2180 ”

325 2233 546 2289 δυνάστην
586 2233 784 2306 ἀπῄτουν
814 2234 891 2285 τὰς
931 2234 1098 2284 πόλεις·
1139 2250 1197 2290 μη
1229 2233 1528 2287 προςέχοντος
1554 2230 1600 2274 66
1632 2227 1709 2273 αὕ-

238 2293 293 2336 45
323 2294 405 2334 τοῦ
436 2292 597 2361 συνέβη
627 2292 791 2349 ταύτην
818 2291 956 2361 ἀρχὴν
985 2290 1189 2361 γενέσθαι
1217 2293 1297 2333 τοῦ
1325 2289 1531 2345 πολέμου.
1589 2290 1707 2339 Καρ-

317 2347 516 2405 χηδόνιοι
544 2349 625 2405 μὲν
661 2350 772 2407 πρὸς
810 2351 915 2401 τους
944 2347 1167 2405 παρόντας
1200 2348 1447 2419 συμμαχίαν
1472 2343 1705 2402 ποιησάμε-

318 2486 353 2521 6.
376 2486 521 2543 Λίσσῳ]
557 2487 673 2546 Λίσσῃ
707 2488 734 2522 Α
957 2487 1015 2523 13.
1049 2483 1236 2530 συλήσων]
1275 2480 1460 2530 συλλήσων
1483 2481 1519 2515 Κ

318 2532 376 2567 15.
401 2530 601 2578 Ἀγϋλλης]
623 2532 773 2578 Ἀγύλης
795 2534 827 2568 F
1011 2533 1068 2567 26.
1095 2531 1134 2568 66
1158 2528 1383 2586 χρημάτων]
1410 2530 1479 2563 οὐν
1502 2524 1700 2571 χρημάτων

318 2580 348 2614 L
524 2580 580 2614 32.
605 2579 780 2624 τέσσαρας
804 2580 835 2614 F
1021 2580 1078 2614 33.
1104 2574 1352 2622 Λουκρήτιον]
1378 2576 1601 2618 Λουκρίτιον
1624 2572 1702 2614 FK,

323 2624 533 2681 Λοκρήτιον
551 2628 599 2660 A:
618 2629 662 2660 ad
687 2627 884 2671 proximum
907 2624 1066 2663 Λεύκιον
1091 2629 1232 2660 annotat
1256 2624 1354 2680 xyess
1341 2621 1518 2666 <elingius‚
1543 2631 1634 2661 „non
1651 2620 1702 2652 le-

321 2674 377 2718 git
401 2675 516 2706 omnia
541 2674 626 2706 haec
649 2675 790 2707 nomina
815 2676 877 2708 A‘
1015 2674 1072 2706 34.
1098 2671 1159 2706 ἐπι
1184 2669 1223 2705 66
1211 2671 1238 2713 ]
1263 2667 1322 2704 ἐπὶ
1344 2669 1408 2702 FK
1535 2666 1591 2702 45,
1617 2663 1700 2708 μὲν]

321 2719 435 2753 scribe
457 2718 524 2763 μὲν
548 2720 618 2754 ov’v
738 2718 954 2775 παρόντας]
980 2718 1170 2772 παρόντας
1202 2712 1405 2757 Ἰταλιώτας
1427 2712 1698 2758 Wessefingitls:

320 2766 380 2800 sed
402 2773 488 2811 puto
510 2766 626 2810 ipsum
645 2764 852 2808 Ἰταλιώτας
875 2767 985 2802 latere
1008 2767 1045 2803 in
1070 2762 1257 2812 παρόντας
