1820 3249
501 192 614 234 LIB.
644 189 772 231 XVH.
832 189 962 231 GAP.
995 192 1086 232 115.
1120 192 1215 233 116.
1434 191 1545 232 1249

169 319 244 353 τας
274 297 573 371 τετραπήχεις
621 298 885 386 ἀιδριᾴντας
921 300 967 344 δὲ
1005 299 1292 371 πενταπήχεις
1325 306 1543 345 καθωπλι-
1572 306 1626 349 45

169 358 378 414 σμένους,
406 375 512 409 τους
543 356 589 402 δὲ
613 358 771 413 μεταξὺ
800 356 965 409 τόπους
995 361 1236 413 φοινικίδες
1267 356 1544 413 ἀνεπληρουν

169 418 354 484 πιληταί.
412 413 618 469 ὑπεράνω
660 415 705 457 δὲ
744 412 915 457 τούτων
951 431 1031 471 την
1069 414 1277 468 δευτέραν
1316 415 1544 485 ἐπανεῖχον

167 470 316 544 χώραν
349 473 477 529 δᾷδες
514 469 988 538 πεντεκαιδεκαπήχεις,
1034 471 1144 515 κατά
1181 488 1260 527 μεν
1295 469 1376 527 τὴν
1394 471 1543 541 λαβήν

168 529 345 598 ε’χουσαι
380 532 574 584 χρυσοῦς
614 526 878 597 στεφάνους,
928 527 1039 571 κατα
1082 530 1127 572 δὲ
1146 529 1239 599 τὴν
1267 527 1543 597 ἐκφλόγωσιν

166 583 322 636 ἀετούς
351 584 714 634 διαπεπετακότας
740 583 816 634 τοὶς
844 585 1060 655 πτέρυγας
1088 585 1161 628 καὶ
1181 585 1296 628 κάτω
1317 583 1542 638 νεύοντας,
1572 590 1627 632 50

167 640 285 696 παροὶ
327 641 372 684 ὁε
401 640 479 693 τοὶς
507 643 652 697 βάσεις
680 640 925 696 δράκοντας
952 640 1213 696 ἀφορῶντας
1240 657 1347 692 τους
1375 639 1541 693 ἀετούς.

165 697 277 742 κατὰ
305 696 351 741 δὲ
386 698 463 754 τὴν
491 700 642 755 τρίτην
668 697 916 768 περιφορὰν
945 698 1255 742 κατεσκεύαστο
1286 697 1408 767 ζςόων
1436 714 1543 741 παν·

164 756 370 798 τοδαπῶν
403 758 574 812 πλῆθος
608 755 964 817 κυνηγουμένων.
1022 756 1166 825 ἔπειτα
1196 754 1222 810 ἡ
1254 754 1333 809 μὲν
1361 753 1540 825 τετάρτη

163 810 284 867 χώρα
311 814 688 883 κενταυρομαχίαν
716 816 883 881 χρυσῆν
913 817 1044 880 εῖχεν,
1086 812 1113 867 ὴ
1145 811 1190 856 δε
1219 811 1387 880 πέμπτη
1416 811 1537 854 λεόν-
1568 815 1622 857 55

162 884 238 918 τας
267 868 341 911 καὶ
368 869 562 923 ταύρους
591 869 769 919 ἐναλλὰξ
797 873 1010 939 χρυσοῦς
1059 869 1108 912 τό
1148 866 1188 912 δ’
1221 866 1446 921 ἀνώτερον
1472 867 1542 923 μέ-

163 940 242 980 ρος
276 924 551 996 ἐπεπλήρωτο
584 927 903 969 Μακεδονικῶν
942 925 1015 968 καὶ
1057 928 1339 994 βαρβαρικῶν
1378 923 1540 974 ὅπλων,

166 982 231 1024 ὠν
259 980 339 1036 μὲν
367 981 446 1032 τὰς
476 980 792 1052 ἀνδραγαθίας,
824 985 887 1025 ὠν
910 982 955 1025 δὲ
979 981 1055 1033 τοὶς
1077 981 1205 1051 ήττας
1229 981 1542 1053 σημαινόντων.

165 1037 236 1081 ἐπὶ
264 1042 370 1082 πᾶσι
401 1039 446 1082 δὲ
475 1038 801 1108 ἐφειστήκεισαν
829 1043 1038 1093 Σειρῆνες
1068 1038 1287 1082 διάκοιλοι
1315 1038 1387 1081 καὶ
1411 1035 1543 1082 δυνά

163 1109 290 1148 μεναι
331 1093 576 1162 λεληθότως
620 1095 828 1147 δέξασθαι
866 1111 970 1145 τους
1013 1095 1060 1138 έν
1105 1094 1258 1146 αὐταῖς
1297 1094 1428 1146 ὄντας
1466 1094 1541 1138 καὶ
1570 1099 1625 1140 60

163 1149 351 1209 ἔδοντας
393 1149 645 1221 ἐπικήδειον
690 1155 877 1220 θρῆνον
907 1155 968 1209 τῷ
1013 1149 1451 1221 τετελευτηκότι.τό
1493 1149 1537 1195 δ’

160 1206 275 1259 ὕψος
302 1209 359 1263 ἠν
389 1208 499 1251 ὅλου
524 1212 605 1251 τοῦ
634 1197 1041 1261 κατασκευάσματος
1068 1208 1223 1277 πήχεις
1242 1210 1420 1259 πλείους
1448 1211 1539 1251 τῶν

161 1263 317 1308 ἕκατόν
354 1264 615 1333 τριάκοντα.
665 1264 865 1308 καθόλου
906 1264 950 1307 δὲ
987 1282 1075 1307 των
1112 1281 1158 1307 τε
1196 1263 1425 1337 ηγεμόνων
1466 1264 1540 1308 καὶ

161 1337 250 1364 των
286 1326 560 1376 στρατιωτων
591 1319 793 1365 ἁπάντων
822 1322 893 1365 καὶ
923 1325 1012 1364 τῶν
1033 1320 1261 1376 πρέσβεων
1291 1322 1351 1365 ε’τι
1378 1322 1423 1365 δὲ
1450 1326 1539 1365 τῶν

163 1377 381 1449 εγχωρίων
411 1379 787 1435 φιλοτιμηθέντων
817 1380 875 1429 εἷς
906 1377 983 1421 τὸν
1022 1383 1097 1434 τῆς
1133 1379 1327 1434 εκφορᾶς
1354 1377 1540 1433 κόσμον,
1570 1380 1624 1423 65

163 1434 271 1490 φασὶ
307 1434 355 1477 τὸ
369 1440 563 1508 ,πλῆθος
590 1439 679 1478 τῶν
709 1435 1026 1479 ἀναλωθέντων
1055 1436 1302 1505 χρημάτων
1313 1435 1542 1491 γεγονέναι

163 1493 295 1534 πλείω
325 1495 414 1535 τῶν
444 1494 615 1547 μυρίων
643 1492 716 1535 καὶ
747 1494 962 1547 διςχιλίων
990 1491 1225 1536 ταλάντων.
1278 1489 1542 1543 ἀκολούθως

162 1547 207 1591 δὲ
236 1547 374 1617 ταύτῃ
407 1566 459 1619 τη
498 1551 841 1619 μεγαλοπρεπείᾳ
880 1549 952 1591 καὶ
988 1553 1077 1591 τῶν
1116 1546 1259 1592 ἄλλων
1294 1549 1542 1603 γενομένων

160 1603 271 1647 κατά
300 1603 381 1674 τὴν
407 1604 604 1660 ἐκφοραν
623 1623 759 1659 τιμων
781 1622 829 1648 το
853 1611 1100 1648 τελευταῖον
1120 1605 1378 1658 προςέταξεν
1404 1604 1542 1648 ἅπασι

159 1661 289 1704 θύειν
313 1659 598 1734 ἓΗφαιστίωιί
634 1665 727 1719 θεῷ
765 1662 981 1718 παρέδρω.
1039 1663 1111 1705 καὶ
1149 1662 1234 1732 γάρ
1267 1661 1377 1704 κατὰ
1405 1661 1538 1732 τύχην
1568 1666 1624 1707 70

159 1720 264 1774 ἡκεν
294 1715 355 1769 εἷς
385 1735 474 1762 των
504 1722 646 1774 φίλων
678 1720 905 1772 Φίλιππος,
934 1718 1129 1774 χρησμὸν
1152 1718 1298 1787 φέρων
1317 1716 1422 1771 παρ’
1432 1717 1536 1773 Ἀμ-

160 1791 306 1845 μωνος
321 1773 451 1818 θύειν
465 1775 751 1830 Ηφαιστίωνι
774 1780 877 1831 θεῷ.
923 1775 1074 1829 διόπερ
1103 1774 1340 1844 γενόμενος
1368 1790 1538 1844 περιχα-

161 1830 240 1886 ρης
269 1831 338 1874 ἐπὶ
365 1836 427 1887 τῷ
456 1833 528 1876 καὶ
548 1832 625 1876 τὸν
644 1833 752 1876 θεον
770 1831 1016 1886 κεκυρωκέν
1021 1850 1064 1875 αι
1080 1849 1164 1902 την
1187 1829 1326 1875 αὐτοῦ
1347 1832 1540 1887 γνώμην,

161 1892 333 1942 πρῶτος
361 1889 440 1944 τὴν
467 1891 632 1932 θυσίαν
661 1889 893 1935 επετέλεσε,
942 1889 1016 1932 καὶ
1045 1887 1093 1932 τὸ
1130 1893 1301 1943 πλῆθος
1331 1892 1541 1958 λαμπρως

160 1943 426 1997 ὑπεδέξατο,
439 1945 573 2000 μύρια
601 1945 679 1989 τὸν
711 1943 903 2001 ἀριθμὸν
931 1945 1074 1996 θύσας
1104 1947 1237 2000 ιερεῑα
1263 1944 1536 1988 παντοδαπά.
1567 1947 1621 1989 75

272 2002 401 2044 Meto}
432 2002 476 2046 δε
505 2019 585 2059 την
614 2002 809 2070 ἐκφορὰν
839 2004 898 2053 εις
927 2001 1095 2053 ἀνέσεις
1125 2003 1198 2046 καὶ
1234 2001 1538 2071 πανηγυρικὸν
1567 2006 1651 2046 116

129 2101 133 2105 ,
159 2059 258 2115 βίον
288 2059 571 2128 ἐκτραπέντος
599 2063 680 2101 τοῦ
709 2058 940 2129 βασιλέως,
975 2061 1214 2109 δοκοῦντος
1243 2057 1410 2114 ἰσχύειν
1439 2058 1536 2102 τότε

158 2119 360 2158 πλεῖστον
388 2116 460 2158 καὶ
491 2113 662 2183 μάλιστ’
694 2112 991 2169 εὐδαιμονεῖν,
1021 2115 1068 2186 ἡ
1078 2116 1335 2171 πεπρωμένη
1357 2116 1536 2186 συνηρει

158 2170 236 2214 τόν
250 2170 337 2215 ὐπὸ
352 2175 427 2227 τῆς
442 2171 614 2244 φύσεως
631 2171 750 2230 αὐτῷ
764 2172 1155 2244 συγκεχωρημένον
1169 2175 1250 2216 τοῦ
1266 2176 1341 2226 ζῆν
1353 2171 1528 2242 χρόνον.
1564 2178 1619 2219 80

159 2227 295 2279 εὐθὺς
333 2228 379 2272 δε
416 2229 489 2272 καὶ
526 2228 574 2272 τὸ
612 2234 738 2272 θεῖον
777 2229 980 2286 ἐσήμαινε
1020 2247 1101 2286 την
1141 2227 1343 2284 τελευτην
1386 2226 1539 2283 αὐτοῦ,

158 2287 336 2329 πολλων
374 2286 447 2329 και
483 2286 743 2339 παραδόξων
781 2288 953 2330 οἰωνων
983 2287 1058 2330 καὶ
1089 2287 1280 2357 σημείων
1308 2289 1539 2329 συντελου-

158 2341 313 2396 μένων.
369 2345 450 2386 τοῦ
477 2341 561 2399 γάρ
591 2341 801 2399 βασιλέως
833 2343 1141 2400 ἀλειφομένου,
1172 2342 1248 2387 καὶ
1279 2345 1355 2399 τῆς
1373 2345 1536 2399 βασιλι-

161 2508 217 2545 49.
264 2509 596 2557 διαπεπετακότας]
644 2510 940 2555 διαπεπτακότας
971 2511 1005 2548 Τ
1039 2513 1125 2548 Bas.
1323 2510 1381 2547 50.
1435 2511 1535 2548 κάτω

160 2554 361 2602 νεύοντας]
393 2558 663 2601 κατανεύοντας
694 2561 778 2594 Bas.
980 2559 1038 2595 51.
1085 2556 1314 2616 δράκοντας]
1351 2556 1538 2616 δράκοντα

160 2601 245 2635 Bas·
426 2603 538 2660 τούς]
565 2605 648 2647 περὶ
670 2618 758 2647 τους
781 2605 842 2641 FL
1016 2605 1072 2641 56.
1111 2572 1254 2651 ρέπεπλή
1259 2606 1377 2649 ρωτο]
1405 2601 1538 2640 ἀπεπε-

160 2647 328 2692 πλήρωτο
353 2649 400 2690 Ia,
437 2648 729 2696 ἀποπεπλήρωτο
755 2654 784 2686 F
977 2651 1034 2686 60.
1083 2649 1187 2687 ἕποι’
1169 2653 1320 2696 ηδειον]
1343 2649 1538 2697 ἕπικήδιον

160 2705 279 2728 omnes
459 2695 516 2729 70.
561 2697 733 2753 παρέδρῳ
756 2698 990 2733 Blancardusz
1013 2696 1095 2732 libri
1118 2697 1289 2745 προέδρφ
1472 2696 1531 2730 72

160 2740 224 2775 καὶ
247 2739 313 2776 τὸν
335 2739 430 2776 θεὸν
452 2741 720 2798 κεκυρωκέναι]
754 2745 809 2789 τῷ
830 2745 910 2789 θεῷ
932 2743 1140 2786 κυρώσαντι
1163 2745 1196 2787 Q
1389 2742 1446 2778 74.
1491 2740 1535 2776 τᾶ

159 2787 327 2844 πλῆθος]
351 2786 398 2822 τὰ
418 2787 544 2843 πλήθη
567 2789 626 2823 FL
785 2790 842 2826 75.
876 2791 1003 2836 ἱερεῖα]
1026 2789 1108 2835 ἱερὰ
1131 2789 1214 2826 Bas.
1375 2788 1435 2822 78.
1466 2785 1538 2831 μά-

161 2829 259 2868 λιστ’
283 2833 377 2875 Bas„
401 2834 529 2869 caeteri
551 2831 710 2879 μάλιστα

1197 2895 1260 2950 so
