1820 3249
377 131 488 171 1466
743 124 868 167 Llss.
903 122 1189 168 Xx.·=.‘cAP.
1220 130 1285 170 13.
1316 130 1382 170 14.

375 239 509 291 λείαις
537 237 785 294 ευρέθησαν
815 235 975 293 ἅμαξαι
993 239 1181 289 πλείους,
1212 238 1260 281 ἐν
1284 235 1354 288 αἷς
1383 237 1595 293 ἐκομίζετο
1615 237 1742 294 ζεύγη

343 298 638 365 χειροπεδῶν
673 296 804 338 πλείω
843 299 933 338 τῶν
972 297 1220 350 διςμυρίων.
1279 294 1320 346 ἐξ,
1359 294 1536 349 ἑτοίμου
1573 295 1657 350 γὰρ
1700 297 1743 338 oi

375 352 592 423 βάρβαροι
628 350 861 421 κρατήσειν
887 350 1174 419 ὑπειληφότες
1202 355 1291 394 τῶν
1316 340 1552 407 Ελληνων,
1579 365 1744 421 παρηγ-

290 411 345 452 50
371 409 598 466 γέλκεισαν
632 407 832 464 ἀλλήλοις
869 412 1046 463 ζωγρεῖν
1085 408 1144 459 ὠς
1166 409 1398 478 πλείστους
1432 409 1506 451 καὶ
1535 406 1743 462 δήσαντες

372 468 449 516 εἰς
478 467 770 528 συνεργασίαν
809 465 1029 535 ἐμβαλεῖν.
1080 463 1197 515 αλλ’,
1238 481 1381 519 οιμαι,
1426 464 1487 507 τὸ
1513 463 1743 533 δαιμόνιον

372 522 513 576 ω’ςπερ
544 522 738 578 ἐπίτηδες
765 527 857 572 τοῖς
884 521 1177 578 ὑπερηφάνως
1206 520 1572 593 διαλογιζομένοις
1606 520 1674 564 τὸ
1684 521 1745 563 τέ-

322 592 325 595 ·
369 584 446 630 λος
472 595 591 622 -των
621 578 994 648 κατελπισθέντων
1037 580 1095 629 είς
1139 577 1403 621 τούναντίον
1431 579 1743 646 μετατίθησιν.

366 633 635 705 Ἀγαθοκλῆς
675 652 755 692 μεν
792 633 875 679 οὖν
885 636 1239 706 Καρχηδονίους
1277 633 1535 689 παραλόγως
1566 633 1746 704 νικήσας

287 691 340 733 55
367 692 574 749 τειχήρεις
605 698 827 748 συνεῖχεν·
870 690 899 746 ἡ
928 691 1033 747 τύχη
1067 689 1111 734 6'
1150 691 1331 743 ἐναλλὰξ
1359 709 1411 733 τα
1425 690 1749 749 προτερήματα

367 755 462 800 τοῖς
491 749 822 818 ἐλαττώμασιν
844 748 1137 818 έπειςαγουσα
1172 747 1277 797 τοὺς
1319 746 1607 802 ὑπερέχοντας
1633 749 1747 790 ἴσον

368 805 628 849 ἐταπείνωσε
665 811 759 855 τοῖς
795 804 1061 873 ἡττημένοις.
1121 805 1169 847 έν
1197 803 1379 847 Σικελία
1408 805 1488 858 μὲν-
1513 819 1597 859 γαρ
1627 806 1749 873 Καρ-

369 861 582 931 χηδόνιοι
606 863 770 918 μεγαλῃ
808 861 1083 930 νενικηκότες
1112 849 1366 914 παρατάξει
1378 858 1655 932 Αγαθοκλέα
1666 860 1749 910 τὰς

283 927 339 966 60
368 918 664 973 Συρακούσας
704 917 1014 988 ἐπολιόρκουν,
1055 918 1101 961 ἐν
1123 916 1278 974 Λιβύη
1309 916 1350 960 δ’
1378 915 1646 972 Ἀγαθοκλῆς
1673 933 1750 972 τη-

368 974 553 1032 λικαύτῃ
605 976 720 1032 μάχῃ
772 975 1042 1048 προτερήσας
1087 976 1148 1025 εἰς
1197 975 1474 1029 πολιορκίαν
1499 973 1747 1017 συνέκλεισε

367 1033 730 1101 Καρχηδονίους,
766 1033 842 1075 καὶ
871 1033 920 1074 τὸ
949 1029 1340 1104 θαυμασιώτατον,
1372 1030 1408 1073 ὁ
1428 1029 1659 1085 δυνάστης
1673 1046 1749 1073 κα-

367 1088 421 1132 τὰ
449 1105 550 1144 μεν
567 1088 648 1144 τὴν
682 1093 819 1157 νησον
850 1088 1082 1141 ἀκεραίους
1112 1088 1222 1158 ἔχων
1249 1104 1326 1139 τας
1357 1086 1577 1142 δυνάμεις·
1597 1088 1749 1130 ἐλείπε-

367 1161 418 1189 το
446 1149 540 1215 τῶν
564 1143 853 1213 βαρβάρων,’
836 1146 905 1189 επὶ
930 1146 981 1189 δὲ
1009 1149 1085 1200 τῆς
1103 1142 1288 1200 ἠπείρου
1312 1148 1380 1202 τῷ
1405 1144 1523 1199 μέρει
1545 1147 1623 1200 τῆς
1643 1157 1748 1196 προ-

369 1200 617 1258 ηττημένης
626 1206 845 1255 στρατιᾶς
878 1204 1148 1274 περιεγένετο
1177 1206 1264 1244 τῶν
1292 1190 1594 1271 νενικηκότων
1654 1200 1750 1244 διό-

371 1274 452 1313 περ
487 1259 536 1302 οἱ
567 1258 864 1314 Καρχηδόνιοι
890 1261 1169 1330 νομίσαντες
1162 1258 1224 1301 ἐκ
1250 1261 1389 1301 θεῶν
1406 1256 1556 1307 αὑτοῖς
1577 1255 1749 1312 γεγονέ-

368 1332 459 1369 ναι
485 1313 585 1371 τήν
600 1315 856 1372 συμφοράν,
898 1314 1146 1370 ἐτράπησαν
1183 1314 1296 1366 πρὸς
1331 1315 1547 1360 παντοίαν
1581 1314 1749 1357 ἱκεσίαν

369 1376 449 1415 τοῦ
478 1374 737 1426 δαιμονίου,
775 1373 850 1415 καὶ
884 1374 1161 1441 νομίσαντες
1184 1370 1370 1425 μάλιστα
1396 1371 1589 1439 μηνίειν
1597 1369 1750 1421 αὐτοῖς

282 1440 338 1480 70
366 1428 445 1473 τὸν
469 1427 684 1482 Ἡρακλέα
722 1428 799 1472 τὸν
839 1443 961 1483 παρα
1002 1433 1094 1479 τοῖς
1123 1427 1343 1478 ἀποίκοις,
1374 1424 1606 1499 χρημάτων
1633 1431 1749 1482 πλῆ-

365 1491 451 1536 θος
486 1485 579 1528 καὶ
599 1502 690 1530 των
723 1484 1100 1529 πολυτελεστάτων
1137 1483 1445 1553 ἀναθηματων
1464 1484 1666 1538 ἔπεμψαν
1686 1485 1750 1534 ἐἰς

363 1541 446 1610 τῂν
479 1540 628 1597 Τύρον
653 1539 756 1586 οὐκ.
770 1541 925 1597 ὀλίγα.
963 1539 1294 1591 αποικισθέντες
1322 1557 1408 1596 γαρ
1434 1539 1503 1584 ἐκ
1501 1539 1682 1594 ταύτης
1695 1542 1749 1583 εἰ-

364 1598 567 1642 ώθεισαν
589 1599 637 1642 έν
661 1604 754 1650 τοῖς
783 1599 1046 1654 ἔμπροσθεν
1057 1597 1233 1654 χρόνοις
1262 1597 1444 1668 δεκάτην
1474 1595 1751 1641 ἀποστέλλειν

363 1660 425 1699 τιὸ
454 1661 549 1713 θεῷ
568 1654 762 1707 πάντων
790 1661 880 1699 τῶν
913 1657 983 1706 εἰς
1005 1655 1225 1724 πρόςοδον
1252 1652 1521 1697 πιπτόντων·
1546 1654 1751 1708 ὕστερον

279 1720 334 1762 75
364 1701 413 1757 63
441 1702 659 1768 μεγάλους
687 1725 952 1768 κτησαμένοι
983 1710 1223 1762 πλούτους.
1258 1712 1332 1754 καὶ
1361 1710 1629 1764 προςόδους
1638 1710 1750 1761 αξιο-

363 1769 608 1824 λογωτέρας
642 1770 976 1825 λαμβανοντες,
1028 1768 1162 1824 μικροὶ
1204 1771 1424 1817 παντελως
1473 1765 1749 1816 ἀπέστελλον

363 1825 681 1899 ὀλιγωροῦντες
710 1831 792 1870 τοῦ
820 1827 1068 1881 δαιμονίου.
1101 1825 1174 1869 διὰ
1202 1824 1248 1868 δὲ
1279 1824 1359 1880 τὴν
1388 1823 1628 1894 συμφοραν
1650 1822 1750 1867 ταύ-

364 1899 445 1938 την
478 1885 540 1934 εἰς
569 1884 851 1938 μεταμέλειαν
891 1882 1095 1933 ἐλθόντες
1123 1881 1301 1925 πάντων
1326 1884 1418 1924 τῶν
1453 1880 1517 1926 έν
1520 1884 1582 1937 τῇ
1607 1881 1748 1939 Τύρῳ

364 1943 485 1983 θεῶν
514 1940 827 1996 ἐμνημόνευον.
886 1940 1086 1993 ἔπεμψαν
1115 1939 1161 1983 δε
1190 1939 1262 1981 καὶ
1292 1937 1397 1988 τούς
1425 1936 1473 1980 ἐκ
1500 1943 1589 1980 τῶν
1620 1941 1751 1992 ἱερῶν

282 2006 337 2046 80
365 2001 558 2052 χρυσοῦς
589 1997 728 2047 ναούς
757 2003 848 2046 τοῖς
872 1995 1150 2051 ἀφιδρύμασι
1170 1994 1290 2047 πρὸς
1309 2011 1391 2049 την
1422 1995 1604 2046 ἱκεσίαν,
1616 1994 1748 2065 ἡγού-

365 2069 506 2122 μενοι
518 2058 685 2108 μαλλον
711 2052 988 2105 ἐξιλάσεσθαι
1017 2053 1097 2108 τήν
1125 2056 1205 2096 τοῦ
1234 2055 1344 2093 θεοῦ
1372 2054 1512 2121 μῆνιν
1534 2068 1622 2094 των
1645 2049 1748 2094 oiva-
1784 2066 1787 2068 ’

365 2109 576 2182 θημάτων
612 2112 906 2180 πεμφθέντων
942 2109 1011 2152 ἐπὶ
1049 2109 1130 2165 τὴν
1158 2109 1432 2177 παραίτησιν.
1485 2104 1671 2163 ἥτιώντο
1703 2109 1749 2152 δὲ

365 2168 440 2210 καὶ
466 2165 547 2210 τόν
575 2165 754 2222 Κρόνον
783 2167 932 2229 αὐτοῖς
963 2165 1297 2216 ἐναντιοῦσθαι,
1313 2162 1422 2207 καθ’
1445 2150 1606 2211 66011’
1591 2182 1649 2208 εν
1655 2171 1748 2216 τοῖς

282 2229 338 2272 85
367 2223 613 2293 ἔμπροσθεν
652 2224 840 2293 χρόνοις
851 2223 1047 2274 θύοντες
1082 2221 1225 2291 τούτῳ
1264 2224 1326 2278 τῷ
1351 2224 1462 2289 θεῷ
1492 2226 1588 2263 τῶν
1630 2225 1747 2267 [υἱῶν

365 2280 471 2332 τούς
510 2282 770 2338 κρατίστους
808 2279 997 2335 ὕστερον
1038 2278 1279 2334 ωνούμενοι
1298 2267 1454 2333 λάθρα
1484 2282 1645 2331 παῖδας
1674 2280 1747 2323 καὶ

284 1187 339 1228 65

284 1246 341 1285 14

361 2449 421 2485 49.
451 2445 502 2489 οἷς
532 2461 602 2484 οιιι.
636 2451 666 2484 F
850 2449 907 2485 53.
935 2428 1199 2505 μετατίθησιν]
1222 2424 1461 2490 περιτίθησιν
1483 2447 1572 2498 Fw·

362 2495 420 2530 55.
457 2493 500 2530 δ’
533 2497 585 2529 F:
630 2501 633 2503 “
746 2495 805 2532 56.
846 2494 1113 2550 gam-dyonea]
1144 2492 1428 2549 ἐπειςαγαγοῦσα
1461 2495 1542 2529 Bas.
1570 2515 1573 2519 -

361 2543 472 2585 ἴσον]
498 2542 585 2582 ἴσως
608 2541 655 2575 W
837 2542 896 2577 57.
919 2538 1145 2586 ἦττημενοις]
1171 2537 1394 2598 ἡττωμένοις
1418 2542 1500 2574 Bas.
1565 2551 1568 2555 “
1685 2541 1744 2575 61.

363 2586 598 2644 συνέκλεισε]
615 2587 789 2623 ἐνέκλεισε
810 2589 895 2622 Bas.
1070 2587 1139 2623 69.
1164 2583 1306 2630 αὐτοῖς]
1333 2585 1462 2626 αὐτοῖς
1486 2582 1559 2619 FW

363 2632 549 2690 ἀποίκοις]
576 2632 806 2674 ἆποικισταῖς
831 2633 1099 2680 wesseliugius:
1129 2633 1240 2677 possis
1263 2634 1369 2667 etiam
1392 2631 1608 2668 οἷποικίσασι

409 2681 468 2715 78.
493 2679 658 2725 πάντων]
677 2680 789 2716 πάλιν
813 2679 977 2722 ΒοίεΙιίιιε
1037 2697 1039 2699 ·
1157 2680 1214 2712 79.
1250 2680 1410 2723 χρυσοῦς
1445 2676 1585 2722 ναους]
1610 2679 1744 2721 χρυσᾶς

363 2729 457 2769 ναῦς
479 2728 513 2761 Τ
567 2755 587 2759 Η
695 2728 752 2761 81.
778 2719 1035 2771 ἐξιλάσεσθαι]
1058 2723 1299 2769 ἐξιλάσασθαι
1321 2726 1401 2761 FW
1469 2746 1471 2750 .
1549 2754 1553 2757 .
1585 2725 1641 2759 83.
1677 2737 1744 2759 αν

363 2774 458 2818 τοῖς]
483 2769 611 2815 αὐτοῖς
630 2773 708 2808 FW
733 2773 829 2816 Bas„
853 2772 1025 2807 Eusebius
1536 2783 1553 2794 “’
