1820 3249
485 204 1023 251 LlB.X1x.cAP.39
1053 207 1489 251 40-137'1

119 323 282 388 ῥᾳδίως
325 300 573 375 κυριεύσειν
608 333 683 362 και
725 320 815 361 τῶν
862 317 1082 389 πολεμίων
1119 318 1403 370 παρελεῖσθαι
1439 315 1488 362 τὸ

118 378 352 447 κράτιστον
385 376 521 445 μέρος
547 378 622 443 τῆς
661 373 895 429 δυνάμεως.
962 373 986 417 ὁ
1028 372 1075 416 6'
1097 372 1356 446 Εὐμένης
1357 390 1487 416 κατα-

118 433 436 503 στοχασάμενος
472 430 521 475 τό
562 430 721 486 μέλλον
761 430 1006 474 ἀπέστειλεν
1042 429 1112 473 ἐπὶ
1150 446 1231 485 την
1273 428 1486 486 βοήθειαν
1513 441 1540 482 5

116 494 261 542 ἱππεῖς
298 489 377 545 μὲν
412 504 518 539 τους
550 490 807 541 κρατίστους
842 488 1007 542 χιλίους
1042 503 1114 530 και
1154 488 1484 537 πεντακοσίους,

115 548 270 600 πεζοὺς
299 546 345 590 δὲ
371 546 528 596 ψιλούς
554 545 823 600 τριςχιλίους.
853 543 1165 615 ἐπιφανέντων
1195 543 1240 587 δὲ
1268 542 1486 596 πρότερον

115 608 205 648 τῶν
229 601 477 658 Ἀντιγόνου
503 605 792 654 στρατιωτῶν,
822 601 866 643 οἱ
893 604 981 643 τῶν
998 599 1250 654 ἐλεφάντων
1277 599 1487 668 ἡγεμόνες

115 660 317 712 τάξαντες
347 659 407 709 εἰς
436 660 641 701 πλινθίον
677 657 731 701 τοὶ
757 658 895 711 θηρία
924 660 1147 711 προῆγον,
1183 656 1232 699 ἐν
1260 657 1377 712 μέσῳ
1407 671 1486 710 μεν
1522 670 1570 709 10

118 714 400 771 ἀπειληφότες
427 731 480 757 τα
509 713 781 770 σκευοφόρα,
811 730 921 757 κατα
951 713 995 757 δὲ
1011 712 1105 768 τήν
1134 711 1348 768 οὐραγίαν
1372 713 1486 784 ἔχον-

116 789 185 823 τες
225 771 650 825 συναγωνιζομένους
690 773 832 821 ιππεῖς
873 768 928 812 οὐ
961 772 1139 820 πλείους
1177 772 1486 823 τετρακοσίων.

116 827 411 876 ἐπιπεσόντων
450 826 498 871 δ’
535 826 685 877 αὐτοῖς
721 831 808 870 τῶν
845 824 1076 897 πολεμίων
1106 826 1236 868 παντὶ
1273 829 1333 880 τῷ
1363 824 1490 880 βάρει

117 886 192 930 καὶ
229 885 475 952 βιαιότερον
515 883 815 938 ἐπικειμένων,
863 884 907 926 οἱ
934 883 1021 938 μὲν
1058 883 1199 932 ἱππεῖς
1244 880 1491 937 ἐτράπησαν

117 940 208 986 ὑπὸ
247 945 327 984 τοῦ
366 938 565 996 πλήθους
593 942 991 995 καταπονηθέντες,
1029 939 1073 982 οἱ
1108 938 1154 982 δ’
1182 938 1251 982 ἐπὶ
1283 954 1371 982 των
1401 939 1491 981 ἐλε-
1522 943 1575 985 15

121 996 328 1054 φάντων
340 997 618 1065 ἐφεστηκότες
655 996 705 1040 τὸ
742 996 821 1052 μὲν
857 1012 1035 1049 πρωτον
1070 993 1270 1050 ἀντεῖχον
1307 994 1382 1038 καὶ
1412 995 1493 1037 διε·

120 1055 361 1121 καρτέρουν
404 1053 680 1108 πανταχόθεν
727 1051 1192 1122 κατατιτρωσκόμενοι,
1234 1051 1409 1120 βλάψαι
1449 1048 1494 1094 δ’

122 1109 254 1154 οὐδὲν
283 1108 388 1159 τούς
418 1111 654 1162 πολεμίους
684 1108 932 1177 δυνάμενοι.
998 1107 1094 1179 5567.-
1115 1105 1159 1150 6'
1189 1106 1336 1150 αὐτῶν
1365 1123 1494 1151 κατα-

120 1165 409 1220 πονουμένων
441 1164 709 1216 ἀνελπίστως,
742 1163 1021 1232 ἐπιφανέντες
1050 1181 1093 1207 οι
1121 1162 1232 1233 παρ’
1263 1163 1495 1234 Εὐμένους

121 1222 370 1293 ἐξήρπασαν
412 1219 575 1271 αὐτούς
615 1220 660 1264 ἐκ
699 1225 789 1264 τῶν
819 1218 1054 1264 κινδύνων.
1104 1220 1210 1275 μετὰ
1248 1218 1293 1263 6'
1330 1219 1494 1275 ἡμέρας
1523 1221 1578 1261 20

123 1277 272 1335 ὀλίγας
308 1278 355 1322 ἐν
382 1277 700 1332 τετταράκοντα
728 1280 922 1328 σταδίοις
954 1275 1496 1345 ἀντιστρατοπεδευουσῶν

122 1341 212 1380 τῶν
242 1334 493 1404 δυνάμεων,
525 1335 724 1387 ἐξέταξαν
761 1332 1020 1404 αμφότεροι
1029 1332 1078 1376 τό
1110 1331 1407 1387 στρατόπεδον
1435 1333 1496 1384 εἰς

123 1391 286 1449 μάχην,
318 1390 376 1442 ὠς
404 1391 503 1446 περὶ
531 1407 621 1434 των
647 1390 765 1435 ὅλων
793 1392 975 1445 κρίσεως
1003 1389 1221 1447 ἐσομέν.ης

233 1479 490 1536 Ἀντίγονος
507 1497 603 1551 μεν
616 1475 698 1524 οὖν
731 1479 834 1532 τοὺς
872 1482 1013 1530 ἱππεῖς
1042 1478 1111 1523 ἐπὶ
1139 1479 1191 1523 τὰ
1220 1479 1381 1533 κέρατα
1411 1480 1493 1523 διε·
1525 1484 1583 1523 40

123 1537 305 1594 λόμενος
334 1537 382 1581 τὸ
412 1554 491 1592 μεν
521 1536 749 1593 εὐώνυμον
779 1538 911 1593 μέρος
947 1536 1133 1580 Πύθωνι
1164 1536 1410 1605 παρέδωκε,
1448 1536 1497 1580 τό
1526 1538 1583 1582 25

126 1595 173 1638 δὲ
203 1595 344 1646 δεξιὸν
380 1598 441 1650 τῷ
476 1596 560 1653 υἱῷ
588 1595 860 1663 ῖΔημητρίῳ,
899 1591 1001 1647 μεθ’
1033 1594 1088 1636 οὐ
1116 1594 1191 1635 καὶ
1228 1590 1364 1642 αὐτός
1398 1594 1496 1635 δια-

125 1653 386 1719 γωνίζεσθαι
414 1639 666 1722 διεγνώκει·
708 1650 812 1701 τούς
851 1650 897 1694 δὲ
925 1649 1077 1703 πεζοὺς
1118 1651 1179 1700 εἰς
1205 1649 1339 1704 μέσον
1367 1665 1496 1691 κατα-

96 1707 100 1714 ’
128 1707 286 1765 στήσας
314 1707 523 1759 παρέταξε
559 1705 666 1760 παρ’
697 1706 804 1761 ολην
832 1724 912 1763 την
953 1705 1142 1762 δύναμιν
1174 1705 1278 1757 τοὺς
1307 1704 1498 1760 ἐλέφαν-

128 1781 223 1815 τας,
252 1763 484 1834 πληρώσας
522 1762 575 1806 τοὶ
615 1765 882 1834 διαστήματα
912 1768 1000 1814 τοῖς
1039 1767 1228 1813 ψιλικοῖς
1271 1761 1499 1830 τάγμασιν.
1527 1766 1581 1806 30

131 1821 155 1865 6
198 1821 243 1865 δὲ
282 1825 365 1872 πᾶς
397 1818 584 1875 ἀριθμὸς
622 1821 678 1877 ἠν
718 1819 860 1864 αὐτοῦ
897 1823 974 1875 τῆς
1011 1820 1234 1875 δυνάμεως
1271 1818 1392 1871 πεζοὶ
1422 1817 1501 1889 μὲν

131 1875 347 1933 διςμύριοι
389 1879 606 1932 διςχίλιοι,
645 1878 787 1928 ἱππεῖς
816 1874 863 1920 δ’
900 1877 1174 1944 ἐνακιςχίλιοι
1213 1873 1297 1918 σύν
1326 1879 1417 1925 τοῖς
1454 1874 1502 1918 ἐκ

130 1934 305 2003 Μηδίας
344 1938 790 2004 προςκαταγραφεῖσι,
818 1934 965 2001 θηρία
984 1932 1029 1976 δε
1058 1929 1264 1988 ἑξήκοντα
1293 1931 1366 1974 καὶ
1395 1930 1502 1974 πέν-

130 2005 190 2034 τε.
249 1987 273 2033 ὁ
319 1987 358 2033 δ’
394 1988 605 2060 Εὐμένης
640 1988 891 2045 πυθόμενος
922 1988 998 2034 τὸν
1031 1987 1282 2043 Ἀντίγονον
1318 1987 1386 2031 ἐπὶ
1421 1989 1503 2031 τοῦ

132 2047 275 2098 δεξιοῦ
304 2045 484 2116 κέρατος
511 2044 710 2117 τετάχθαι
738 2046 843 2101 μετὰ
871 2062 960 2089 των
990 2043 1181 2098 αρίστων
1210 2043 1397 2098 ἱππέων,
1427 2044 1500 2088 καὶ
1528 2047 1584 2089 75

135 2100 266 2153 αὐτὸς
295 2099 579 2154 αντετάξατο,
619 2101 688 2146 ἐπὶ
725 2104 774 2145 τὸ
815 2101 942 2146 λαιὸν
979 2103 1108 2154 κέρας
1146 2099 1375 2156 ἐπιστήσας
1402 2101 1506 2152 τούς

134 2158 359 2228 ἀρίστους·
389 2159 461 2202 καὶ
479 2158 578 2226 γὰρ
591 2163 681 2202 τῶν
710 2163 943 2214 σατραπῶν
970 2158 1075 2210 τοὺς
1103 2159 1328 2209 πλείστους
1357 2157 1507 2201 ἐνταῦ-

133 2219 196 2259 θα
223 2215 450 2272 κατέστησε
480 2214 585 2269 μετὰ
605 2219 690 2259 τῶν
720 2214 1133 2286 συναγωνιζομένων
1161 2213 1311 2265 αὐτοῖς
1341 2213 1507 2258 ἱππέων

135 2271 387 2324 ἐπιλέκτων,
424 2272 498 2315 καὶ
538 2270 669 2323 αὐτὸς
711 2271 816 2326 μετὰ
844 2271 1011 2316 τούτων
1040 2272 1184 2323 ἔμελλε
1214 2270 1504 2315 κινδυνεύειν·

137 2331 277 2384 συνῆν
310 2327 353 2372 δ’
390 2327 539 2381 αὐτοῖς
577 2329 651 2373 καὶ
679 2328 959 2385 Μιθριδάτης
998 2325 1022 2372 ὁ
1055 2324 1398 2385 Ἀριοβαρζάνου
1426 2344 1506 2385 μεν
1534 2326 1590 2367 80

140 2468 175 2509 3.
222 2475 297 2508 τῶν
319 2474 416 2520 Fw,
447 2452 574 2512 οαείετί
595 2473 690 2512 κατά
710 2476 786 2511 ταῖν
984 2476 1227 2521 παρελεῖσθαι
1250 2475 1346 2518 FW,
1379 2477 1506 2511 caeteri

141 2521 367 2563 παρελέσθαι
535 2523 569 2556 6.
616 2523 678 2559 καὶ
701 2534 770 2556 om.
796 2521 827 2556 1⁴*
1000 2522 1036 2558 9.
1080 2523 1132 2563 εἰς
1153 2539 1199 2548 -
1224 2523 1279 2557 10.
1304 2521 1506 2578 απειληφό-

141 2578 200 2606 τες
223 2578 292 2601 om.
317 2567 350 2600 X
533 2569 606 2605 10.
653 2564 897 2614 ἀπειληφότες
919 2566 966 2602 τοὶ
991 2566 1225 2613 σκευοφόρα]
1264 2565 1507 2612 υπειληφότες

142 2610 273 2654 πεζούς
289 2623 391 2652 τινας
409 2611 639 2658 ’ψιλουςῩ-Ὀῖτ
641 2615 686 2649 w
825 2615 881 2649 17.
903 2611 992 2655 τούς
1004 2614 1215 2658 πολεμίους]
1233 2618 1310 2656 τοῖς
1320 2617 1506 2671 πολεμίοις

144 2659 175 2693 F
330 2658 388 2693 21.
422 2657 461 2692 ἐν
480 2666 658 2696 servarunt
679 2662 758 2696 Fw
916 2659 1212 2716 τετταράκοντα]
1235 2658 1506 2707 τεσσαράκοντα

144 2715 263 2738 omnes
406 2705 464 2739 22.
513 2705 553 2741 τό
585 2705 854 2752 στρατόπεδον]
879 2704 927 2743 τοὶ
957 2705 1184 2750 στρατόπεδα
1216 2707 1296 2741 Bas.
1448 2706 1505 2740 28.

143 2750 341 2793 παρέταξε]
365 2751 540 2793 προέταξε
563 2752 608 2785 u
609 2754 812 2810 esselingiue
970 2752 1056 2794 τούς
1078 2751 1290 2808 ἐλέφαντας,
1312 2750 1508 2799 πληρώσας

143 2797 434 2830 Rhodmnannuez
481 2797 562 2832 libri
592 2798 734 2840 τουςδ
783 2799 983 2846 ἐλέφαντας
1017 2797 1274 2846 πληρώσαντες
1452 2798 1510 2833 32·

141 2843 224 2877 libri
247 2840 498 2887 ἐννακιςχίλιοι

1174 2905 1233 2947 88
