1820 3249
322 88 433 129 1294
688 81 826 124 ·L1B.
855 82 999 125 xvlu.
1043 83 1179 126 GAP.
1207 87 1275 128 39.

234 201 290 241 39
432 196 554 240 Κατὰ
590 194 638 239 δὲ
672 196 753 250 τὴν
778 195 924 239 Ἀσίαν
947 193 1195 250 Ἀρριδαῖος
1224 195 1298 241 καὶ
1327 195 1497 241 Πύθων
1525 199 1570 241 οἱ
1586 203 1685 243 τῶν

319 255 530 311 βασιλέων
559 253 807 307 ἐπιμεληταὶ
836 251 1142 306 ἀναζεύξαντες
1171 251 1255 296 άπὸ
1286 258 1368 297 τοῦ
1393 256 1558 298 Νείλου
1579 255 1684 309 μετοὶ

208 316 288 355 100
318 317 407 355 τῶν
443 311 656 378 βασιλέων
695 309 767 352 καὶ
803 315 879 365 τῆς
917 310 1154 380 δυνάμεως
1168 312 1276 366 ἡκον
1305 312 1365 361 εἰς
1403 315 1441 352 Γ
1439 311 1685 366 ριπαραδει

316 381 398 412 σον
428 372 523 425 τῆς
544 365 636 408 ἄνω
663 367 859 434 Συρίας.
918 367 1109 410 ἐνταῦθα
1146 368 1192 410 δὲ
1222 367 1471 422 Εὐρυδίκης
1498 373 1579 439 τῆς
1608 372 1685 424 βα-

315 428 518 480 σιλίσσης
529 420 675 466 πολλα
692 422 1106 493 περιεργαζομένης,
1153 424 1227 466 καὶ
1255 430 1349 475 ταῖς
1376 429 1464 467 τῶν
1493 423 1687 493 ἐπιμελη-

311 486 400 525 τῶν
429 474 648 550 ἐπιβολαῖς
678 478 1060 552 ἀντιπραττούσης,
1093 482 1136 523 οἱ
1162 480 1241 534 μὲν
1269 482 1366 533 περὶ
1383 481 1461 524 τόν
1483 480 1685 526 Πύθωνα

315 536 721 606 δυςχρηστούμενοι,
752 538 823 579 καὶ
853 553 958 586 τους
979 536 1243 587 Μακεδόνας
1263 537 1452 591 ὁρῶντες
1469 542 1560 589 τοῖς
1581 538 1687 582 ἐκεί-

258 595 285 637 5
314 613 391 667 νης
424 594 748 648 προςτάγμασιν
789 592 854 635 άεὶ
893 597 1059 647 μᾶλλον
1087 595 1391 662 προςέχοντας,
1437 594 1687 650 συνήγαγον

310 652 541 707 ἐκκλησίαν
582 652 654 693 καὶ
684 651 762 705 τήν
794 650 1036 704 ἐπιμέλειαν
1077 648 1326 694 ἀπείπαντο.
1389 653 1433 694 οἱ
1461 652 1508 695 δὲ
1536 655 1686 695 Mane·

311 709 438 759 δόνες
467 706 723 777 ἐπιμελητην
754 707 922 749 εῖλοντο
956 705 1034 748 τόν
1059 704 1341 760 Ἀντίπατρον
1370 707 1686 762 αὐτοκράτορα.

312 768 444 816 οὑτος
485 765 530 808 δὲ
569 763 661 818 μετ’
703 762 849 816 ὀλίγας
881 761 1042 817 ἡμέρας
1076 763 1346 817 καταντήσας
1375 766 1435 814 εἰς
1468 765 1685 820 Τριπαρά-

312 826 459 866 δεισον
491 821 697 874 κατέλαβε
729 819 804 875 τὴν
833 820 1088 889 Εὐρυδίκην
1127 819 1443 872 στασιάζουσαν
1478 823 1551 864 καὶ
1579 838 1685 873 τους

228 881 280 921 10
310 877 577 927 Mansffo‘vag
616 875 1000 929 ἀπαλλοτριοῦσαν
1036 874 1122 918 «ind
1150 880 1230 918 τοῦ
1256 874 1554 931 Ἀντιπάτρου.
1612 895 1685 920 τα-

311 939 444 990 ραχῆς
473 934 519 977 δὲ
548 932 732 989 μεγάλης
752 932 886 1001 οὔσης
914 933 959 975 ἐν
978 938 1071 983 ταῖς
1090 932 1317 988 δυνάμεσι,Ι
1346 935 1420 977 καὶ
1440 936 1590 990 κοινῆς
1619 935 1684 977 ἐκ-

308 994 487 1048 πλησίας
517 992 823 1046 συναχθείσης,
864 989 887 1033 ὁ
918 990 996 1045 μὲν
1022 988 1298 1045 Ἀντίπατρος
1328 992 1564 1045 διαλεχθεὶς
1593 997 1685 1042 τοῖς

309 1051 493 1105 πληθεσι
523 1048 599 1103 τὴν
628 1047 705 1102 μὲν
718 1063 929 1118 ’'w9axrlv
957 1048 1209 1090 κατέπαυσε.
1243 1047 1323 1102 τήν
1350 1047 1392 1090 δ’
1424 1047 1757 1116 Εὐρυδίκηνὲὅῖ

227 1105 279 1148 15
309 1104 685 1161 καταπληξάμενος
715 1104 852 1147 ἔπεισε
882 1103 961 1158 τὴν
984 1103 1168 1158 ἡσυχίαν
1187 1102 1319 1158 ἄγειν.
1379 1104 1482 1159 μετὰ
1508 1106 1554 1149 δὲ
1581 1109 1682 1148 ταῦ-

307 1182 360 1208 τα
387 1180 466 1212 τας
496 1163 753 1214 σατραπείας
789 1161 830 1211 ἐξ
861 1159 995 1215 άοχῆς
1024 1160 1262 1213 ἐμερίσατο.
1320 1162 1392 1203 καὶ
1423 1164 1683 1220 Πτολεμαιῳ

307 1222 386 1276 μὲν
417 1236 497 1274 την
527 1217 905 1272 προϋπάρχουσαν
934 1216 1222 1269 προςώρισεν·
1266 1217 1490 1260 ἀδύνατον
1517 1235 1600 1272 γαρ
1630 1221 1683 1274 ἠν

307 1281 469 1320 τοῦτον
497 1280 746 1345 μεταθεῖναι
787 1274 859 1316 διὰ
889 1272 936 1315 τὸ
968 1277 1115 1315 δοκεῖν
1142 1289 1222 1329 την
1251 1276 1478 1328 Αίγυπτον
1507 1274 1580 1317 δια
1609 1279 1684 1331 τῆς

309 1336 423 1404 ἰδίας
455 1331 658 1384 ανδρείας
689 1347 796 1385 εχειν
828 1330 962 1372 οἱονεὶ
993 1330 1260 1384 δορίκτητον.
1318 1331 1392 1373 καὶ
1401 1331 1685 1400 Λαομέδοντι

219 1394 274 1434 20
303 1392 383 1446 μὲν
418 1407 477 1447 τῳ
515 1388 819 1457 Μυτιληναίῳ
845 1388 1019 1438 Συρίαν
1058 1386 1213 1438 ε’,δωκε
1257 1386 1475 1441 Φιλοξένῳ
1517 1388 1563 1430 δὲ
1599 1404 1682 1457 την

303 1449 533 1495 Κιλικίαν,
575 1449 663 1487 τῶν
701 1443 745 1486 6²
790 1441 881 1486 ἄνω
920 1447 1192 1496 σατραπειῶν
1226 1446 1570 1498 Μεσοποταμίαν
1602 1445 1682 1500 μὲν

303 1505 377 1548 καὶ
420 1520 500 1574 την
517 1500 780 1555 Ἀρβηλῖτιν
803 1499 1066 1566 Ἀμφιιιάχῳ,
1096 1517 1177 1556 την
1208 1500 1253 1543 δὲ
1284 1502 1572 1571 Βαβυλωνίαν
1603 1505 1681 1545 Σε-

300 1560 455 1617 λεύκῳ,
481 1557 712 1612 Ἀντιγένει
742 1558 788 1599 δὲ
817 1557 896 1611 τὴν
924 1557 1182 1625 Σουσιανὴν
1212 1556 1284 1600 διὰ
1311 1558 1361 1602 τό
1389 1562 1548 1601 τοῦτον
1563 1563 1682 1610 πρῶ-

300 1634 380 1661 τον
407 1606 674 1671 πεποιῆσθαι
703 1613 781 1668 τὴν
811 1613 880 1656 ἐπὶ
907 1614 986 1656 τόν
1019 1584 1269 1664 Περδίκκαν
1301 1613 1518 1667 ἐπίθεσιν,
1564 1619 1680 1658 Πευ-

217 1676 271 1719 25
301 1692 348 1718 κε
340 1676 430 1729 ’στῃ
469 1674 513 1716 δὲ
543 1672 624 1728 τὴν
655 1673 870 1725 Περσίδα,
929 1669 1189 1739 Τληπολέμῳ
1221 1671 1267 1713 δε
1295 1687 1375 1725 την
1407 1673 1682 1726 Καριιανίαν,

303 1731 494 1775 Πύθωνι
525 1730 570 1772 δὲ
593 1730 788 1784 Μηδίαν,
821 1728 1020 1784 Φιλίππῳ
1046 1726 1091 1769 δε
1109 1728 1189 1782 τήν
1209 1730 1488 1780 Παρθυαίαν,
1511 1728 1682 1780 ’Λρείαν

301 1789 348 1832 δὲ
377 1788 448 1830 καὶ
481 1785 743 1854 Δραγγηνην
771 1772 1044 1841 Στασάνδρῳ
1074 1788 1135 1839 τῷ
1165 1786 1365 1839 Κυπρίῳ,
1394 1786 1474 1839 τήν
1504 1786 1549 1827 δὲ
1569 1788 1682 1828 Βακ-

301 1843 501 1913 τριανὴν
521 1844 596 1886 καὶ
634 1841 887 1896 Σογδιανὴν
926 1828 1181 1894 Στασάνορι
1220 1858 1278 1896 τῳ
1310 1843 1456 1897 Σολίῳ
1487 1840 1573 1886 άπό
1606 1859 1680 1898 της

217 1906 271 1946 30
302 1901 437 1956 αὐτης
477 1899 572 1942 ὄντι
612 1897 763 1953 νήσου.
824 1896 1199 1968 Παροπαμισάδας
1238 1898 1283 1940 δὲ
1318 1887 1570 1966 Ὀξυάρτῃ
1556 1914 1681 1953 προς-

300 1959 428 2011 ώρισε
457 1961 518 1998 τῶ
543 1954 757 2010 Ρωξάνης
783 1954 912 2007 πατρὶ
942 1959 1016 2008 τῆς
1041 1951 1324 2007 Ἀλεξάνδρου
1350 1954 1570 2008 γυναικός,
1602 1960 1678 2010 τῆς

300 2016 346 2058 δὲ
371 2002 552 2066 Ἰνδικης
581 2029 632 2054 τα
662 2030 710 2066 με
705 2028 739 2053 ν
772 2012 1060 2081 συνοριᾎζοντα
1079 2011 1488 2080 Παροπαμισάδαις
1515 2010 1679 2080 Πόθῳ-

298 2088 344 2116 νι
375 2075 435 2127 τῷ
470 2068 730 2125 Ἀγήνορος,
772 2067 849 2119 τας
889 2066 934 2110 δ’
964 2066 1169 2123 ἐχομένας
1199 2069 1439 2124 βασιλείας,
1489 2067 1570 2124 τὴν
1598 2067 1678 2124 μὲν

297 2231 333 2267 5.
382 2227 607 2270 ἀπείπαντο]
632 2225 874 2261 ε’ναπείπαντο
897 2226 927 2258 V
1109 2225 1142 2259 6.
1190 2225 1353 2270 ειλοντο]
1381 2225 1523 2260 εἵλαντο
1548 2226 1630 2262 Bac.

388 2275 562 2310 28713.
610 2271 676 2315 τήν
701 2272 766 2315 μὲν
790 2293 834 2297 -
860 2271 914 2305 14.
953 2268 1277 2315 καταπληξάμενος
1301 2284 1369 2305 om.
1395 2273 1424 2305 V
1615 2273 1673 2307 18.

297 2319 472 2364 οἷνδρειάς
496 2321 724 2364 015·wa
761 2315 915 2359 αιδριας
939 2320 989 2359 F,
1027 2318 1154 2352 caeteri
1180 2316 1433 2362 ἀνδραγαθίας
1615 2320 1672 2352 19.

296 2368 536 2413 δορίκτητον]
572 2366 795 2421 δορύκτητον
820 2367 848 2398 1·“
855 2366 898 2398 W
1091 2367 1259 2409 Mamm
1264 2365 1356 2421 αίῳ]
1391 2364 1616 2409 μντηλιναίω
1641 2365 1672 2397 F

479 2414 536 2446 20.
586 2410 664 2446 ἄνω
690 2414 743 2454 1,
779 2417 854 2445 estne
858 2411 907 2444 eti
933 2408 1052 2445 ἄλλων
1244 2412 1299 2444 21.
1346 2409 1565 2456 Ἀρβηλῖτιν]
1597 2410 1674 2454 Ἀρ-

295 2462 458 2517 βηλείτιν
485 2460 541 2501 W,
569 2459 695 2492 οιιεῑοιί
714 2458 909 2503 Ἀρβελίτιν
989 2485 992 2487 ,
1079 2456 1135 2490 22.
1183 2454 1367 2502 Ἀντιγένει
1390 2457 1672 2492 Freinshemius:

295 2509 377 2542 libri
421 2505 533 2548 '2Avtc
533 2503 614 2549 όνω
844 2504 901 2538 23.
946 2505 1182 2537 πεποιεῖσθαι
1214 2505 1242 2536 F
1471 2503 1527 2536 24.
1577 2505 1673 2538 Πευ-

294 2553 424 2600 κέστῃ]
462 2552 648 2598 Πευκέστᾳ
672 2551 753 2586 Bas.
959 2549 1017 2582 26.
1045 2547 1184 2589 Ἀρείαν
1208 2550 1260 2590 F,
1287 2550 1416 2583 caeteri
1435 2546 1558 2593 Ἀρίαν

386 2601 443 2634 27.
480 2589 723 2642 Δραγγηνην]
750 2594 968 2641 Δραῃγήνην
992 2596 1021 2627 V
1045 2595 1141 2636 Bas„
1165 2596 1292 2629 caeteri
1320 2598 1532 2649 Δραγγίνην

293 2646 350 2680 29.
398 2643 742 2690 Παροπαμισάδας]
780 2639 1099 2685 Παροπανισάδας
1123 2642 1240 2682 TVX,
1275 2640 1586 2687 παραπανισάδας
1619 2639 1667 2672 F:

293 2693 342 2726 sic
364 2696 398 2726 et
419 2693 475 2726 31.
658 2690 715 2726 30.
755 2685 967 2743 Ῥωξάνης]
985 2686 1157 2729 Ῥοξάνης
1181 2689 1263 2721 Bas.
1447 2689 1506 2722 31.
1542 2688 1668 2729 Παρο-

292 2737 516 2778 πανισάδαις
537 2737 619 2772 Bas.
800 2736 859 2772 32.
906 2733 1068 2770 Πύθωνι
1093 2734 1150 2767 hic
1174 2735 1203 2768 V
1227 2745 1363 2778 quoque
