1820 3249
254 112 366 153 1560
613 108 731 151 LIB.
766 109 857 151 XX.
918 111 1304 156 CAP.109.110.

254 221 513 276 Λυσίμαχον
542 220 810 291 τηρήσαντες
839 220 976 265 νύκτα
1003 222 1235 279 χειμέριον,
1256 221 1565 276 ἀναζεύξαντες
1594 222 1641 268 ἐκ

254 280 331 333 τῆς
360 281 638 338 παρεμβολῆς
661 277 734 323 διὰ
763 295 854 322 των
881 277 1149 351 ὑπερδεξίων
1176 280 1326 324 τόπων
1357 278 1641 337 ἀπεχώρησαν

169 342 225 384 60
251 335 317 385 εἰς
355 336 721 404 παραχειμασίαν.
791 334 814 379 ὁ
854 334 898 379 δ’
925 334 1172 408 Ἀντίγονος
1212 337 1376 408 ἡμέρας
1407 338 1644 408 γενομένης

256 389 316 441 ὥς
345 388 432 434 εἶδε
461 391 540 448 τὴν
569 395 658 434 τῶν
687 393 909 448 πολεμίων
938 392 1209 464 οἷπαλλαγήν,
1240 393 1539 463 αντιπαρῆγεν
1570 393 1646 437 αὐ-

255 445 331 498 τὸς
357 448 432 492 δια
460 454 550 492 τῶν
578 450 755 493 πεδίων.
795 450 1116 507 ἐπιγενομένων
1146 451 1192 495 δὲ
1222 451 1403 507 ὄμβρων
1430 449 1645 507 μεγάλων,

254 504 332 549 καὶ
361 509 439 560 τῆς
465 504 610 561 χώρας
648 506 783 577 οὔσης
812 509 1056 577 βαθυγείου
1092 509 1165 551 καὶ
1196 509 1451 564 πηλώδους,
1482 512 1571 551 τῶν
1600 524 1645 551 τε

171 568 226 612 65
257 559 512 618 ὑποζυγίων
550 562 635 607 οὐκ
655 562 800 635 ὀλίγα
844 565 1004 620 συνέβη
1045 565 1121 608 καὶ
1166 582 1254 608 των
1272 565 1507 635 σωμάτων
1546 564 1646 608 τινα

256 620 565 676 διαφθαρῆναι
595 620 670 663 καὶ
698 620 748 665 τό
779 619 970 665 σύνολον
1001 620 1217 673 επιπόνως
1254 621 1429 666 απασαν
1457 639 1538 692 την
1567 621 1644 666 δυ’-

256 692 393 730 ναμιν
423 679 695 746 διατεθῆναι.
755 678 906 733 διόπερ
948 675 972 721 ὁ
1004 679 1208 734 βασιλευς
1242 678 1330 734 ἅμα
1369 696 1447 734 μεν
1477 678 1646 722 οἷναλα-

256 734 354 803 βεῖν
393 732 668 789 βουλόμενος
706 733 754 778 ἐκ
784 739 862 803 τῆς
900 737 1202 787 κακοπαθείας
1231 736 1335 786 τούς
1367 734 1649 794 στρατιώτας

257 788 348 845 ἅμα
394 792 441 834 δὲ
478 808 559 847 την
598 790 855 860 χειμερινήν
890 791 1014 861 ω’ραν
1052 790 1172 846 ὁρῶν
1216 769 1649 860 περιλαμβάνουσαν,

169 857 226 897 70
254 850 337 891 τοῦ
379 847 459 901 μὲν
496 847 786 892 καταδιώκειν
828 847 1014 918 α’πεστη,
1058 848 1172 904 πρὸς
1212 850 1258 892 δὲ
1302 866 1382 906 την
1421 851 1649 919 χειμασίαν

253 904 557 960 ἐπιλεξάμενος
586 922 693 956 τους
722 903 1054 957 εὐθετωτάτους
1086 905 1149 949 τό
1140 923 1249 957 τους
1280 909 1411 950 διεῖλε
1439 923 1549 950 κατα
1580 905 1648 961 μέ-

254 977 310 1017 ρη
339 961 420 1017 τήν
457 961 665 1031 δύναμιν.
724 961 1065 1018 πυνθανόμενος
1106 963 1152 1006 δε
1183 964 1407 1007 Σέλευκον
1443 964 1649 1019 καταβαί-

252 1033 348 1060 νειν
385 1018 433 1062 ἐκ
472 1022 561 1061 τῶν
600 1017 693 1063 α’νω
733 1024 1056 1076 σατραπειῶν
1051 1020 1154 1063 ιιετὰ
1185 1020 1375 1089 μεγαλης
1406 1020 1651 1076 δυνάμεως,

252 1074 414 1129 ε’πεμψέ
453 1092 576 1127 τινας
614 1080 705 1119 τῶν
747 1078 902 1146 φίλων
929 1079 989 1128 εἰς
1021 1078 1109 1146 τὴν
1128 1076 1313 1121 Ἑλλάδα
1353 1077 1465 1132 πρὸς
1502 1077 1652 1134 Δημή-

170 1136 226 1179 75
257 1148 407 1185 τριον,
437 1133 846 1206 παρακελευόμενος
875 1132 999 1203 η’κειν
1027 1133 1140 1201 πρὸς
1170 1133 1307 1179 αὐτὸν
1337 1134 1440 1190 μετὰ
1472 1151 1548 1204 της
1577 1136 1649 1177 δυ-

254 1187 428 1244 νάμεως
465 1207 545 1246 την
583 1192 812 1262 ταχίστην.
867 1189 1044 1260 σφόδρα
1080 1192 1165 1246 γαρ
1198 1190 1423 1261 εὐλαβεῖτο
1455 1192 1513 1247 μή
1543 1188 1652 1233 πάν-

254 1262 344 1289 των
374 1250 465 1288 τῶν
493 1248 710 1304 βασιλέων
740 1246 812 1290 επ’
843 1246 981 1291 αὐτόν
1011 1247 1372 1317 συνδραμόντων
1374 1246 1653 1318 ἀναγκασθῇ

255 1303 495 1358 παραταξει
539 1309 687 1359 κρῖναι
725 1303 805 1347 τὸν
844 1303 950 1348 ὅλον
988 1302 1182 1358 πόλεμον
1211 1306 1317 1360 πρὶν
1353 1323 1380 1360 η
1419 1308 1652 1348 συνελθεῖν

256 1361 316 1411 εἰς
345 1359 479 1404 ταύτὸ
510 1378 591 1415 την
622 1360 670 1404 ἐκ
701 1378 777 1417 της
808 1359 1032 1431 Εὐρώπης
1065 1361 1271 1417 δύναμιν.
1340 1362 1653 1433 παραπλησίως

171 1422 228 1463 80
259 1416 306 1460 δὲ
334 1417 408 1460 καὶ
437 1419 690 1474 Λυσίμαχος
729 1421 860 1461 διεῖλε
899 1435 980 1475 την
1022 1418 1210 1474 δύναμιν
1249 1420 1309 1470 εἰς
1347 1421 1577 1474 χειμασίαν
1607 1417 1656 1462 ἐν

256 1477 319 1531 τῷ
349 1475 609 1547 καλουμένῳ
647 1477 881 1527 Σαλωνίας
918 1477 1065 1532 πεδίῳ.
1126 1476 1297 1548 αγορὰν
1334 1477 1381 1520 δὲ
1416 1475 1584 1532 πολλὴν
1612 1475 1657 1529 ἐξ

251 1528 510 1584 Ηρακλείας
560 1532 872 1601 μετεπέμπετο,
920 1531 1216 1603 ποιησαμενος
1263 1533 1498 1604 ἐπιγαμίαν
1546 1531 1658 1587 πρὸς

257 1604 364 1638 τους
389 1588 708 1642 Ἡρακλεώτας
769 1590 897 1646 ε’γημε
927 1607 1010 1645 γαρ
1030 1588 1268 1647 ’Ἄμηστριν
1302 1607 1382 1647 την
1411 1588 1656 1643 Ὀξυαρτου

172 1647 228 1690 85
256 1644 337 1701 μὲν
383 1645 636 1716 θυγατέρα,
675 1649 872 1700 Δαρείου
913 1647 960 1691 δε
1004 1651 1085 1691 τοῦ
1134 1647 1348 1719 βασιλέως
1383 1645 1655 1715 ἀδελφιδῆν,

259 1702 490 1757 Κρατέρου
532 1702 578 1746 δε
627 1709 819 1759 γυναῖκα
857 1704 1098 1760 γενομένην
1134 1704 1212 1748 ὑπ’
1251 1701 1537 1759 Ἀλεξάνδρου
1578 1705 1656 1747 δο-

256 1764 439 1803 θεῖσαν
481 1758 578 1803 τότε
620 1760 982 1805 δυναστεύουσαν
1014 1778 1088 1818 της
1128 1761 1306 1813 πόλεως.
1376 1761 1450 1805 καὶ
1485 1778 1538 1804 τα
1577 1776 1657 1816 μεν

256 1816 357 1872 περὶ
390 1816 472 1872 τήν
494 1815 642 1860 Ἀσίαν
671 1817 720 1862 ἐν
749 1817 925 1870 τούτοις
952 1816 1024 1875 ἧν.

144 1875 229 1915 110
375 1872 500 1916 Κατὰ
530 1874 577 1918 δε
606 1892 688 1930 την
712 1875 899 1919 Ελλάδα
928 1873 1179 1932 Δημήτριος
1219 1875 1462 1946 διατρίβων
1487 1873 1535 1918 ἐν
1563 1877 1657 1926 ταῖς

171 1935 227 1975 90
255 1927 464 1987 Ἀθήναις
484 1931 663 1976 ἔσπευδε
692 1937 922 2003 μυηθῆναι
950 1933 1021 1976 καὶ
1045 1936 1306 2001 καταλαβεῖν
1335 1933 1414 2001 τὴν
1445 1931 1492 1975 ἐν
1515 1929 1655 1974 Ἐλευ-

256 1992 348 2030 σῖνι
379 1988 566 2058 τελετήν.
633 1988 879 2060 απεχούσης
925 1989 971 2033 δε
1012 1988 1178 2045 χρόνον
1220 1988 1376 2033 ικανόν
1415 1992 1493 2045 τῆς
1543 1986 1654 2032 κατὰ

255 2044 426 2115 νόμους
462 2043 649 2114 ἡμέρας,
685 2045 794 2090 καθ’
825 2046 882 2102 ἢν
912 2045 1144 2090 εἰώθεισαν
1171 2046 1400 2115 ’ᾼθηναῖοι
1433 2049 1656 2088 συντελεῖν

255 2117 337 2158 την
365 2100 555 2159 τελετήν,
583 2103 726 2147 ε’πεισε
757 2103 836 2148 τόν
866 2105 1010 2160 δημον
1041 2102 1114 2148 δια
1144 2103 1223 2156 τοὶς
1253 2101 1506 2160 εὐεργεσίας
1535 2104 1656 2157 κινῆ-

254 2247 312 2284 57.
336 2245 402 2283 τᾶν
425 2252 629 2296 λυσίμαχον
653 2253 694 2293 F
711 2252 842 2287 caeteri
866 2252 1081 2297 Λυσίμαχον
1231 2250 1288 2287 58.
1313 2263 1412 2309 χειμε
1407 2250 1516 2294 ριον]
1541 2249 1656 2295 χειμέ-

256 2307 361 2350 ρινον
372 2295 419 2329 W
534 2298 592 2333 59.
614 2297 859 2344 ἀπεχώρησαν
875 2299 941 2333 TY
958 2301 1056 2342 Bas„
1076 2298 1207 2332 caeteri
1227 2297 1450 2344 ἐποιήσαντο
1476 2310 1544 2341 την
1563 2310 1658 2332 απο-

256 2340 430 2386 χώρησαν
547 2344 605 2379 63.
629 2347 706 2381 τῶν
729 2348 781 2392 τε]
807 2347 883 2381 τῶν
906 2346 967 2388 W,
983 2358 1060 2380 των
1081 2343 1120 2380 δε
1145 2346 1227 2378 Bas.
1343 2344 1400 2379 64.
1424 2344 1559 2388 συνέβη
1581 2348 1659 2387 post

254 2387 458 2433 πηλώδους
495 2391 591 2433 ponit
626 2392 666 2426 F
843 2392 900 2427 68.
935 2389 1302 2446 περιλαμβάνουσαν]
1327 2389 1656 2437 περικαταλαμβά-

256 2447 399 2470 νουσαν
419 2436 504 2469 Βείε
501 2437 583 2471 kius
722 2438 780 2472 73.
798 2451 902 2478 τινας
925 2439 1017 2478 FW,
1038 2438 1168 2472 caeteri
1192 2451 1276 2473 τινα
1414 2438 1473 2474 74.
1480 2449 1658 2492 *παρακε-

257 2480 470 2526 λευόμενος]
497 2483 803 2526 διακελευόμενος
826 2485 904 2519 FW
996 2484 1053 2519 75.
1072 2481 1165 2529 μετὰ
1181 2496 1250 2518 om.
1272 2485 1354 2518 Bas
1448 2484 1514 2528 τῆς
1537 2495 1607 2518 om.
1626 2484 1657 2516 F

395 2529 455 2564 78.
482 2528 598 2564 ταύτό
633 2532 733 2575 FW,
767 2531 899 2565 caete1i
921 2528 1058 2566 ταύτὸν
1250 2530 1306 2565 79.
1332 2529 1371 2566 ἐκ
1403 2531 1470 2575 τῆς
1503 2532 1558 2572 F,
1592 2531 1658 2574 τῆς

257 2574 388 2608 caeteri
574 2576 630 2610 81.
669 2580 869 2619 Σαλωνίας
907 2577 1178 2634 Wesselingius:
1215 2577 1300 2611 libri
1342 2579 1566 2635 Σαλμωνίας

420 2620 478 2655 82.
525 2623 795 2669 μετεπέμπετο]
840 2622 1097 2670 μετεπέμψατο
1140 2623 1186 2658 W
1405 2620 1659 2668 ποιησάμενος

261 2670 341 2700 ante
373 2666 620 2710 μετεπέμπετο
663 2675 804 2727 ponunt
828 2672 861 2705 T
893 2672 973 2705 Bas.
1206 2669 1265 2705 84.
1305 2670 1508 2715 βασιλέως]
1548 2670 1655 2716 βασι-

262 2710 461 2753 λεύσαντος
484 2714 514 2748 F
699 2717 757 2752 85.
780 2714 1015 2763 αδελφιδῆν]
1045 2715 1215 2762 ἀδελφην
1240 2718 1325 2752 Bas.
1510 2715 1567 2751 86.
1594 2716 1657 2751 δο-

258 2760 406 2806 θεῖσαν]
433 2758 473 2796 δε
499 2761 680 2798 δοθεῖσαν
704 2763 735 2797 F
