1820 3249
519 137 984 180 LIB.xv11.CAP
1014 141 1080 181 21.
1111 141 1177 181 22
1437 143 1547 183 1155

160 249 342 294 ἁπασῶν
379 248 464 295 ’ὑπὸ
507 252 596 293 τῶν
624 248 901 294 Μακεδόνων
925 247 1208 320 ἡττωμένων,
1258 252 1434 320 πρῶτον
1465 251 1544 305 μὲν

160 309 205 352 οἱ
231 305 340 358 κατὰ
370 306 446 350 τὸν
472 304 753 376 Ἀλέξανδρον
791 305 1042 361 τεταγμένοι
1072 322 1230 376 φυγειν
1259 303 1540 377 ἠναγκάσθη-

160 375 264 407 σαν·
312 363 419 433 μετὰ
455 362 501 406 δὲ
530 380 665 406 ταυτα
695 363 769 406 καὶ
797 367 886 406 τῶν
916 362 1061 406 άλλων
1088 361 1365 431 τραπέντων,
1405 361 1429 407 6
1459 364 1540 418 μὲν

159 420 360 490 βασιλεὺς
395 416 695 491 ομολογουιιετ
699 437 751 463 ον
789 424 864 476 τῆς
903 417 1206 475 ἀνδραγαθίας
1243 416 1292 464 vd
1323 425 1537 475 πρωτεῖον
1567 421 1622 463 95

157 476 454 546 ἀπηνέγκατο,
500 476 574 520 καὶ
611 493 688 533 της
727 475 830 533 ὅλης
865 478 988 532 νίκης
1024 476 1145 527 ἔδοξε
1182 473 1369 532 μάλιστα
1399 478 1537 529 α’ίτιος

156 531 403 606 γεγονέναι,·
433 548 536 589 μετα
568 533 614 576 δὲ
643 537 804 576 τοῦτον
834 534 879 577 οἱ
906 538 994 576 τῶν
1020 536 1245 576 Θετταλῶν
1275 534 1415 583 ἱππεῖς
1444 531 1535 588 ἄρι-

157 601 236 635 στα
263 593 357 640 ταῖς
385 589 499 640 ίλαις
525 588 755 660 χρεόμενοι
771 590 845 634 καὶ
875 589 1091 645 διαφόρω
1123 586 1396 659 αγωνισαμετ
1400 605 1442 632 οι
1466 605 1534 645 με-

154 645 292 715 γάλην
320 643 390 690 ἐπ’
426 643 608 704 ἀνδρεία
641 646 776 700 δόξαν
814 647 950 717 ἔσχον.
1008 663 1113 717 μετα
1150 645 1198 690 δὲ
1234 646 1314 715 τὴν
1349 649 1438 689 τῶν
1467 648 1533 689 ἱπ-

154 701 270 749 πὲων
278 701 466 772 τροπήν
496 704 540 746 οἱ
567 690 688 776 πεζοὶ
718 702 1011 773 συμβαλόντες
1040 701 1242 773 ἀλλήλοις
1268 700 1419 758 ὀλίγον
1434 701 1531 758 χρό-
1563 705 1644 747 100

153 774 235 802 νον
263 756 556 815 ἠγωνίσαντο·
611 761 654 804 οἱ
681 761 764 816 γὰρ
792 760 1011 817 βάρβαροι
1041 759 1115 804 διὰ
1141 758 1220 831 την
1247 763 1335 802 τῶν
1365 760 1533 803 ἱππέων

152 817 319 871 τροπή-ν
337 816 708 888 καταπλαγέντες,
750 820 822 861 καὶ
849 822 945 868 ταῖς
974 821 1135 883 ψυχαῖς
1163 814 1381 869 ἐνδόντες,
1421 815 1533 870 πρὸς

153 873 299 928 φυγὴν
327 871 541 942 ὥρμησαν.
600 872 882 931 ανῃρέθησαν
910 873 957 918 δὲ
983 879 1072 917 τῶν
1102 877 1286 926 Περσῶν
1313 874 1357 916 οἱ
1373 871 1533 924 πάντες

151 929 270 981 πεζοὶ
306 928 386 983 μὲν
425 931 600 981 πλείους
628 936 715 974 τῶν
743 932 934 1002 μυρίων,
976 931 1118 1000 ἱππεῖς
1144 928 1190 973 δ’
1221 927 1304 972 οὐκ
1328 928 1534 980 ἐλάττους
1563 933 1590 975 5

153 986 400 1055 διςχιλίων,
411 986 721 1057 ἐζωγρήθησαν
749 986 792 1030 δ’
824 987 935 1042 νπὲρ
971 988 1076 1038 τούς
1104 988 1369 1058 διςμυριόυς.
1425 985 1531 1041 μετοὶ

153 1041 200 1085 δὲ
229 1057 311 1098 την
338 1040 483 1099 μάχην
511 1042 536 1086 6
567 1043 770 1113 βασιλεὺς
798 1043 902 1093 τούς
929 1042 1279 1097 τετελευτηκότας
1300 1043 1438 1094 ἔθαψε
1461 1058 1535 1098 με-

150 1102 459 1167 γαλοπρεπῶς,
499 1098 700 1144 σπεύδων
729 1101 802 1144 διὰ
828 1098 990 1169 ταύτης
1018 1103 1095 1156 τῆς
1123 1103 1249 1155 τιμῆς
1272 1099 1376 1150 τούς
1406 1110 1535 1154 στρα-

151 1153 310 1206 τιώτας
344 1156 728 1227 προθυμοτέρους
742 1155 1062 1200 κατασκευάσαι
1090 1156 1201 1210 πρὸς
1230 1155 1335 1207 τούς
1365 1155 1412 1198 ἓν
1439 1161 1534 1208 ταῖς

153 1209 308 1267 μάχαις
352 1213 601 1264 κινδύνους
670 1212 803 1264 αὐτὸς
852 1213 899 1257 δὲ
942 1211 1177 1268 αναλαβων
1222 1211 1304 1274 τὴν
1341 1211 1533 1268 δύναμιν
1564 1218 1616 1259 10

151 1283 317 1339 προηγε
352 1269 425 1313 διὰ
453 1274 530 1339 τῆς
559 1271 749 1322 Λυδίας,
795 1270 870 1314 καὶ
903 1269 985 1325 τήν
1019 1269 1123 1340 μὲν
1137 1272 1225 1313 τῶν
1262 1270 1532 1323 Σαρδιανῶν

151 1325 282 1368 πόλιν
310 1325 384 1368 καὶ
413 1325 491 1378 τάς
517 1326 776 1379 ἀκροπόλεις
805 1326 865 1370 ε’τι
899 1326 945 1369 δὲ
972 1343 1078 1377 τους
1107 1326 1154 1369 ἐν
1185 1324 1338 1376 αὐταῖς
1366 1331 1532 1380 θησαυ-

154 1381 262 1433 ρούς
303 1382 521 1439 παρέλαβε
559 1382 826 1440 Μιθρηνους
865 1386 946 1426 τοῦ
986 1382 1214 1438 σατράπου
1254 1381 1532 1438 παραδόντος

152 1436 377 1489 ἑκουσίοως
1558 1466 1616 1506 22

264 1495 347 1546 Εἰς
377 1493 422 1539 δὲ
450 1494 755 1567 τὴν“Μίλητον
784 1493 1154 1566 συμπεφευγ)των
1175 1497 1265 1538 τῶν
1291 1494 1529 1539 διασωθέν-
1561 1522 1614 1564 15

151 1566 241 1594 των
279 1551 327 1594 ἐκ
355 1555 430 1607 τῆς
458 1552 596 1610 μάχης
627 1556 812 1607 Περσῶν
841 1553 947 1608 μετὰ
975 1551 1212 1622 Μέμνονος
1240 1555 1320 1596 τοῦ
1351 1563 1529 1609 στρατη-

151 1611 256 1664 γοῦ,
296 1606 322 1651 6
360 1608 440 1663 μὲν
467 1608 670 1664 βασιλευς
701 1610 884 1665 πλησίον
911 1611 986 1665 τῆς
1014 1607 1182 1659 πόλεως
1211 1610 1529 1662 στρατοπεδεύ-

153 1677 233 1716 σας
269 1665 376 1708 καθ’
390 1665 579 1737 ημέραν
620 1671 813 1720 συνεχεῖς
849 1665 1096 1734 προςβολάς
1133 1669 1224 1715 τοῖς
1259 1666 1441 1734 τείχεσιν
1479 1665 1526 1708 ἐκ

137 1721 403 1792 ’διαδοχῆς,’
385 1727 586 1766 εποιεῖτο.
643 1724 686 1766 οἱ
706 1723 752 1766 δὲ
765 1720 1134 1793 πολιορκούμενοι
1161 1721 1211 1765 τὸ
1240 1720 1322 1776 μὲν
1349 1725 1528 1775 πρῶτον
1556 1723 1612 1763 20

153 1778 316 1848 ῥαδίως
345 1776 430 1824 απὸ
458 1783 549 1822 τῶν
576 1782 729 1834 τειχῶν
741 1777 989 1849 ἠμύνοντο,
1019 1782 1194 1822 πολλῶν
1221 1778 1313 1850 μὲν
1327 1789 1532 1848 στρατιω-

153 1838 243 1878 τῶν
270 1833 579 1906 ηθροισμένων
612 1838 673 1887 εἰς
701 1835 780 1891 τήν
808 1835 958 1887 πόλιν,
998 1837 1138 1908 βελῶν
1170 1834 1215 1878 δε
1244 1834 1319 1878 καὶ
1344 1838 1434 1878 τῶν
1463 1833 1533 1878 ἅλ-

145 1895 268 1938 λων
278 1895 368 1936 τῶν
406 1894 465 1944 εἰς
492 1891 574 1947 τὴν
601 1893 860 1946 πολιορκίαν
890 1893 1112 1963 χρησίμων
1136 1893 1295 1947 δαψιλῆ
1323 1893 1535 1948 χορηγίαν

156 1947 337 2004 ἔχοντες.
396 1947 487 1992 ἐπεὶ
514 1948 560 1992 δὲ
587 1948 611 1992 6
641 1948 844 2020 βασιλεὺς
872 1948 1208 2004 φιλοτιμότερον
1242 1952 1337 1999 ταῖς
1374 1964 1418 1991 τε
1454 1965 1533 2003 μη-

155 2009 309 2077 χαναῖς
347 2004 523 2049 ἐσάλευε
551 2005 604 2048 τὰ
631 2008 754 2076 τείχη
775 2006 849 2049 καὶ
876 2005 956 2077 τῂν
981 2007 1241 2059 πολιορκίαν
1271 2004 1529 2076 ένεργεστά-
1558 2010 1614 2051 25

154 2077 235 2118 την
263 2061 448 2106 ἐποιεῖτο
477 2078 588 2106 κατα
615 2065 698 2118 γῆν
727 2061 816 2131 ἅμα
845 2062 918 2105 καὶ
946 2061 1055 2106 κατὰ
1072 2063 1296 2106 θάλατταν
1314 2063 1360 2105 οι’
1373 2078 1417 2105 τε
1433 2065 1530 2104 Μα-

154 2118 330 2171 κεδόνες
369 2118 459 2163 διὰ
478 2122 568 2162 τῶν
606 2117 854 2162 πιπτόντων
889 2123 1042 2191 τειχῶν
1071 2117 1377 2189 εἰςεβιάζοντο,
1413 2134 1531 2188 τηνι·

154 2178 297 2219 καῦτα
325 2174 661 2248 κατισχυόμενοι
688 2174 801 2229 πρὸς
829 2175 978 2232 φυγήν
1004 2174 1258 2230 ἐτράποντο.
1317 2172 1453 2225 εὐθὺς
1484 2172 1529 2218 δ’

156 2233 201 2276 οἱ
239 2231 450 2303 Μιλήσιοι
489 2231 595 2288 μεθ’
636 2234 881 2304 ἱκετηριῶν
899 2235 970 2302 τῶ
996 2235 1167 2303 βασιλεῖ
1191 2233 1529 2287 προςπίπτοντες
1560 2239 1615 2279 30

155 2288 417 2345 παρέδωκαν
454 2293 571 2346 σφᾶς
611 2287 774 2342 αὐτους
811 2289 887 2334 καὶ
924 2288 1004 2346 τὴν
1031 2288 1176 2335 πόλιν.
1231 2292 1322 2333 τῶν
1355 2289 1400 2332 δὲ
1431 2290 1534 2344 βαρ-

249 2456 329 2494 176.
360 2457 418 2493 94.
464 2456 787 2517 ὁμολογουμενον]
813 2456 1116 2513 ὁμολογουμένως
1139 2456 1170 2491 F
1332 2454 1390 2490 95.
1434 2467 1537 2498 πρω-

158 2504 258 2538 τεῖον
280 2503 340 2538 ste
341 2505 490 2548 1³:hanus
522 2507 605 2540 libri
629 2519 835 2551 πρυτιστον
1031 2504 1089 2538 96.
1137 2503 1274 2548 αἴτιος]
1310 2504 1538 2547 πρωταίτιος

159 2549 222 2583 Fr,
382 2551 461 2586 100.
485 2552 767 2609 συμβαλόντες]
776 2550 1040 2600 συμβαλλόντες
1062 2550 1145 2586 Bae.
1309 2550 1342 2585 1.
1378 2548 1533 2590 ἱππέων]

160 2595 269 2629 ἰδίων
302 2594 364 2629 FL
566 2601 601 2634 6.
648 2598 738 2640 τοὺς
767 2611 837 2634 om.
870 2600 952 2633 Bas.
1158 2594 1193 2629 9.
1241 2594 1537 2636 κατασκευάσαι]

159 2640 508 2679 κατασκευάσασθαι
530 2645 589 2679 FL
771 2642 830 2682 10.
875 2642 1040 2689 προῆγε]
1063 2639 1242 2686 προήγετο
1266 2642 1297 2675 F
1481 2639 1540 2673 13.

160 2687 392 2731 Μίθρῆνθνς
415 2689 469 2732 F,
500 2689 726 2734 Μιθράνονς
747 2691 796 2733 L,
828 2691 954 2725 caeteri
980 2689 1235 2730 Μιθρίννους·
1276 2698 1311 2720 v·
1335 2686 1381 2720 ad
1403 2697 1437 2730 p.
1460 2684 1540 2720 210.

160 2734 236 2768 ⁶3st
262 2715 472 2790 Μιθράνης
495 2741 548 2772 est
571 2737 677 2773 etiam
700 2737 805 2772 Dioni
827 2738 955 2792 Chrys.
980 2736 1040 2769 Or.
1067 2734 1222 2768 moun.
1248 2732 1359 2766 initio.

159 2779 218 2814 16.
265 2778 320 2826 ἐκ]
348 2778 412 2816 διὰ
432 2782 462 2816 F
643 2783 703 2820 28.
749 2781 954 2829 ἐτράποντο
972 2782 1045 2823 Fla,
1070 2779 1197 2814 caeteri
1221 2776 1420 2823 ἐτρέποντο

1159 2833 1269 2877 74*
