1820 3249
316 118 427 160 1422
679 115 712 156 L
725 115 798 156 lB.
826 113 933 157 XIX.
991 112 1124 157 CAP.
1154 116 1224 158 81.
1254 117 1323 158 82.

314 230 583 300 προφάσεων
616 229 668 272 ἓν
706 227 894 300 ἔγκλημα
941 226 1052 283 πρὸς
1092 226 1168 271 ἕνα
1205 225 1361 280 καιρὸν
1404 224 1682 297 ἀθροίζηται·

314 286 364 330 τό
404 286 488 342 γὰρ
517 290 687 340 πλῆθος
721 284 786 328 ἀεὶ
825 283 1091 339 δυςάρεστον
1129 284 1198 328 ἐπὶ
1234 288 1320 327 τῶν
1359 281 1506 326 αὐτῶν
1535 283 1684 338 μένον,

233 357 286 400 50
316 343 388 386 καὶ
426 348 516 387 πᾶν
552 344 600 386 τὸ
640 341 698 398 μη
727 340 963 397 πλεονάζον
992 340 1300 410 κεχαρισμένην
1339 340 1420 395 ἔχει
1449 339 1528 396 τὴν
1555 356 1684 395 μετα-

315 399 480 456 βολήν·
523 404 603 443 τοῦ
638 415 683 442 τε
720 399 881 453 πατρὸς
916 397 998 454 ἤδη
1034 396 1357 466 γεγηρακότος
1365 399 1411 453 αἱ
1447 401 1523 452 τῆς
1566 400 1685 449 βασι-

313 459 429 527 λείας
469 457 636 507 ἐλπίδες
671 457 731 507 εἰς
767 456 845 525 τὴν
883 456 1044 524 τούτου
1085 453 1293 519 διαδοχήν
1331 455 1438 509 ἠγον
1478 453 1568 508 ἅμα
1606 454 1685 507 τὴν

314 513 452 569 ἀρχήν
481 514 553 567 καὶ
591 513 672 570 τὴν
699 516 788 556 τῶν
819 504 959 581 ὄχλων
989 510 1178 555 εὔνοιαν.
1235 521 1291 568 ην
1322 513 1366 554 δὲ
1395 510 1470 554 καὶ
1497 513 1558 568 τῷ
1588 509 1688 553 κάλ-

314 575 377 613 λει
425 571 498 614 καὶ
551 575 611 627 τῷ
657 569 828 631 μεγέθει
884 567 1123 621 διάφορος,
1170 567 1230 611 ἔτι
1279 568 1324 611 δὲ
1366 555 1687 635 κεκοσμημέιος

231 636 284 678 55
316 627 465 684 ὅπλοις
493 631 736 697 βασιλικοῖς
765 632 848 695 εἰχε
873 625 1040 678 πολλην
1067 624 1286 692 ὑπεροχὴν
1316 625 1389 667 καὶ
1409 623 1688 692 κατάπληξιν,

314 682 377 730 δι’
415 701 467 740 ης
507 686 565 736 εἰς
603 684 774 734 ἐλπίδας
812 681 948 739 ἁδρὰς
985 698 1062 736 ηγε
1098 681 1201 732 τούς
1236 680 1450 751 ‘nom-0359·
1490 680 1599 734 πρὸς
1643 679 1689 722 δὲ

311 740 485 792 τούτοις
515 740 706 798 πρᾳότης
735 756 798 790 τις
825 741 879 793 ἡν
907 739 1005 792 περὶ
1035 735 1192 789 αὐτόν,
1223 738 1479 806 αρμόζουσα
1502 738 1585 792 νέῳ
1616 740 1690 792 βα-

314 803 443 850 σιλεῖ,
492 798 554 841 δι’
590 800 664 865 ῆς
683 799 741 847 εἰς
782 797 1037 850 προθυμίαν
1083 794 1318 846 ἐξεκαλεῖτο
1354 793 1541 844 πάντας,
1585 793 1690 844 ὥςτε

312 855 386 898 καὶ
422 854 527 905 τούς
574 853 692 904 ἐκτὸς
731 852 888 904 τάξεως
929 853 1196 906 συνδραμεῖν
1234 852 1302 896 ἐπὶ
1344 868 1423 918 την
1461 849 1689 903 ἀκρόασιν,

231 923 285 962 60
317 914 679 966 συναγωνιῶντας
728 913 782 966 τῇ
833 908 1002 963 νεότητι
1039 910 1112 951 καὶ
1150 925 1206 976 τῃ
1229 909 1452 976 μελλούσῃ
1489 910 1690 976 γίνεσθαι

316 970 456 1022 κρίσει
488 968 562 1010 διὰ
598 971 672 1022 τῆς
701 952 993 1019 παρατάξεως.
1034 963 1089 1008 οὐ
1126 951 1266 1037 μονον
1304 964 1397 1034 γάρ
1416 963 1554 1020 πρὸς
1552 965 1691 1007 πλείο-

316 1042 394 1075 νας
417 1024 571 1080 ἤμελλε
603 1022 966 1073 διακινδυνεύειν,
999 1021 1106 1064 ἀλλὰ
1134 1021 1215 1065 καὶ
1236 1023 1348 1077 πρὸς
1367 1015 1590 1080 ηγεμόνας
1604 1033 1693 1090 σχε-

318 1082 398 1125 δὸν
437 1083 664 1136 μεγίστους
711 1084 987 1151 Πτολεμαῖον
1021 1079 1095 1121 καὶ
1133 1078 1365 1121 Σέλευκον.
1444 1080 1569 1122 οὑτοι
1607 1093 1691 1132 γαρ

234 1146 288 1189 65
317 1137 483 1188 πάντας
509 1138 611 1187 τούς
632 1135 848 1190 πολέμους
875 1124 1135 1204 Ἀλεξάνδρῳ
1154 1132 1595 1204 συστρατευσάμενοι,
1621 1135 1694 1177 καὶ

317 1194 526 1245 πολλάκις
555 1194 659 1238 καθ’
691 1193 853 1244 αὐτοὺς
883 1190 1111 1264 δυνάμεων
1139 1208 1194 1248 ηγ
1197 1192 1427 1262 ησάμενοι,
1452 1191 1575 1259 μέχρι
1604 1194 1692 1234 τῶν

314 1256 482 1305 καιρῶν
511 1251 680 1294 τούτων
698 1249 906 1320 ὑπῆρχον
935 1249 1143 1305 οἷνίκητοι.
1202 1248 1225 1292 ὁ
1257 1247 1301 1291 δ’
1331 1250 1412 1291 οὐν
1443 1245 1693 1319 Αημητριος

315 1308 621 1362 παρακαλέσας
659 1324 712 1350 τα
752 1307 913 1376 πλήθη
937 1310 1030 1355 τοῖς
1072 1306 1250 1355 οἰκείοις
1286 1304 1455 1358 λόγοις,
1494 1305 1568 1347 καὶ
1607 1307 1692 1347 δω-

318 1367 419 1420 ρεάς
451 1382 494 1408 τε
533 1364 688 1408 δώσειν
718 1364 828 1407 κατα
868 1361 946 1419 τὴν
977 1361 1102 1413 άξίαν
1140 1362 1212 1405 καὶ
1243 1378 1295 1404 τα
1318 1361 1502 1430 λάφυρα
1532 1372 1693 1431 συγχω-

234 1432 288 1470 70
321 1423 469 1478 ρήσειν
515 1419 898 1478 ἐπαγγειλάμενος,
953 1418 1113 1471 ἐξέταξε
1151 1435 1231 1475 την
1272 1416 1475 1474 δύναμιν
1511 1420 1571 1470 εἰς
1615 1433 1695 1474 την

350 1480 375 1523 ά
432 1496 468 1521 ν.
1402 1508 1409 1516 ,

232 1543 287 1582 82
317 1499 345 1536 μ
378 1497 521 1578 χηΈπὶ
560 1535 640 1604 μἐν
680 1529 763 1578 οὖν
810 1532 860 1576 vd
898 1531 1025 1576 λαιὸν
1065 1531 1194 1585 κέρας
1232 1531 1372 1583 ἔταξε,
1393 1526 1518 1580 κ’,αθ
1556 1529 1582 1573 ὃ
1617 1529 1695 1574 τόν

319 1595 531 1637 κίνδυνον
573 1591 705 1643 αὐτὸς
746 1590 911 1662 ἤμελλε
941 1593 1185 1635 ποιεῖσθαι,
1235 1588 1435 1643 πρώτους
1473 1603 1553 1647 μεν
1592 1588 1696 1638 τούς

315 1651 415 1704 περὶ
449 1648 584 1693 αὐτόν
623 1651 762 1699 ἱππεῖς
797 1646 1045 1696 ἐπιλέκτους
1085 1647 1372 1696 διακοσίους,
1401 1645 1457 1687 έν
1484 1661 1552 1695 οις
1581 1646 1696 1714 ἦσαν

232 1711 285 1753 75
318 1709 364 1751 οἳ
392 1723 436 1749 τε
466 1706 592 1749 άλλοι
625 1708 747 1773 φίλοι
786 1704 944 1754 πάντες
973 1704 1045 1745 καὶ
1076 1702 1259 1745 Πύθων
1276 1700 1299 1746 ὁ
1331 1699 1696 1755 συνεστρατευμέ-

317 1781 396 1814 νος
425 1763 504 1818 μὲν
520 1761 804 1832 Ἀλεξάνδρῳ,
829 1760 1234 1815 συγκαθεσταμένος
1263 1758 1308 1801 δὲ
1336 1757 1420 1801 ὑπ’
1446 1756 1696 1813 Ἀντιγόνου

319 1819 558 1893 στρατηγὸς
599 1820 670 1863 καὶ
708 1823 796 1861 τῶν
834 1817 950 1861 ὅλων
992 1817 1181 1884 μέτοχος.
1243 1813 1480 1889 πρόταγμα
1509 1814 1554 1858 δὲ
1583 1831 1698 1870 τρεις

318 1879 414 1928 ι’λας
452 1879 619 1920 ἱππέων
662 1877 778 1927 ἔταξε
827 1875 901 1919 καὶ
944 1864 1305 1928 πλαγιοφύλακας
1334 1872 1421 1923 τοὶς
1460 1873 1582 1923 ἴσας,
1623 1873 1698 1915 καὶ

319 1935 449 2005 χωρὶς
479 1934 557 1985 ε’ξω
586 1937 667 1976 τοῦ
697 1934 877 1985 κέρατος
906 1930 1245 1985 ἀπολελυμένας
1256 1933 1368 1982 τρεῖς
1397 1930 1697 1982 Ταραντίνων·

237 1996 291 2035 80
323 1989 421 2042 ώςτ’
454 1995 565 2033 εἰναι
602 2005 707 2040 τους
745 1988 844 2042 περὶ
884 1987 931 2030 τό
972 1991 1093 2041 σῶμα
1127 1985 1412 2040 τεταγμένους
1451 1987 1591 2035 ἱππεῖς
1628 1987 1698 2036 ξυ-

323 2047 574 2119 στοφόρρυς
610 2046 688 2100 μὲν
726 2045 1060 2094 πεντακοσίους,
1108 2043 1407 2095 Ταραντίνους
1446 2042 1493 2085 δὲ
1530 2041 1697 2084 ἑκατόν.
1735 2056 1738 2057 ’

322 2105 420 2159 ἑξῆς
461 2102 503 2147 6'
534 2103 651 2155 ε’ταξε
688 2118 776 2145 των
816 2099 977 2144 ἱππέων
1014 2116 1118 2150 τους
1150 2098 1450 2153 καλουμένους
1486 2097 1563 2151 μὲν
1592 2097 1700 2141 ἑταί-

324 2178 455 2216 ρους,
487 2160 616 2210 ὄντας
649 2159 694 2203 66
722 2158 800 2202 τὸν
831 2156 1023 2226 ἀριθμόν
1053 2153 1361 2205 ὀκτακοσίους
1389 2153 1496 2209 μετὰ
1525 2154 1571 2197 δὲ
1598 2155 1699 2198 τού-

323 2235 428 2269 τους
455 2215 767 2268 παντοδαπούς
797 2217 939 2280 ἱππεῖς
966 2212 1049 2258 οὐκ
1078 2212 1280 2263 ἐλάττους
1308 2227 1397 2265 των
1423 2211 1573 2267 χιλίων
1600 2227 1700 2256 πεν-

322 2386 380 2421 48.
406 2384 487 2430 οἷεὶ]
513 2387 585 2422 αἰεὶ
620 2388 651 2421 F
836 2385 894 2420 53.
926 2385 976 2430 τῷ
1000 2381 1169 2440 μεγέθει]
1194 2379 1342 2426 μεγέθει
1365 2381 1395 2414 F
1579 2380 1632 2417 ἔτι
1654 2401 1699 2408 -

323 2431 476 2476 όπλοις]
510 2434 572 2468 καὶ
596 2435 735 2476 μαλλον
759 2429 822 2468 ὅτε
845 2420 1099 2476 περιεβέβλητο
1130 2426 1257 2468 όπλοις
1280 2426 1393 2471 FQW
1562 2428 1620 2463 60.
1643 2440 1701 2481 γε-

322 2480 456 2515 νέσθαι
479 2480 530 2522 F,
555 2479 685 2514 caeteri
708 2480 896 2525 γίγνεσθαι
1033 2477 1089 2511 61.
1116 2473 1258 2513 πάντας
1281 2473 1366 2512 τούς
1388 2471 1584 2528 πολέμους]
1608 2473 1699 2509 πάν-

321 2539 380 2566 τες
412 2526 526 2580 QTX
542 2527 623 2559 Bas.
824 2520 1203 2579 συστρατευσάμενοι]
1250 2518 1577 2564 συστρατευόμενοι
1605 2522 1701 2563 Bas„

325 2570 632 2616 στρατευσάμενοι
655 2572 687 2605 Χ
868 2570 926 2602 71.
954 2567 1078 2611 ἔταξε]
1112 2566 1252 2610 ἐξέταξε
1275 2567 1354 2601 FW
1377 2567 1457 2600 Bas.
1641 2565 1706 2602 75.

324 2618 674 2663 συγκαθεσταμένος]
702 2613 1041 2671 συγκαθιστάμενος
1064 2625 1180 2647 omnes
1361 2609 1554 2657 76620211]
1580 2610 1700 2647 ἄλλων

323 2665 355 2699 Y
379 2666 463 2699 Bas.
646 2664 702 2700 78
725 2660 1050 2707 πλαγιοφύλακας]
1075 2655 1398 2704 πλαγιοφυλάκους
1422 2659 1474 2701 Τ,
1497 2661 1700 2704 πλαγιοφυ-

1283 2718 1306 2739 v

326 2754 460 2798 λακοῦς
483 2755 568 2790 Bas.
751 2755 810 2790 79.
833 2750 1122 2797 ἀπολελυμένας]
1147 2746 1454 2795 άπολελειμμένας
1476 2751 1507 2786 F
