1820 3249
698 192 823 234 LIB.
881 191 1010 234 XIX.
1439 193 1552 235 15⁰5

162 304 498 358 ¹r1²eidfflttt[89·-]v-.z
525 310 567 343 In
601 309 683 344 Asia
711 309 887 346 Seleucus
924 316 1004 355 post
1036 308 1177 344 victum
1207 309 1446 344 Demetrium
1479 311 1549 344 Ba-

160 365 543 416 bylmtihmfgssssetere
571 372 689 412 parat.
727 367 803 401 eius
833 367 1051 413 gravissima
1081 367 1126 400 ad
1157 367 1383 412 trepidantes
1414 367 1550 401 milites

162 422 369 463 exhortatio
393 419 493 473 [DO.].
529 423 773 470 Babyloniam
803 424 977 458 Seleucus
1012 430 1207 469 recuperat
1239 421 1338 471 [91.].
1383 425 1552 458 Nicanor

162 479 313 515 Mediae
343 480 419 519 dux
452 480 492 518 iu
523 481 718 517 Seleucum
741 481 884 517 bellum
913 492 1065 515 movens
1087 480 1269 517 funditur.
1309 487 1391 515 tum
1414 481 1551 515 milites

161 537 336 583 Antigoni
352 549 511 583 „magno
557 549 713 575 numero
760 538 806 573 ad
843 538 1044 573 Seleucum
1082 537 1310 572 transierunt
1353 535 1451 586 [92].
1511 539 1554 571 In

159 593 571 640 Demetriutnvinterea
608 596 646 631 in
675 595 867 640 superiore
906 595 1010 640 Syria
1039 595 1291 629 subsidentem
1319 595 1554 628 Ptolemaeus

158 650 398 689 Gfflenznum
429 653 592 690 exercitu
620 652 734 691 misit.
779 653 855 687 sed·
872 653 971 687 hunc
999 652 1213 686 Demetrius
1242 652 1293 685 in‹
1311 652 1391 697 ipso
1421 652 1555 685 itinere

159 716 385 752 Qpptt·851¹m.
405 709 494 747 vu'ieit
528 716 563 744 et
593 710 781 755 captivum
811 709 927 744 duxit.
961 708 1072 743 simul
1094 709 1307 754 'Antigonus
1338 710 1419 743 eius
1447 715 1554 754 pater

158 764 296 798 auxilio
325 766 436 799 venit.
483 766 607 813 itaque
636 767 870 802 Ptolemaeus
911 766 997 800 satis
1026 766 1170 811 putavit
1193 767 1239 799 ‘in
1268 769 1477 812 Aegyptum
1514 777 1552 799 se

157 821 325 866 recipere
357 819 458 873 [93.].
495 830 715 870 recuperata
745 824 850 869 Syria
879 823 1086 869 Antigonus
1125 822 1164 856 :⁵11
1194 822 1369 856 Arabiam
1399 823 1553 868 suscipit

159 878 454 923 expeditionem,
497 881 606 915 misso
648 881 836 916 Athenaeo
881 892 969 914 cum
998 880 1176 913 exercitu.
1219 879 1384 913 Arabum
1414 891 1551 924 mores,

157 935 348 980 instituta,
386 936 506 972 victus
544 937 805 972 describuntur
846 934 945 986 [94.].
987 936 1195 971 Athenaeus
1228 937 1364 970 Arabes
1403 936 1448 970 ad
1484 937 1554 970 Pe-

157 997 258 1033 tram
288 993 492 1039 opprimit,
533 995 764 1042 multamque
801 1001 969 1039 reportat
998 994 1185 1038 praedam.
1225 994 1288 1028 sed
1320 993 1456 1027 Arabes
1495 994 1550 1027 vi-

158 1049 491 1092 cissim„Athenaei
525 1058 643 1087 castra
683 1052 886 1095 invadunt,
924 1051 1190 1097 ingentemque
1221 1051 1256 1084 ei>
1283 1051 1447 1085 inferunt
1477 1050 1552 1084 cla-

157 1105 243 1141 dem
263 1103 538 1155 .[95.].‚mut11is
566 1110 684 1143 literis
713 1114 750 1143 et
773 1110 908 1144 Arabes
937 1113 974 1142 et
1004 1109 1207 1153 Antigonus
1237 1114 1320 1152 post
1344 1108 1436 1141 haec
1456 1107 1550 1141 ami-

155 1162 283 1197 citiam
311 1163 550 1201 simulabant.
579 1177 668 1201 mox
690 1165 896 1211 Antigonus
923 1165 1043 1200 filium
1066 1164 1303 1199 Demetrium
1333 1176 1421 1198 cum
1446 1174 1550 1198 exer·

155 1219 235 1254 citu.
264 1219 383 1263 misit,
405 1228 455 1256 ut
485 1223 627 1259 'Arabes
662 1223 760 1258 clam
791 1222 1021 1268 opprimeret
1061 1218 1164 1269 [96.].
1195 1233 1283 1255 cum
1313 1222 1450 1256 Arabes
1479 1221 1549 1255 sibi

154 1277 446 1322 prospexissent,
506 1281 658 1322 Petram
708 1280 924 1315 Demetrius
984 1278 1238 1325 nequidquam
1298 1278 1550 1325 oppugnabat.

155 1334 401 1380 quamohrem
425 1336 564 1373 Arabes
593 1337 628 1372 ei
646 1336 765 1371 facile
793 1335 1138 1382 persuadebantur:
1165 1335 1327 1380 acceptis
1357 1335 1462 1369 donis
1490 1347 1551 1369 co-

154 1390 235 1437 pias
264 1392 466 1429 abduceret
498 1390 599 1443 [97.].
629 1400 751 1429 castra
782 1399 907 1428 movet
935 1392 1147 1428 Demetrius
1177 1393 1224 1426 ad
1248 1392 1371 1426 lacum
1401 1392 1553 1437 Asphal-

155 1448 261 1484 titen.
303 1449 380 1484 eius
418 1451 520 1489 lacus
559 1457 596 1485 et
632 1452 672 1486 in
715 1462 757 1485 eo
796 1451 875 1485 nati
903 1450 1098 1485 bituminis
1127 1448 1327 1494 descriptio
1361 1446 1432 1496 [98.
1462 1446 1548 1497 99.].

154 1505 268 1540 Redit
301 1506 347 1545 ad
380 1513 546 1553 patrem,
587 1509 651 1553 qui
689 1519 822 1553 pacem
855 1519 941 1542 cum
972 1506 1172 1541 Nabataeis
1211 1506 1371 1551 indigne
1392 1505 1548 1540 ferebat.

154 1573 236 1608 spes
275 1563 320 1597 de
351 1565 526 1609 parandis
565 1576 585 1599 e
614 1565 799 1601 bitumine
829 1565 1008 1599 reditibus
1040 1575 1127 1598 eum
1161 1564 1344 1598 frustrata
1384 1569 1449 1597 est.
1490 1563 1548 1596 in-

154 1625 258 1654 terea
293 1622 434 1659 nuntio,
458 1628 612 1668 accepto
651 1623 849 1658 Seleucum
879 1621 1083 1667 Babylonia
1120 1632 1197 1655 esse
1227 1620 1411 1666 potitum,
1441 1620 1550 1653 -Anti-

153 1687 275 1723 gonus
302 1679 539 1714 Demetrium
574 1679 614 1714 in
647 1680 890 1725 Babyloniam
928 1680 1097 1724 ablegat,
1131 1678 1196 1723 qui
1225 1678 1359 1711 urbem
1391 1676 1551 1722 Babylo-

153 1745 243 1769 nem
280 1734 464 1770 desertam
501 1736 657 1771 offendit
693 1744 729 1771 et
759 1737 861 1782 capit
905 1722 1045 1784 [100.].⁴
1069 1737 1112 1769 In
1142 1735 1253 1768 ltalia
1292 1740 1422 1768 mutua
1452 1733 1550 1767 bella

154 1790 255 1825 inter
283 1793 472 1830 Romanos
510 1800 547 1828 et
575 1794 761 1828 Samnites
791 1794 1020 1828 continuata.
1050 1792 1183 1826 Pontia
1212 1791 1360 1825 colonia
1391 1790 1550 1825 deducta

157 1843 283 1896 [loun]
314 1860 371 1884 res
400 1851 440 1885 in
469 1850 595 1885 Sicilia
625 1857 760 1898 gestae.
792 1850 966 1885 Messenii
992 1849 1186 1895 Agathocli
1213 1848 1340 1883 infesti
1370 1859 1458 1882 cum
1482 1848 1549 1893 Sy·

152 1915 422 1949 racusanorum
439 1908 600 1945 exsules
641 1908 882 1953 recepissent,
913 1906 1164 1955 Agathocles
1177 1917 1308 1940 eorum
1348 1904 1441 1939 urbe
1481 1916 1549 1949 per

154 1961 283 1996 dolum
310 1964 469 2009 potitus
489 1965 629 2000 exsules
659 1954 788 2010 eiecit',
822 1975 1026 2010 omnesque
1055 1963 1120 2010 qui
1154 1962 1363 2009 potentatui
1400 1962 1550 1995 fuerant

154 2018 338 2054 adversati
368 2021 551 2066 supplicio
582 2022 763 2056 mactavit
795 2019 920 2069 [102]ι
961 2021 1186 2055 Dinocrates
1209 2019 1378 2055 exsulum
1409 2018 1489 2052 dux
1512 2025 1548 2052 et

154 2076 475 2123 Carthaginienses
518 2079 557 2113 in
599 2079 777 2113 auxilium
819 2085 929 2112 vocat
955 2085 1006 2118 —et
1042 2078 1120 2123 ipse
1149 2076 1462 2122 Nymphodorum
1499 2076 1547 2110 ad

154 2135 410 2179 occupandam
450 2137 584 2170 urbem
614 2137 940 2181 Centoripinorum
981 2135 1110 2168 mittit.
1148 2133 1359 2180 Agathoclis
1389 2139 1426 2166 et
1457 2134 1548 2167 Car—

153 2190 442 2236 thaginiensium
471 2200 624 2228 mutuae
652 2194 889 2229 crudelitates
918 2198 1064 2226 secutae
1098 2188 1225 2239 [103.].
1257 2191 1480 2224 Dinocrates
1499 2190 1548 2224 ad

153 2248 347 2284 Galariam
377 2250 516 2295 proelio
546 2250 754 2296 confligens
783 2262 870 2284 cum
900 2248 1102 2296 Agathocle
1130 2248 1313 2282 funditur.
1350 2247 1547 2293 Carthagi·
1571 2266 1651 2302 1¹7=

151 2304 296 2339 nienses
325 2318 491 2353 pugnam
521 2307 728 2341 detrectant
754 2303 869 2355 [104]
915 2306 1141 2349 Cassander,
1184 2305 1440 2347 Ptolemaeus,
1473 2305 1548 2361 Py-
1588 2324 1621 2359 2,

154 2362 343 2399 simachus
382 2370 419 2398 et
447 2365 654 2411 Antigonus
684 2365 875 2398 communi
904 2364 1056 2397 foedere
1087 2362 1356 2396 controversias
1386 2361 1432 2395 de
1463 2372 1549 2407 pro-

154 2419 285 2454 vinciis
315 2419 510 2458 dirimunt.
549 2433 636 2455 mox
674 2427 786 2466 prout
822 2420 978 2467 singulis
1007 2420 1248 2454 commodum
1279 2424 1378 2462 erat,
1408 2418 1448 2452 id
1475 2418 1548 2452 sin-

154 2476 233 2522 guli
255 2486 451 2522 rumpunt.
481 2479 632 2514 tandem
663 2478 864 2512 Cassander
887 2478 1087 2513 Rhoxanen
1117 2488 1192 2511 uua
1223 2488 1311 2510 cum
1338 2486 1427 2521 rege
1451 2475 1550 2509 clam

154 2533 327 2568 occidere
365 2535 488 2580 iubet3
526 2548 599 2581 quo
639 2535 741 2570 facto
780 2535 1060 2581 provinciarum
1098 2533 1281 2579 praefecti
1321 2544 1429 2578 reges
1467 2543 1549 2566 eva-

155 2589 261 2626 dunt.
295 2591 446 2627 Adiecta
475 2593 606 2627 notitia
635 2604 762 2627 rerum
792 2594 1046 2628 Romanarum
1079 2588 1204 2639 [105.].
1236 2592 1280 2624 In
1309 2589 1436 2623 Sicilia
1466 2600 1551 2622 cum

156 2647 368 2693 Agathoclis
397 2660 484 2694 opes
516 2649 555 2683 in
586 2650 660 2685 dies
692 2656 921 2694 crescerent,
951 2648 1066 2683 Poeni
1106 2648 1220 2682 misso
1249 2647 1434 2681 Amilcare
1465 2657 1552 2680 cum

157 2704 271 2740 classe
303 2716 364 2739 eas
393 2706 568 2740 cohibere
607 2713 755 2752 parant.
795 2706 919 2740 classis
947 2704 1146 2752 naufragio
1176 2704 1314 2738 attrita.
1351 2703 1415 2738 sed
1443 2714 1552 2748 repa-

154 2767 212 2795 rat
242 2762 337 2796 vires
367 2763 532 2798 Amilcar
552 2763 676 2809 [106.].
718 2762 942 2810 Agathocles
970 2763 1114 2796 hostem
1139 2761 1256 2808 copiis
1277 2759 1553 2806 praevalentem

154 2825 324 2854 metuens
355 2820 561 2856 Geloorum
593 2821 724 2855 urbem
756 2831 823 2867 per
843 2819 992 2854 insidias
1021 2825 1181 2865 occupat
1207 2825 1244 2852 et
1271 2818 1398 2852 domat
1427 2812 1554 2863 [1021.
