1820 3249
476 167 592 209 LIB.
622 164 729 208 XVI.
789 162 928 205 cAP.
958 164 1026 207 52
1048 164 1190 207 —54
1408 167 1515 210 1051

148 281 228 351 μὲν
264 279 374 325 κατὰ
406 278 485 334 τὴν
521 276 665 322 Ἀσίαν
697 277 744 320 5v
771 275 944 326 τούτοις
978 267 1046 330 ἦν.
1103 288 1213 316 κατα
1242 275 1288 318 65
1316 291 1396 332 την
1422 276 1514 320 Εὐ-

147 337 300 411 ρώπην
331 337 542 386 Φίλιππος
568 334 646 404 μὲν
675 332 699 377 ὁ
729 331 1006 376 Μακεδόνων
1035 333 1181 386 βασιλε
1186 331 1234 380 ὐς
1239 333 1515 398 στρατεύσας
1545 344 1597 383 70

147 396 215 438 ἐπὶ
242 393 320 445 τοὶς
353 390 621 442 Χαλκιδικας
649 388 796 440 πόλεις
825 390 987 442 Γείραν
1020 387 1099 442 μὲν
1129 385 1350 442 φρούριον
1383 390 1515 461 ἐκπο-

145 450 393 520 λιορκήσας
414 449 679 496 κατέσκαψε,
723 463 811 490 των
841 444 886 490 δ’
929 444 1072 488 ἄλλων
1108 443 1387 487 πολισμάτων
1422 447 1515 489 ἔιια

144 505 523 576 καταπληξάμενος
559 503 805 560 ἠνάγκασεν
847 500 1187 545 ὑποτάττεσθαι·
1247 500 1314 544 ἐπὶ
1356 502 1401 544 65
1439 504 1516 553 τάς

146 562 286 618 Φερὰς
314 567 390 632 τῆς
421 563 652 612 Θετταλίας
680 559 913 630 παρελθων
945 556 1196 601 Πειθόλαον
1232 558 1516 602 δυναστεύον-

142 637 196 663 τα
223 623 298 675 τῆς
333 618 496 670 πόλεως
529 618 739 672 ἐξέβαλεν.
798 616 888 688 ἅμα
926 615 971 659 δὲ
1000 613 1191 666 τούτοις
1202 615 1514 668 πραττομένοις
1544 624 1596 662 75

141 676 188 720 5v
216 681 277 731 τῷ
308 675 476 748 Πόντῳ
495 674 758 727 Σπάρτακος
788 672 811 717 6
843 676 922 716 τοῦ
943 671 1119 716 Πόντου
1137 672 1337 728 βασιλεύς
1357 672 1514 715 ἐτελεύ-

139 744 266 804 νησεν
296 721 449 787 ἄρξας
462 732 533 788 ἔτη
562 731 712 785 πέντε,
760 730 840 787 τήν
870 728 915 773 6²
944 727 1182 785 ἡγεμονίαν
1211 727 1411 783 διαδεξάιι
1417 745 1514 780 ενος

138 787 163 833 ὁ
205 787 397 845 ἀδελφός
427 788 682 857 Παρισάδης
718 787 992 856 ἐβασίλευσεν
1020 786 1090 840 ἔτη
1118 782 1354 839 τριάκοντα
1383 785 1426 829 6
1423 803 1510 829 ’τω.
1542 817 1597 856 53

254 849 346 889 Ίοῦ
376 844 418 890 δ’
448 846 573 897 ἔτους
601 844 761 888 τούτου
791 842 1045 894 διελθόντος
1059 841 1276 912 Ἀθήνησι
1304 843 1383 897 μὲν
1411 845 1512 898 ἦρχε
1542 875 1597 914 30

143 899 370 958 Θεόφιλος,
399 902 448 946 ἐν
464 902 607 959 Ῥώμῃ
630 904 676 945 δὲ
693 900 1020 972 κατεστάθησαν
1038 898 1199 943 ὕπατοι
1219 899 1350 950 Γάϊος
1371 902 1513 942 Σουλ-

138 961 283 1010 πίκιος
318 959 392 1003 καὶ
430 960 494 1002 Ι
471 976 565 1010 αιος
585 934 829 1011 ΙΚοίντιος,
880 956 1115 1012 Ὀλυμπιας
1154 955 1200 1000 6²
1233 955 1347 1012 ἤχθη
1378 954 1514 1012 ὀγδόη

137 1014 249 1070 πρὸς
276 1020 371 1067 ταῖς
399 1016 578 1067 ἑκατόν,
607 1013 714 1058 καθ’
738 1014 794 1072 ἣν
825 1013 947 1057 ἐνίκα
967 1012 1147 1058 στάδιον
1168 1016 1398 1082 Πολυκλης
1424 1016 1515 1056 Κυ-

140 1076 334 1142 ρηναῖος
394 1073 463 1116 ἐπὶ
491 1073 563 1115 65
560 1070 737 1115 τούτων
768 1073 982 1122 Φίλιππος
1013 1070 1093 1125 μὲν
1123 1068 1323 1113 σπεύδων
1341 1069 1419 1120 τὰς
1439 1067 1511 1124 ἐφ’
1544 1073 1598 1115 85

132 1126 423 1198 Ἑλληςπόντῳ
459 1129 607 1180 πόλεις
643 1127 961 1197 χειρώσασθαι,
1007 1128 1305 1196 Μηκύβερναν
1334 1128 1412 1180 μὲν
1440 1126 1514 1169 καὶ

141 1184 352 1256 Τορώνην
379 1186 510 1241 χωρὶς
536 1187 760 1230 κινδύνων
789 1184 863 1229 δια
879 1185 1126 1253 προδοσίας
1149 1182 1413 1252 παρέλαβεν·
1443 1183 1512 1225 ἐπὶ

137 1241 185 1286 65
221 1241 300 1298 τὴν
328 1244 532 1307 μεγίστην
559 1246 650 1286 τῶν
678 1242 779 1295 περὶ
806 1241 913 1292 τούς
941 1240 1104 1291 τόπους
1133 1239 1319 1291 τούτους
1344 1238 1514 1283 πόλεων

124 1297 376 1343 ’Όλυνθον
390 1298 653 1353 στρατεύσας
693 1314 800 1352 μετα
842 1302 1004 1353 πολλῆς
1040 1295 1292 1350 δυνάμεως,
1345 1295 1393 1339 τό
1433 1296 1513 1350 μὲν

136 1359 312 1410 πρῶτον
348 1356 530 1413 νικήσας
557 1355 663 1407 τούς
689 1355 948 1405 Ὀλυνθίους
978 1354 1078 1397 δυσὶ
1106 1353 1263 1409 μάχαις
1292 1365 1365 1396 συτ
1365 1354 1408 1395 5':
1407 1357 1511 1396 ιλει-
1541 1359 1596 1399 90

139 1423 212 1455 σεν
250 1414 310 1462 εἰς
347 1414 625 1466 πολιορκίαν·
667 1411 913 1481 προςβολὰς
947 1410 994 1454 65
1027 1416 1218 1465 συνεχεῖς
1246 1409 1512 1481 ποιούμενος

136 1467 328 1519 πολλούς
355 1473 444 1512 τῶν
473 1473 750 1523 στρατιωτῶν
778 1466 1033 1537 α’πὲβαλεν’
1016 1483 1063 1510 εν
1081 1472 1175 1518 ταῖς
1198 1468 1507 1536 τειχομαχίαις·

136 1524 186 1568 τδ
224 1524 271 1568 65
307 1529 554 1569 τελευταῖον
601 1527 789 1594 φθείρας
827 1522 1018 1579 χρήμασι
1054 1523 1161 1574 τούς
1187 1522 1514 1594 προεστηκότας

135 1583 223 1624 τῶν
244 1579 492 1625 Ὀλυνθίων
528 1580 828 1636 Εὐθυκράτην
865 1596 911 1624 τε
944 1580 1020 1623 καὶ
1047 1579 1280 1635 Λασθένην
1306 1580 1378 1623 διὰ
1404 1581 1511 1623 τού-
1539 1586 1596 1628 95

62 1642 225 1681 104vmv
252 1640 568 1710 προδοθεῖσαν
578 1639 659 1694 τὴν
673 1638 902 1681 ’Όλυνθον
918 1633 1014 1680 εἷλε.
1057 1635 1363 1690 διαρπασαςὲῗΙ
1377 1636 1513 1692 αὐτὴν

71 1724 75 1732 -
133 1694 211 1737 καὶ
246 1694 351 1759 τούς
392 1695 674 1746 ἐνοικοῦντας
711 1690 1191 1762 ἐξανδραποδισαμενος
1220 1693 1513 1748 ἐλαφυροπώ-

133 1755 247 1821 ’λη’σε.
311 1755 445 1795 τοῦτο
484 1752 532 1795 65
571 1751 738 1805 πράξας
772 1765 1002 1820 χρηματων
1036 1765 1082 1793 τε
1119 1753 1296 1792 πολλων
1337 1752 1396 1800 εἷς
1433 1753 1511 1795 τὸν

134 1806 324 1864 πόλεμον
353 1806 566 1879 εὐπόρησε
594 1808 668 1852 καὶ
696 1807 772 1858 τὰς
802 1806 933 1857 ἄλλας
961 1803 1107 1857 πόλεις
1135 1823 1213 1857 τας
1238 1806 1510 1862 ἐναντιουμὲ·
1541 1817 1620 1857 100

135 1879 215 1915 νας
239 1849 547 1936 κατεπλήξατο.
605 1863 708 1915 τοὺς
736 1864 783 1908 65
813 1861 1234 1918 ανδραγαθήσαντας
1261 1879 1350 1906 των
1381 1864 1509 1919 στρα-

134 1925 303 1964 τιωτῶν
330 1937 440 1965 κατα
468 1939 547 1979 την
561 1921 705 1992 μάχην
723 1919 864 1972 ἀξίαις
884 1922 1066 1975 δωρεαῖς
1084 1919 1282 1990 τιμήσας,
1314 1921 1389 1962 καὶ
1408 1937 1508 1977 χρη-

133 1977 282 2033 μάτων
314 1979 484 2052 πλῆθος
523 1978 708 2029 διαδούς
742 1982 834 2028 τοῖς
872 1977 920 2020 ἐν
954 1982 1049 2027 ταῖς
1088 1976 1266 2020 πολεσιν
1296 1975 1506 2031 ἰσχύουσι,

131 2034 325 2086 πολλοὺς
367 2035 460 2092 ε’σχε
500 2034 718 2090 προδότας
754 2038 844 2078 τῶν
879 2035 1114 2086 πατρίδων.
1174 2033 1248 2076 καὶ
1289 2033 1420 2082 αὐτὸς
1461 2034 1507 2077 65

132 2088 399 2161 ἀπεφαίνετο
436 2092 508 2136 διὰ
535 2093 718 2148 χρυσίου
746 2089 859 2134 πολὺ
888 2094 1054 2146 μαλλον
1077 2089 1107 2146 ἢ
1137 2089 1209 2133 δια
1242 2093 1330 2135 τῶν
1361 2090 1508 2134 ὅπλων
1538 2094 1565 2137 5

130 2145 368 2220 ηὕξηκέναι
391 2149 471 2221 τὴν
497 2151 615 2192 ἰδίαν
643 2149 876 2219 βασιλείαν.

103 2259 109 2263 ¹
245 2206 308 2248 Οἱ
327 2203 368 2249 δ’
397 2204 622 2277 Ἀθηναῖοι
660 2221 740 2262 την
775 2203 956 2260 αύξησιν
993 2201 1279 2258 υφορεόμενοι
1313 2206 1395 2247 τοῦ
1429 2206 1505 2247 Φι-
1537 2211 1593 2251 5:ae

128 2261 296 2306 λίππου
341 2267 434 2315 τοῖς
477 2262 545 2307 αεὶ
587 2261 932 2319 πολεμουμένοις
977 2259 1056 2303 ὑπ’
1100 2259 1238 2303 αὐτοῦ
1268 2258 1505 2317 ἐβοήθουν,

133 2419 192 2456 71.
228 2420 381 2468 Γείραν]
411 2417 543 2466 Ζειροὶν
566 2421 633 2465 QX
655 2424 689 2456 et
712 2420 773 2465 qui
795 2433 815 2464 γ
837 2432 939 2464 super
962 2420 983 2462 ζ
1002 2417 1098 2464 ponit
1119 2418 1150 2452 F
1334 2418 1392 2453 72.
1425 2417 1506 2455 ἔνια

134 2468 256 2502 om.1,
434 2467 490 2502 78.
538 2466 760 2512 Παρισαδης
782 2468 923 2512 cuspus,
948 2465 1078 2500 caeteri
1102 2462 1327 2510 Παρυσάδης

134 2509 386 2568 ἐβασίλευσεν]
418 2512 624 2571 ἐβασίλευεν
649 2525 767 2549 omnes
941 2512 998 2546 82.
1036 2511 1218 2551 κοῖνκτιος
1241 2512 1272 2545 F
1449 2511 1506 2546 86.

133 2558 399 2606 Μηκύβερναν]
425 2560 667 2608 Μικύβερναν
684 2560 768 2594 libri
903 2558 961 2593 87.
994 2559 1060 2593 δια
1083 2557 1305 2602 προδοσίας]
1331 2557 1393 2593 και
1415 2570 1506 2603 προ-

135 2605 265 2696 δῠῗῇᾱς
286 2606 344 2687 XF
498 2607 556 2643 92.
603 2604 848 2653 ποιούμενος]
880 2616 1130 2650 ποιησαμενος
1151 2605 1182 2638 F
1363 2603 1422 2638 95.
1466 2615 1506 2639 τε

134 2663 180 2686 κα
252 2664 290 2688 τε

227 2719 400 2758 121.98.
445 2719 487 2759 δὲ
509 2733 576 2758 om.
598 2722 683 2758 Bas.
754 2718 764 2727 ⁸
881 2721 938 2756 99.
984 2717 1290 2762 ἐναντιουμένοις]
1328 2716 1506 2762 η’ναντιω-

135 2763 247 2810 μένας
279 2768 311 2812 Q
492 2768 525 2804 4.
571 2769 667 2806 πολύ
701 2768 975 2813 wesselingius,
1010 2767 1152 2802 πολλοῦ
1175 2766 1206 2800 Y
1229 2767 1335 2809 Bas,
1377 2763 1504 2800 caeteri

133 2809 293 2855 πολλονς

1115 2871 1172 2911 70
1205 2865 1228 2890 *
