1820 3249
509 169 626 210 mn.
652 168 762 209 XIX.
819 167 946 209 GAP.
973 171 1041 212 82.
1072 171 1140 212 83.
1404 169 1512 212 1423

141 284 370 328 τακοσίων.
426 281 516 337 πρό
541 278 705 331 παντὸς
733 279 781 324 δε
808 284 891 324 τοῦ
920 281 1100 334 κέρατος
1129 281 1275 351 ἔστησε
1311 298 1399 325 των
1428 281 1511 326 έλε-
1541 286 1594 328 85

142 340 323 397 φάντων
350 338 598 407 τριάκοντα,
627 338 702 380 καὶ
736 335 790 380 τά
800 338 1084 409 διαστήματα
1114 338 1261 382 αὐτῶν
1289 338 1511 395 ἐπλήρωσε

140 403 232 448 τοῖς
270 400 462 449 ψιλικοῖς
499 393 736 450 τάγμασιν,
782 395 845 436 ών
884 397 995 449 ἦσαν
1037 394 1283 439 ἀκοντισταὶ
1324 396 1402 450 μὲν
1438 398 1512 440 καὶ

138 453 311 512 τοξόται
338 456 488 524 χίλιοι,
527 453 818 507 σφενδονῆται
857 452 900 494 δὲ
934 451 1103 506 Πέρσαι
1131 453 1511 497 πεντακόσιοι.τὸ

138 510 221 579 μὲν
257 513 340 554 οὐν
379 509 607 562 εὐώνυμον
647 508 776 561 κέρας
808 506 922 551 οὕτω
951 509 1276 561 κατασκευάσας
1307 512 1512 554 διενοεῖτο
1542 515 1596 555 90

138 565 283 624 τούτῳ
312 569 478 634 κρίνειν
515 581 596 621 την
625 564 778 620 μάχην.
833 565 1038 620 ἐχομένην
1070 565 1112 609 δ’
1143 567 1291 622 ε’στησε
1321 567 1421 638 τήν
1426 571 1513 610 τῶν

136 628 278 677 πεζῶν
306 623 526 689 φάλαγγα,
558 625 836 665 συνεστῶσαν
875 622 915 673 ἐξ
945 621 1123 691 ἀνδρῶν
1151 627 1321 678 μυρίων
1354 624 1427 667 καὶ
1456 641 1513 680 χι-

136 683 255 724 λίων,
312 679 483 724 τούτων
512 676 552 722 δ’
582 673 695 733 ἦσαν
722 678 977 729 Μακεδόνες
1007 679 1086 732 μὲν
1116 681 1326 750 διςχίλιοι,
1352 679 1514 725 Λύκιοι

138 738 184 782 δὲ
218 736 292 780 καὶ
324 736 605 805 Παμφύλιοι
622 737 775 790 χίλιοι,
818 736 1089 791 μισθοφόροι
1119 735 1162 780 δ’
1194 735 1511 792 ὀκτακιςχίλιοι.

136 793 206 837 έπὶ
237 794 284 838 δὲ
311 794 360 837 τὸ
391 792 552 849 δεξιὸν
561 791 688 864 κέρας
705 792 822 843 ἔταξε
852 809 953 843 τους
982 793 1160 844 λοιπούς
1190 795 1329 844 ἱππεῖς
1348 796 1513 863 χιλίους
1542 792 1596 834 95

0 847 2 885 ss
57 852 473 901 383πεντακοσίους,
517 850 580 892 ὠν
623 847 902 901 Ἀνδρόνικος
948 847 1106 905 ἡγεῖτο.
1190 849 1332 907 τούτῳ
1371 848 1411 894 δ’
1454 853 1511 906 ἡν

136 907 477 962 συντεταγμένον
518 905 650 961 λοξὴν
681 904 914 976 φυλάττειν
950 907 1030 975 τὴν
1067 905 1219 949 στάσιν
1265 908 1339 950 καὶ
1376 924 1512 962 φυγο-

134 968 284 1032 μαχεῖν
319 965 654 1018 καραδοκοῦντα
695 979 773 1017 την
812 961 874 1005 δι’
909 961 1048 1006 αὐτοῦ
1085 964 1324 1020 γινομένην
1353 966 1507 1017 κρίσιν.

134 1024 239 1072 τούς
268 1020 314 1064 δὲ
343 1019 526 1070 λοιποὺς
553 1023 642 1061 τῶν
662 1018 908 1073 ἐλεφάντων
933 1021 1228 1072 τρειςκαίδεκα
1250 1022 1398 1077 ἔστησε
1421 1020 1505 1074 πρὸ
1541 1026 1621 1065 100

133 1081 210 1132 τῆς
239 1080 330 1120 τῶν
356 1080 496 1129 πεζῶν
526 1075 770 1143 φάλαγγος,
800 1077 924 1129 μίξας
953 1077 1013 1127 εἰς
1046 1076 1098 1118 τά
1128 1078 1396 1146 διαστήματα
1421 1082 1507 1120 τῶν

132 1137 275 1182 ψιλῶν
316 1149 423 1183 τους
459 1129 652 1182 ἱκανούς.
718 1131 982 1200 Δημήτριος
1015 1132 1094 1186 μὲν
1130 1151 1215 1178 ουν
1252 1133 1506 1191 διεκόσμησε

131 1206 182 1246 τη
183 1206 212 1232 ν
238 1190 356 1234 ἰδίαν
384 1188 596 1259 δύναμιν
601 1186 679 1231 τὸν
706 1189 872 1241 τρόπον
901 1192 1073 1231 τοῦτον.

247 1248 302 1290 Οἱ
338 1245 384 1289 δε
415 1246 513 1299 περὶ
551 1244 629 1288 τὸν
660 1248 934 1312 Πτολεμαῖον
970 1246 1045 1289 καὶ
1079 1245 1303 1291 Σέλευκον
1342 1249 1391 1291 τὸ
1428 1264 1506 1303 μεν
1533 1251 1591 1291 83

130 1307 310 1372 πρῶτον
338 1303 492 1354 ἔταξαν
521 1301 706 1356 ἰσχυραν
723 1319 803 1357 την
833 1300 1062 1357 εὐώνυμον
1090 1303 1223 1356 τάξιν,
1244 1303 1506 1358 ἀγνοοῦντες
1562 1307 1589 1349 5

131 1361 212 1415 τήν
229 1364 318 1403 τῶν
336 1359 546 1403 ἐναντίων
562 1359 790 1426 ἐπιβολήν·
817 1359 1033 1413 μαθόντες
1055 1359 1100 1402 δὲ
1129 1363 1248 1414 παρὰ
1270 1365 1358 1404 τῶν
1379 1379 1505 1405 κατα-

133 1416 312 1461 σκόπων
339 1416 389 1460 τὸ
416 1412 619 1471 γεγονός,
660 1416 816 1488 ταχέως
844 1415 1042 1467 ἐξέταξαν
1069 1417 1148 1472 τὴν
1173 1417 1402 1486 δύναμιν
1387 1419 1505 1470 όπως

129 1473 181 1517 τὸ
211 1473 352 1526 δεξιὸν
379 1474 509 1528 κέρας
548 1470 680 1540 ἰσχύν
709 1473 807 1527 ε’χον
843 1472 916 1515 καὶ
949 1472 1137 1528 δύναμιν
1165 1474 1244 1530 τήν
1272 1477 1505 1546 κρατίστην

129 1532 436 1601 διαγωνίσηται
463 1528 572 1584 πρός
601 1527 706 1579 τούς
734 1527 840 1583 μετὰ
867 1532 1123 1585 Δημητρίου
1152 1531 1438 1587 τεταγμένους
1459 1533 1505 1575 έν
1537 1535 1589 1575 10

127 1593 221 1638 τοῖς
250 1585 492 1641 εὐωνύμοις
519 1586 705 1640 μέρεσιν.
743 1585 895 1637 ἔταξαν
926 1586 970 1629 δὲ
999 1586 1065 1629 ἐπὶ
1094 1591 1176 1631 τοῦ
1206 1589 1387 1661 κέρατος
1407 1587 1505 1632 τού-

127 1661 208 1688 του
238 1660 327 1688 των
356 1645 520 1688 ἱππέων
544 1641 646 1692 τοὺς
674 1645 932 1695 κρατίστους
960 1646 1232 1699 τριςχιλίους,
1257 1645 1305 1688 έν
1334 1649 1400 1696 οἱς
1431 1646 1505 1689 καὶ

125 1700 253 1745 αὐτοὶ
283 1700 590 1768 διεγνώκεισαν
618 1698 931 1754 ἀγωνίσασθαι.
968 1703 1209 1754 προέταξαν
1238 1702 1284 1745 δὲ
1308 1706 1383 1757 τῆς
1406 1701 1504 1745 στά-

129 1770 238 1809 σεως
266 1759 425 1826 ταύτης
453 1757 556 1807 τούς
585 1758 840 1824 κομίζοντας
868 1756 1035 1812 χάρακα
1060 1759 1406 1828 σεσιδηρωμένον
1430 1759 1503 1802 καὶ

127 1815 357 1870 δεδεμένον
396 1812 622 1865 ἁλύσεσιν,
663 1811 716 1856 ὃν
753 1813 1133 1867 παρεσκευάσαντο
1162 1814 1272 1868 πρὸς
1299 1832 1381 1870 την
1413 1819 1501 1874 va}v
1535 1818 1585 1856 10

127 1871 379 1926 ἐλεφάντων
422 1871 608 1926 ἔφοδον
657 1869 865 1920 ταθέντος
903 1870 988 1926 γὰρ
1034 1871 1195 1914 τούτου
1240 1871 1398 1929 ρςὲδιον
1444 1867 1501 1929 ἦν

127 1930 285 1984 εἴργειν
309 1927 363 1972 τὰ
390 1928 528 1982 θηρία
556 1929 632 1982 τῆς
660 1927 722 1976 εἰς
749 1924 1057 1981 τοῦμπροσθεν
1085 1929 1276 1983 πορείας.
1319 1929 1500 1983 προέτα-

125 1986 206 2038 ξαν
236 1985 282 2028 δὲ
307 1987 390 2028 τοῦ
417 1984 599 2037 κέρατος
625 1982 787 2026 τούτου
816 1984 889 2026 καὶ
916 1983 970 2027 τὰ
998 1984 1147 2034 ψιλικὰ
1179 1985 1392 2040 τάγματα,
1422 2002 1500 2030 πα-

125 2043 426 2098 ραγγείλαντες
453 2045 546 2091 τοῖς
572 2055 617 2084 τε
646 2037 917 2091 ακοντισταΐς
945 2042 1018 2084 καὶ
1044 2047 1136 2093 τοῖς
1164 2043 1358 2094 τοξόταις
1377 2056 1498 2086 συνε-
1526 2047 1582 2086 20

125 2102 211 2154 χώς
242 2098 603 2151 κατατιτρώσκειν
630 2097 684 2139 τὰ
713 2099 849 2152 θηρία
877 2098 950 2140 καὶ
985 2097 1088 2168 τρύς
1117 2096 1186 2142 ἐπ’
1221 2098 1369 2151 αὐτοῖς
1400 2099 1502 2144 ἀνα-

124 2154 374 2225 βεβηκότας.
430 2158 599 2224 τοῦτον
619 2153 665 2197 δὲ
694 2154 772 2197 τὸν
801 2152 968 2206 τρόπον
996 2152 1328 2226 ὀχυρωσάμενοι
1355 2156 1404 2200 τὸ
1435 2160 1499 2200 δε-

123 2212 219 2264 ξιὸν
245 2211 397 2268 κέρας,
436 2209 511 2254 καὶ
550 2210 630 2267 τήν
659 2208 795 2266 ἄλλην
828 2209 1018 2267 δύναμιν
1046 2211 1297 2265 ἐκτάξαντες
1330 2213 1499 2270 ἐνδεχο-

122 2345 179 2382 88.
204 2346 267 2383 καὶ
288 2328 450 2406 τοξόται]
472 2346 623 2391 τοξόται
644 2348 727 2382 Bae.
906 2348 964 2384 90.
986 2347 1120 2397 τούτῳ]
1153 2348 1251 2386 ου’τω
1274 2351 1394 2398 τούτῳ
1418 2353 1449 2386 F

263 2398 402 2439 κρίνειν
425 2395 594 2428 Sintenis:
615 2394 696 2428 libri
719 2396 832 2430 κινεῖν
1014 2396 1072 2431 92.
1105 2397 1167 2432 καὶ
1190 2399 1338 2444 χιλίων]
1371 2400 1498 2444 χιλίων

123 2439 207 2474 Bas.
388 2440 446 2476 93.
468 2442 647 2485 διςχίλιοι]
670 2443 780 2485 χίλιοι
804 2442 884 2478 Bas.

213 2484 296 2520 383.
340 2486 398 2522 98.
420 2487 643 2532 γινομένην]
678 2486 876 2532 πενομένην
908 2488 993 2524 Bas.
984 2514 1016 2531 .,
1051 2491 1215 2526 asterisco
1248 2491 1384 2526 notavit
1419 2491 1498 2526 Ste-

121 2531 260 2576 phanus
440 2533 496 2568 99.
518 2535 780 2592 τρειςκαίδεκα]
803 2536 987 2577 δεκατρεῖς
1009 2536 1040 2569 F
1215 2537 1296 2571 100.
1319 2537 1387 2582 τοὶ]
1412 2550 1496 2573 τινα

123 2589 242 2612 omnes
422 2579 456 2614 6.
490 2579 556 2626 τὴν
580 2582 654 2616 τῶν
686 2579 866 2615 ἐναντίων
891 2579 1095 2637 ἐπιβολήν]
1128 2584 1203 2619 τοῖν
1225 2582 1404 2620 ἐναντίων
1427 2582 1496 2628 τήν

123 2621 299 2668 ἐπιβολὴν
331 2625 414 2659 Bas.
598 2627 653 2660 10.
687 2626 843 2672 ἔταξαν]
877 2626 978 2671 ἔταξε
1001 2629 1084 2662 Bas.
1266 2630 1325 2665 11.
1353 2629 1494 2665 τούτου

122 2671 196 2704 τῶν
220 2671 492 2728 Wesselingiufl,
524 2669 667 2707 τούτων
690 2675 755 2716 w,
780 2675 910 2708 caeteri
930 2675 997 2708 τοῦ
1021 2688 1096 2708 των
1280 2676 1336 2711 16.
1360 2677 1493 2712 ταθέν-

122 2716 208 2761 τος]
233 2716 431 2761 ταχθέντος
455 2719 537 2752 Bas.
712 2721 769 2756 17.
795 2720 853 2755 18.
876 2720 1085 2764 προέταξαν
1108 2740 1153 2747 —
1175 2723 1493 2766 παραγγείλαντες]

120 2762 300 2807 προέταξε
323 2783 367 2789 -
390 2777 536 2845 παραγ,
539 2765 635 2804 ειλας
655 2765 734 2799 FW
918 2767 975 2801 19.
1007 2770 1085 2808 τοῖς
1107 2768 1298 2814 τοξόταις]
1322 2767 1492 2813 τοξόταις

119 2808 203 2845 Bas.
382 2810 440 2846 22.
464 2807 692 2856 ἐκτάξαντες]
718 2810 889 2855 τάξαντες
910 2813 991 2847 Bas.
