1820 3249
489 144 1090 191 LlB.XV1,.cAP.5o.51
1366 148 1475 189 1089

106 259 311 315 νέγκατο,
348 261 408 316 τῷ
445 258 493 302 δὲ
523 255 695 328 Βαγώᾳ
723 259 801 312 τῆς
837 255 1066 328 σωτηρίας
1081 254 1216 306 α’ίτιος
1234 255 1474 323 γενόμενος

108 316 315 360 συνέθετο
344 314 454 370 πρὸς
479 312 615 358 αὐτόν
634 314 965 381 κοινοπραγίαν,
997 311 1072 355 καὶ
1090 310 1233 362 δούς
1218 311 1377 366 όρκους
1399 314 1473 356 καὶ

105 372 254 428 λαβων
290 372 385 426 περὶ
414 370 582 415 τούτων
615 369 858 414 συνετέλεσε
891 367 972 438 τὴν
1002 367 1212 411 σύνθεσιν
1242 369 1473 423 φυλάττων
1503 372 1556 415 85

107 430 227 484 μέχρι
263 432 338 484 τῆς
372 432 452 471 τοῦ
489 429 592 483 βίου
628 430 836 482 τελευτῆς.
896 424 965 468 διό
995 425 1069 468 καὶ
1099 424 1259 481 συνέβη
1289 425 1474 477 τούτους

105 485 222 540 παρὰ
258 487 424 557 βασιλεῖ
461 488 826 541 συμφρονοῦντας
853 480 1039 552 ’ὕστερον
1068 485 1271 524 πλεῖστον
1300 483 1473 538 ἰσχῦσαι

104 545 193 611 τῶν
230 542 372 595 φίλων
408 542 482 585 καὶ
520 544 744 597 συγγενῶν
772 542 863 582 τῶν
890 535 996 593 παρ’
1023 535 1296 608 Ἀρταξέρξῃ·
1342 539 1366 582 ὁ
1395 539 1474 594 μὲν

103 598 186 667 γὰρ
213 596 400 668 Μέντωρ
439 597 486 640 ἐν
523 602 614 649 τοῖς
652 596 1022 650 παραθαλαττίοις
1057 594 1221 662 μέρεσι
1233 598 1308 650 τῆς
1335 593 1474 646 Ἀσίας
1504 601 1557 640 90

101 653 271 709 ἡγεμών
312 654 506 725 μέγιστος
518 653 814 724 ἀποδειχθεὶς
827 655 889 709 τῶ
917 654 1089 707 βασιλεῖ
1112 649 1301 723 μεγάλας
1328 654 1476 705 παρεί-

100 726 195 766 χετο
224 712 380 766 χρείας,
409 710 456 753 ἐκ
482 710 562 782 μὲν
589 714 665 767 τῆς
689 696 894 760 Ἑλλάδος
922 709 1230 778 μισθοφόρους
1253 706 1476 777 ἀθροίζων

100 767 175 810 καὶ
203 768 384 821 πέμπων
411 767 519 821 πρὸς
545 766 844 822 Ἀρταξέρξην,
872 765 983 809 κατὰ
1011 765 1057 808 δὲ
1086 764 1163 816 τοὶς
1191 764 1371 836 πράξεις
1402 762 1476 807 ἀν-

101 825 252 877 δρείως
279 824 353 867 καὶ
380 828 541 875 πιστῶς
570 824 742 868 α’παντα
762 825 965 867 διοικῶν·
997 819 1020 865 ὁ
1041 821 1088 864 δὲ
1107 820 1329 876 Βαγώας’
1311 837 1359 864 εν
1381 826 1477 872 ταῖς

100 879 191 923 ἅνω
214 882 490 934 σατραπείαις
515 881 686 925 ἅπαντα
717 883 778 937 τῷ
807 881 978 934 βασιλεῖ
1004 877 1229 935 διῳκηκως
1257 881 1472 921 τοσοῦτον
1502 881 1557 923 95

98 938 267 1008 ἴσχυσε
281 936 355 981 δια
391 937 471 994 τὴν
498 937 609 993 πρὸς
637 937 716 981 τὸν
744 925 952 990 Μέντορα
980 936 1218 979 κοινωνίαν
1247 938 1336 977 τῶν
1364 934 1471 988 πρά-

98 993 205 1044 ξεων
232 991 334 1045 ω’ςτε
361 997 438 1050 τῆς
465 996 683 1064 βασιλείας
711 992 870 1047 κύριον
905 997 1016 1036 εἰναι
1053 991 1127 1035 καὶ
1165 991 1302 1048 μηδὲν
1337 990 1473 1046 πράτ-

96 1065 187 1093 τειν
214 1050 292 1093 τὸν
318 1048 593 1121 Ἀρταξέρξην
622 1051 727 1094 ἄνευ
755 1052 831 1105 τῆς
860 1048 1027 1093 ἐκείνου
1042 1045 1242 1120 γνώμης·
1272 1047 1346 1091 καὶ
1364 1064 1471 1102 μετα

95 1123 178 1170 την
209 1105 376 1150 ἐκείνου
405 1107 604 1163 τελευτὴν
632 1124 738 1158 τους
775 1105 1017 1175 διαδόχους
1045 1103 1110 1148 ἀεὶ
1139 1109 1215 1166 τῆς
1247 1106 1469 1173 βασιλείας
1501 1110 1582 1150 100

99 1160 231 1214 οὗτος
270 1161 525 1207 ἀπεδείκνυε
573 1164 647 1209 καὶ
686 1161 829 1207 πάντα
868 1161 1094 1230 βασιλέως
1118 1166 1201 1216 εἰχε
1249 1159 1362 1230 πλην
1399 1165 1475 1216 τῆς

96 1221 400 1276 προςηγορίας.
458 1219 567 1263 ἀλλα
603 1220 702 1291 περὶ
740 1235 819 1290 μεν
846 1218 1014 1262 τούτων
1042 1216 1095 1262 τοὶ
1124 1233 1235 1262 κατα
1261 1215 1393 1274 μέρος
1423 1217 1471 1260 ἐν

95 1281 188 1329 τοῖς
216 1277 391 1327 οἰκείοις
418 1274 605 1347 χρόνοις
622 1274 946 1344 ἀναγράψομεν.

211 1331 318 1377 Τότε
347 1333 393 1377 δὲ
421 1350 526 1389 μετα
554 1350 636 1390 την
663 1337 739 1390 τῆς
763 1331 1023 1404 Βουβάστου
1040 1329 1286 1387 παράδοσιν
1315 1330 1362 1373 αἰ
1383 1333 1469 1374 λοι-
1497 1337 1551 1378 51

95 1389 171 1433 παὶ
208 1388 356 1441 πόλεις
383 1395 719 1461 καταπλαγεῖσαι
751 1388 854 1433 καθ’
887 1388 1128 1445 ὁμολογίαν
1156 1403 1264 1442 παρ
1250 1388 1467 1442 δόθησαν
1497 1394 1524 1434 5

95 1451 187 1498 τοῖς
217 1447 419 1516 Πέρσαις.
476 1446 523 1490 ἐν
566 1446 613 1490 δὲ
645 1450 699 1503 τῇ
726 1446 907 1515 Μέμφει
943 1447 1198 1515 διατρίβων
1209 1444 1232 1488 ὁ
1263 1444 1468 1514 βασιλεὺς

96 1502 387 1572 Νεκτανεβώς
418 1503 493 1546 καὶ
527 1507 720 1572 θεωρῶν
747 1501 828 1570 τὴν
856 1504 944 1545 τῶν
975 1501 1146 1545 πόλεων
1175 1500 1336 1574 ὁρμην,
1383 1499 1467 1544 οὐκ

93 1559 325 1631 ἐτόλμησεν
358 1557 606 1629 ὑποστῆναι
642 1575 746 1610 τους
783 1556 894 1613 νπὲρ
931 1563 1007 1614 τῆς
1043 1557 1275 1628 ηγεμονίας
1315 1555 1467 1600 κινδύ-

93 1631 211 1667 νους.
270 1614 491 1686 ἀπογνους
519 1618 603 1659 οὐν
629 1616 711 1689 τὴν
738 1616 960 1671 βασιλείαν
987 1615 1062 1659 καὶ
1090 1613 1143 1658 τοὶ
1169 1618 1347 1657 πλεῖστα
1375 1617 1475 1656 τῶν·
1497 1620 1550 1659 10

70 1670 323 1742 ,χρημάτων
352 1671 596 1728 ἀναλαβων,
626 1672 787 1729 ἔφυγεν
819 1673 879 1722 εἰς
897 1672 981 1741 τὴν
1010 1672 1264 1714 Αἰθιοπίαν.
1320 1669 1465 1724 Ἀρτα-

93 1728 240 1799 ξέρξης
282 1729 328 1772 δὲ
367 1729 635 1784 παραλαβών
675 1732 822 1800 ποῖσαν
860 1727 940 1784 τὴν
976 1729 1225 1782 Αἴγυπτον,
1265 1726 1340 1770 καὶ
1376 1730 1466 1769 τῶν

93 1783 445 1854 ἀξιολογωτάτων
473 1785 642 1829 πόλεων
678 1802 732 1829 τα
759 1785 872 1844 τείχη
900 1783 1134 1839 περιελών,
1178 1800 1232 1826 τοι
1262 1782 1339 1838 μεν
1369 1781 1464 1853 ίερα

17 1853 86 1889 122
97 1839 284 1898 συλήσας
311 1842 544 1915 ἠθροισεν
551 1841 750 1913 ἀργύρου
774 1857 818 1884 τε
847 1841 918 1884 καὶ
945 1844 1124 1910 χρυσοῦ
1143 1844 1334 1909 πλῆθος,
1359 1838 1466 1909 ἀπή-
1497 1841 1555 1888 15,

92 1914 216 1954 νεγκε
245 1899 292 1942 δὲ
320 1899 394 1942 καὶ
421 1916 498 1950 τας
527 1900 573 1943 ἐκ
597 1903 687 1943 τῶν
715 1896 906 1969 ἀρχαίων
934 1900 1067 1968 ἱερῶν
1097 1895 1382 1967 ἀναγραφάς,
1410 1912 1468 1947 ας

91 1955 279 2010 υστερον
306 1954 492 2011 Βαγώας
529 1959 704 2000 πολλῶν
731 1954 958 2026 χρημάτων
988 1953 1264 2008 απελύτρωσε
1292 1958 1383 2004 τοῖς
1412 1955 1467 1996 ἱε-

94 2015 218 2066 ρεῦσι
245 2014 332 2056 τῶν
359 2013 621 2068 Αἰγυπτίων.
679 2012 785 2064 τούς
817 2011 864 2056 δὲ
893 2009 1349 2080 συστρατευσαμένους
1377 2012 1467 2052 τῶν

88 2067 305 2139 Ἑλλήνων
353 2069 464 2113 κατοὶ
500 2069 578 2126 τὴν
617 2066 743 2122 ἀξίαν
779 2068 962 2112 ἕκαστον
1003 2070 1184 2122 δωρεαῖς
1222 2065 1466 2122 ἀξιολόγοις

91 2123 273 2181 τιμήσας
308 2122 520 2170 ἀπέλυσεν
559 2128 619 2178 εἰς
657 2126 732 2177 τὰς
769 2127 1001 2179 πατρίδας·
1049 2129 1125 2181 τῆς
1165 2121 1204 2166 δ’
1235 2123 1462 2178 Αἰγύπτου
1491 2127 1546 2167 20

93 2183 318 2253 σατράπην
355 2181 625 2239 καταστήσας
667 2182 942 2253 Φερενδάτην
981 2182 1199 2237 ἐπανῆλθε
1236 2197 1340 2235 μετα
1389 2183 1465 2235 τῆς

93 2238 318 2293 δυναμεως
343 2240 402 2290 εἰς
422 2243 680 2309 Βαβυλῶνα,
707 2238 846 2283 πολλα
875 2238 953 2294 μὲν
969 2238 1168 2295 χρήματα
1189 2238 1262 2280 καὶ
1283 2236 1464 2291 λάφυρα

91 2296 292 2350 κομίζων,
322 2295 453 2347 δόξαν
482 2297 528 2341 δὲ
555 2295 744 2354 μεγάλην
771 2296 819 2340 ἐκ
847 2299 936 2339 τῶν
962 2292 1318 2351 κατορθωμάτων
1339 2309 1456 2349 περι

90 2351 389 2408 πεποιημένος

90 2485 147 2521 89.
175 2488 488 2532 παραθαλασσίοις
509 2491 540 2525 F
721 2489 780 2525 91.
811 2488 986 2534 παρέχει-ο
1010 2488 1091 2522 Bas.
1275 2485 1331 2520 91.
1365 2485 1459 2519 διοι-

92 2534 194 2578 κὧν]
219 2535 409 2580 διφκηκως
435 2538 525 2571 LTY
551 2537 630 2571 Bas.
814 2535 871 2571 95.
919 2532 1138 2592 διῳκηκὼς]
1157 2532 1308 2568 διοικῶν
1331 2533 1389 2564 FL
1393 2531 1458 2565 'IY

93 2579 176 2616 Bas.
354 2583 412 2617 96.
457 2582 522 2617 τὸν
545 2594 613 2617 οιιι.
636 2583 667 2616 F
690 2583 772 2617 Bas.
955 2582 1035 2616 100.
1086 2577 1163 2624 ἀεὶ]
1192 2579 1263 2613 αἰεὶ
1287 2589 1404 2611 omncs

229 2625 263 2660 2.
309 2640 356 2662 τα
387 2629 548 2663 asterisco
579 2629 712 2663 notavit
735 2629 928 2672 Stephanus
1109 2626 1142 2659 7
1193 2628 1248 2661 Νε
1252 2622 1455 2671 κτανεβως]

91 2669 314 2719 νεκτεναβως
334 2675 364 2708 F
544 2675 577 2710 8.
623 2675 762 2711 πόλεων
786 2676 831 2718 Q,
857 2673 985 2709 caeteri
1007 2673 1191 2715 πολεμίων

182 2741 360 2779 12216.
407 2740 658 2787 ἀπελύτρωσε,
696 2757 718 2779 ν
742 2755 845 2787 super
866 2754 894 2777 π
924 2743 1053 2786 posito,
1083 2742 1136 2784 F,
1174 2740 1303 2776 caeteri
1332 2734 1460 2774 ἀνελύ-

89 2798 207 2832 τρωσε
388 2789 444 2825 22.
493 2788 604 2835 δόξαν
629 2789 693 2836 δὲ]
720 2791 837 2834 δόξαν
860 2801 898 2826 τε
921 2790 951 2824 F
974 2790 1053 2824 Bas.

1133 2849 1188 2888 70
