1820 3249
488 143 602 186 LlB.
632 140 781 186 xvm.
840 140 975 184 GAP.
1008 143 1076 185 41.
1106 144 1175 186 42.
1410 146 1526 188 1297

146 257 236 299 τῶν
264 255 312 299 ἐν
337 253 517 305 ταύταις
543 252 773 308 προςόδων
797 251 952 308 κύριος
980 251 1233 321 γενόμενος,
1271 253 1331 297 ἔτι
1360 255 1406 298 δὲ
1436 269 1525 298 πα-

148 312 363 382 ραλαβών
380 316 549 382 πλῆθος
584 309 838 366 χρημάτων,
877 309 1088 365 μειζόνων
1115 311 1381 381 πραγμάτων
1412 311 1524 365 ωρέ-
1555 313 1609 354 10

147 385 256 439 γετο.
307 367 454 412 ου’κέτι
482 367 563 423 γὰρ
594 367 738 418 οὐδεὶς
767 370 856 409 τῶν
883 366 993 410 κατά
1023 367 1102 422 τὴν
1128 366 1276 413 Ἀσίαν
1292 367 1524 440 ἡγεμόνων

66 427 134 460 289
148 423 385 481 ἀξιόμαχον
413 422 495 479 εἶχε
525 423 713 494 δύναμιν
727 424 1086 494 διαγωνίσασθαι
1119 424 1230 479 πρὸς
1260 424 1394 469 αὐτὸν
1423 425 1524 480 περὶ

143 486 234 525 τῶν
249 483 498 551 πρωτείων.
557 479 628 524 διὸ
666 480 742 524 καὶ
777 480 888 534 πρὸς
917 477 1200 536 Ἀντίπατρον
1227 480 1338 525 κατὰ
1362 482 1440 537 μὲν
1472 482 1523 525 τὸ

142 537 288 592 παρόν
316 541 610 608 προςεποιεῐτο
641 540 824 592 φιλικῶς
859 539 1118 589 διακεῖσθαι,
1149 536 1372 609 διεγνώκει
1392 539 1439 582 δὲ
1467 555 1522 582 τα

143 593 249 638 καθ’
292 593 431 638 αὐτόν
472 592 824 649 ἀσφαλισάμενος
861 592 1008 649 μηκέτι
1043 594 1268 652 προςέχειν
1299 594 1402 651 μήτε
1430 600 1522 646 τοῖς
1553 588 1605 630 15

143 654 372 720 βασιλεῦσι
408 650 511 707 μήτε
541 649 927 720 Ἀντιπάτρῳ.τὸ
940 651 1038 719 μὲν
1069 653 1152 693 οὐν
1176 655 1354 706 πρῶτον
1376 652 1521 706 περιέ-

141 710 246 762 λαβε
275 723 381 758 τους
405 707 788 762 καταπεφευγότας
816 707 876 757 εἰς
905 705 953 750 τὸ
983 706 1205 763 φρούριον
1234 710 1402 759 διπλοῖς
1430 714 1522 759 τοῖς

140 766 291 832 τείχεσι
319 765 393 808 καὶ
421 766 606 820 τάφροις
643 765 716 807 καὶ
753 762 1039 834 χαρακωμασι
1067 769 1362 820 θαυμαστοῖς·
1410 764 1519 831 μετά

139 825 279 864 ταῦτα
318 819 358 864 δ’
403 823 463 872 εἰς
503 821 720 876 σύλλογον
758 820 901 863 ἐλθών
930 819 1120 877 Εὐμένει
1154 821 1228 864 καὶ
1255 821 1345 892 ,τὴν
1372 825 1519 876 προῦ-
1547 822 1604 861 20

140 875 397 932 πάρχουσαν
425 880 579 947 φιλίαν
607 877 977 932 ἀνανεωσάμενος,
1008 879 1181 921 ἔπειθεν
1210 875 1348 921 αὐτόν
1371 895 1522 922 κοινο-

139 939 336 989 πραγεῖν.
392 933 417 977 6
456 934 503 978 δὲ
544 934 669 985 εἰδως
702 934 782 990 τὴν
817 933 951 990 τύχην
989 932 1118 986 ὀξέως
1150 934 1522 1005 μεταβάλλουσαν,

139 993 340 1060 μείζονας
375 989 488 1061 ᾔτει
505 992 841 1059 φιλανθρωπίας
873 994 950 1045 τῆς
983 991 1084 1044 περὶ
1113 990 1250 1034 αὐτὸν
1279 991 1421 1062 οὔσης
1441 1007 1521 1035 πε-

140 1046 392 1099 ριστάσεως.
453 1046 561 1091 ὠέτο
596 1065 680 1103 γαρ
721 1049 814 1090 δεῖν
851 1046 972 1117 αυτῷ
1006 1053 1342 1118 συγχωρηθῆναι
1370 1066 1448 1100 τας
1476 1049 1520 1101 ἐξ

140 1101 272 1159 ἀρχῆς
303 1092 537 1173 δεδομένας
567 1106 828 1173 σατραπείας
854 1103 929 1146 καὶ
958 1107 1047 1146 τῶν
1076 1104 1354 1176 ἐγκλημάτων
1384 1104 1518 1149 άπάν-
1548 1096 1603 1139 25

138 1175 230 1202 των
268 1157 496 1204 ἀπόλυσιν.
554 1159 577 1204 6
619 1162 665 1204 δὲ
703 1157 950 1229 ''Avmyovog
992 1160 1092 1214 περὶ
1131 1161 1210 1216 μὲν
1249 1161 1418 1205 τούτων
1451 1162 1522 1205 ἐπὶ

137 1215 217 1259 τόν
238 1214 525 1272 Ἀντίπατρον
552 1216 632 1273 τὴν
661 1215 894 1285 ἀναφορὰν
912 1216 1160 1286 ἐποιήσατο,
1189 1222 1270 1261 τοῦ
1292 1218 1338 1262 δὲ
1354 1221 1522 1275 χωρίου

137 1272 221 1328 τὴν
250 1273 407 1343 ἱκανὴν
436 1274 639 1346 φυλακήν
667 1272 895 1317 ἅπολιπων
924 1272 1125 1329 ὥρμησεν
1154 1274 1224 1318 ἐπὶ
1252 1276 1358 1326 τούς
1377 1277 1522 1319 ἐπιπο-

140 1329 406 1383 ρευομένους
442 1329 658 1399 ἡγεμόνας
695 1334 781 1373 τῶν
815 1333 1034 1384 πολεμίων
1062 1331 1135 1374 καὶ
1165 1332 1413 1402 δυνάμεις’
1400 1333 1519 1388 ε’χον-

142 1402 219 1436 τας
246 1385 446 1430 Ἀλκέταν
473 1403 518 1430 τε
546 1386 625 1430 τὸν
656 1385 847 1442 άδελφόν
876 1390 958 1429 τοῦ
988 1389 1240 1455 Περδίκκου
1268 1389 1342 1433 καὶ
1358 1387 1519 1433 ’Ἀττα-
1547 1380 1602 1419 30

140 1445 222 1485 λον
248 1442 327 1486 τὸν
355 1448 435 1487 τοῦ
466 1442 624 1487 στόλου
655 1443 820 1493 παντὸς
846 1441 1119 1498 κυριεύοντα.

254 1500 382 1543 Meto&
418 1500 464 1544 δὲ
502 1504 638 1543 ταῦτα
677 1499 701 1543 6
740 1498 945 1562 Εὐμένης
977 1499 1091 1553 πρὸς
1126 1500 1206 1544 τὸν
1231 1498 1520 1559 ’Λντίπατρον
1545 1494 1602 1533 42

139 1556 405 1611 πρεσβευτὰς
434 1555 649 1601 ἀπέστειλε
678 1557 774 1611 περὶ
803 1560 892 1599 τῶν
923 1554 1183 1626 ὁμολογιῶν,
1214 1574 1278 1601 ων
1307 1560 1362 1614 ἡν
1386 1557 1517 1614 ἡγού-

138 1629 272 1682 μενος
292 1613 553 1684 Ιερῶνυμος
596 1613 619 1657 ὁ
658 1613 734 1664 τας
770 1629 858 1657 των
898 1612 1117 1669 διαδόχων
1147 1615 1341 1669 ἱστορίας
1367 1631 1518 1670 γεγρα-

91 1693 95 1700 ·
140 1668 250 1724 φώς.
311 1669 444 1722 αὐτὸς
483 1670 528 1714 δὲ
563 1674 744 1720 πολλαῖς
780 1671 854 1713 καὶ
890 1672 1107 1722 ποικίλαις
1142 1670 1405 1741 κεχρημένος
1435 1676 1516 1716 τοῦ
1546 1664 1601 1705 35

139 1728 242 1781 βίον
280 1730 556 1781 μεταβολαῖς,
597 1726 681 1770 οὐκ
711 1726 991 1770 ἐταπεινοῦτο
1021 1731 1095 1796 τῷ
1114 1727 1393 1784 φρονήματι,
1442 1740 1518 1772 σα-

140 1799 238 1838 φως
268 1782 393 1853 εἰδως
427 1783 505 1840 τήν
536 1782 670 1853 τύχην
700 1783 841 1835 ὀξείας
869 1783 946 1834 τὰς
979 1785 1038 1835 εἰς
1069 1782 1296 1853 ἀμφότερα
1324 1785 1379 1827 τὰ
1407 1787 1518 1842 μέρη

140 1839 412 1908 ποιουμένην
441 1839 694 1907 μεταβολάς.
751 1839 867 1895 ἑώρα
899 1840 983 1895 γὰρ
1014 1840 1117 1891 τούς
1145 1841 1225 1896 μὲν
1254 1858 1343 1885 των
1372 1846 1520 1886 Μακε-

143 1893 288 1939 δόνων
318 1899 508 1966 βασιλεῖς
537 1895 668 1940 κενόν
697 1895 872 1951 ε’χοντας
901 1896 950 1941 τὸ
980 1900 1056 1954 τῆς
1085 1899 1304 1967 βασιλείας
1333 1900 1519 1967 πρόσχη-

140 1969 223 2008 μα,
272 1950 463 2005 πολλούς
502 1953 548 1997 δὲ
579 1954 653 1997 καὶ
681 1952 896 2009 μεγάλους
923 1958 1016 2005 τοῖς
1046 1954 1324 2026 φρονήμασιν
1353 1955 1520 2010 ἄνδρας
1548 1942 1604 1987 40

142 2009 477 2064 διαδεχομένους
499 2009 577 2060 τάς
595 2009 842 2081 ἡγεμονίας,
875 2010 1039 2062 πάντας
1057 2011 1102 2054 δὲ
1126 2014 1397 2082 ἰδιοπραγεῖν
1415 2016 1520 2069 βου·

140 2065 365 2137 λομένους.
422 2066 598 2123 ἤλπιζεν
629 2083 733 2118 ουν,
777 2065 883 2122 ὅπερ
915 2065 973 2124 ἦν
1001 2067 1115 2122 πρὸς
1141 2066 1375 2124 ἀλήθειαν,
1415 2075 1518 2113 πολ-

141 2123 246 2173 λοὺς
285 2121 424 2166 αὐτοῦ
463 2125 612 2179 χρείαν
645 2123 754 2176 ε’ξειν
794 2123 866 2167 διά
905 2140 950 2168 τε
979 2141 1061 2179 την
1092 2125 1310 2195 φρόνησιν
1337 2126 1410 2170 καὶ
1439 2126 1520 2179 τὴν

141 2177 366 2233 ἐμπειρίαν
394 2183 483 2223 τῶν
511 2184 780 2250 πολεμικῶν,
814 2180 876 2223 ε’τι
906 2181 952 2224 δὲ
980 2181 1059 2236 τὴν
1087 2180 1337 2254 υπερβολήν
1364 2187 1441 2253 τῇς
1470 2183 1518 2226 ἐν

139 2237 194 2303 τῇ
226 2238 364 2280 πίστει
390 2236 681 2294 βεβαιότητος.
741 2234 859 2290 ὁρῶν
898 2238 945 2281 δὲ
975 2254 1081 2288 τους
1110 2240 1292 2291 ἴ,ππους
1335 2239 1409 2283 διὰ
1436 2239 1517 2295 τὴν
1545 2227 1601 2279 45

141 2289 192 2332 ἐν
216 2295 272 2359 τῇ
291 2295 552 2365 στενοχωρία
575 2292 817 2350 τραχύτητα
835 2311 893 2350 μη
919 2295 1191 2365 δυναμένους
1198 2296 1519 2366 γυμνάζεσθαι,

142 2346 253 2402 πρὸς
288 2349 369 2405 τήν
404 2349 451 2394 έν
491 2356 586 2402 ταῖς
614 2351 897 2407 ἱππομαχίαις
924 2352 1070 2407 χρείαν
1100 2350 1343 2410 ἀχρήστους
1372 2353 1522 2409 ἐσομέ-

184 2501 194 2514 9
228 2458 317 2514 1289.
346 2461 404 2496 14.
450 2460 520 2507 τα]
551 2461 592 2499 τό
616 2474 735 2498 omnes
917 2463 1015 2500 καθ’
1038 2461 1154 2502 αυτὸν
1177 2466 1242 2510 W,
1278 2468 1406 2502 caeteri
1431 2464 1518 2502 κατ’

144 2517 261 2539 αυτον
465 2508 522 2543 17.
567 2509 911 2560 καταπεφευγότας]
948 2513 1230 2557 καταφυγόντας
1255 2515 1304 2556 V,
1334 2514 1522 2556 καταφεύ-

143 2563 276 2595 γοντας
298 2553 328 2586 F
509 2554 565 2589 23.
613 2554 736 2602 αὐτῷ]
763 2555 882 2592 αὐτὸν
906 2558 935 2591 F
1117 2559 1175 2593 24.
1221 2559 1437 2605 δεδομένας]
1463 2562 1518 2595 δι-

147 2597 305 2639 δομένας
337 2598 367 2632 F
550 2601 606 2635 28.
653 2592 986 2659 ἐπιπορευομένους
1010 2605 1304 2641 Rhodomannus=
1337 2607 1420 2640 libri
1445 2619 1513 2640 πο-

143 2643 364 2723 ρᾶεέῇομένονς
409 2688 467 2724 34
513 2645 603 2726 332
622 2644 803 2751 Ἀἱλιῖἶέιτῃαῤ
832 2650 924 2730 >uzu
914 2648 1006 2706 Ἀλκέ
993 2663 1075 2685 εταν
1101 2652 1128 2686 V
1246 2652 1345 2733 3631.
1387 2649 1413 2708 ’ὁ
1441 2664 1511 2731 οὲη.

217 2715 226 2723 .
798 2707 859 2729 cae
877 2696 927 2729 eri
1296 2725 1304 2732 .

143 2736 195 2786 εἰς
221 2735 267 2769 W
459 2735 518 2772 37.
566 2704 736 2783 ἑὲὅςρα]
724 2739 868 2785 ἑώρονν
898 2709 1065 2777 Βειῗτος
1172 2743 1230 2779 38.
1279 2711 1425 2789 ἔχοιῖτῖιέ
1441 2698 1519 2779 f0611.

144 2781 221 2815 UW
405 2781 462 2816 44.
508 2785 736 2831 πολεμικῶν]
756 2790 940 2832 πολεμίων
963 2789 993 2822 V

1188 2849 1246 2889 83
