1820 3249
336 152 449 194 1150
689 151 810 194 LIB.
841 151 972 194 XVII.
1029 153 1162 196 GAP.
1195 157 1264 195 16.
1297 156 1363 196 17.

229 271 305 311 100
334 265 483 306 πᾶσαν
511 263 709 318 πράξεως
716 262 952 333 ἀναβολὴν
974 265 1212 320 ἀλλοτρίως
1234 268 1518 320 διακείμενος,
1550 266 1721 312 ἀντεῖπε
1738 216 1820 314 ῑ72ι

330 319 517 371 τούτοις.
578 321 759 391 αἰσχρὸν
786 321 870 376 γάρ
901 321 1113 394 ὑπάρχειν
1143 322 1411 379 ἀπεφαίνετο
1434 323 1513 368 τόν
1534 324 1623 368 ὑπὸ
1647 329 1722 380 τῆς

330 376 538 429 Ἑλλάδος
566 376 761 434 ἡγεμόνα
789 381 1117 448 καθεσταμένον
1143 385 1224 424 τοῦ
1247 381 1441 435 πολέμου
1470 382 1544 425 καὶ
1576 397 1725 437 πατρι-

332 434 412 486 κὰς
442 433 677 491 ἀνικήτους
707 435 912 508 δυνάμεις
947 437 1250 508 παρειληφότα
1288 442 1515 493 καθῆσθαι
1552 438 1724 494 γάμους

275 496 302 538 5
333 492 614 562 ἐπιτελοῦντα
656 492 729 535 καὶ
767 493 932 536 τέκνων
967 495 1154 549 γενέσεις
1190 493 1475 550 ἀναμένοντα.
1547 495 1724 547 διδάξας

335 546 419 593 οὖν
451 547 613 600 αὐτοὺς
642 549 743 603 περὶ
775 555 856 593 τοῦ
888 551 1206 620 συμφέροντος,
1238 552 1312 595 καὶ
1341 551 1627 608 παρορμήσας
1650 552 1725 596 δια

331 611 423 650 τῶν
451 606 597 661 λόνων
616 607 726 659 πρὸς
747 623 851 657 τους
872 606 1056 662 ἀγῶνας,
1089 611 1251 659 θυσίας
1272 614 1609 664 μεγαλοπρεπεῖς
1632 613 1726 660 τοῖς

331 669 455 714 θεοῖς
493 664 767 706 συῑετέλεσεν
809 664 856 707 έν
893 667 988 721 Δίῳ
1029 668 1104 720 τῆς
1145 668 1427 716 ,Μακεδονίας
1464 668 1538 709 καὶ
1578 679 1726 723 σκηνι-

331 738 439 772 κους
471 719 645 776 ἀγῶνας
674 721 751 763 Διὶ
781 738 855 764 και
886 711 1109 773 Μούσαις,
1141 721 1220 773 οὓς
1243 721 1473 777 Ἀρχέλαος
1503 722 1527 766 ὁ
1559 727 1726 794 προβα-

245 786 300 826 10
333 777 537 828 σιλεύσας
566 794 740 830 πρωτος
769 778 993 829 κατέδειξε.
1052 781 1131 835 τήν
1163 780 1208 821 δε
1239 795 1490 835 πανήγυριν
1520 781 1574 836 ἐφ
1625 780 1726 837 ήμέ-

332 852 413 888 ρας
444 834 568 877 ἐννέα
600 834 896 888 συνετέλεσεν,
947 833 1105 905 ἑκάστῃ
1137 852 1227 877 των
1256 840 1457 879 Μὀυσῶν
1489 837 1726 892 επώνυμον

329 892 497 960 ἡμέραν
526 890 766 943 ἀναδείξας.
823 891 990 947 σκηνήν
1020 892 1066 935 δὲ
1097 893 1533 966 κατασκευασάμενος
1555 910 1728 937 εκατοψ

330 948 538 992 τάκλινον
567 947 672 999 τούς
706 965 750 991 τε
781 951 940 1005 φίλους
968 950 1043 993 καὶ
1072 949 1179 999 τοὺς
1209 949 1314 1004 ήγεμ
1319 949 1424 1001 όνας
1456 951 1516 993 ε’τι
1548 951 1593 994 δὲ
1617 968 1726 1001 τους

246 1012 299 1053 15
333 1005 419 1049 ἀπὸ
461 1010 549 1048 τῶν
586 1005 758 1049 πόλεων
797 1008 1001 1062 πρέσβεις
1030 1006 1279 1062 παρέλαβεν
1311 1007 1381 1050 έπὶ
1411 1007 1493 1063 τήν
1522 1006 1723 1064 εὐωχίαν.

329 1068 551 1118 λαμπραῖς
581 1063 627 1106 δὲ
656 1069 956 1117 παρασκευαῖς
984 1063 1274 1119 χρησάμενος,
1313 1065 1387 1108 καὶ
1415 1065 1608 1114 πολλους
1646 1081 1726 1120 μεν

331 1119 556 1171 εστιάσας,
588 1122 705 1177 πάση
738 1120 783 1163 δὲ
814 1138 866 1178 τῃ
899 1122 1082 1175 δυνάμει
1112 1122 1294 1171 διαδούς
1325 1124 1456 1175 ἱερεῖα
1487 1123 1559 1164 καὶ
1588 1120 1724 1164 τάλλα

329 1177 383 1220 τὰ
414 1176 524 1230 πρὸς
553 1176 634 1233 τήν
668 1175 857 1234 εὐωχίαν
888 1177 1132 1234 ἀνήκοντα,
1176 1179 1475 1234 προςανέλαβε
1507 1177 1556 1222 τὸ
1588 1191 1725 1234 στρα-

329 1233 533 1278 τόπεόον.

249 1299 305 1337 17
444 1289 538 1333 Ἐπ’
581 1290 793 1346 ἄρχοντος
839 1289 884 1334 δ’
931 1289 1146 1346 Ἀθήνησι
1182 1291 1502 1363 Κτησικλέους
1521 1291 1725 1347 Ρωμαῖοι

246 1357 302 1395 20
333 1365 414 1404 μεν
445 1347 642 1398 ὑπάτους
672 1348 940 1404 κατέστησαν
970 1349 1110 1391 Γάιον
1133 1351 1405 1391 Σουλπίκιον
1434 1348 1508 1392 καὶ
1532 1349 1726 1392 Λεύκιον

333 1407 575 1479 Παπίριον.
631 1404 911 1459 Ἀλέξανδρος
941 1405 985 1448 δὲ
1016 1421 1122 1460 μετα
1152 1410 1228 1460 τῆς
1249 1406 1475 1476 δυνάμεως
1493 1407 1727 1476 :czoq’aeva‘tezg

332 1463 403 1507 ἐπὶ
433 1464 511 1506 τόν
532 1460 850 1516 Ελλήςποντον
881 1464 1101 1517 διεβίβασε
1130 1461 1210 1515 τήν
1240 1462 1430 1518 δύναμιν
1459 1462 1506 1505 ἐκ
1534 1481 1610 1518 της
1639 1461 1727 1505 Εὐ-

336 1520 486 1576 ρώπης
527 1535 562 1562 ει
553 1520 587 1569 ’ς
624 1519 704 1574 τὴν
737 1518 897 1562 Ἀσιαν.
966 1519 1100 1570 αὐτὸς
1140 1520 1186 1562 δὲ
1228 1525 1418 1574 μακραῖς
1446 1521 1607 1563 ναυσὶν
1637 1520 1726 1575 ἑξή-

245 1581 301 1624 25
333 1594 471 1621 κοντα
513 1575 817 1626 καταπλεύσας
856 1577 966 1628 πρὸς
1006 1576 1085 1632 τήν
1130 1575 1319 1647 Τρῳάδα
1358 1575 1508 1647 χώραν
1550 1581 1725 1630 πρῶτος

327 1639 416 1677 τῶν
456 1632 734 1677 Μακεδόνων
774 1632 858 1676 ἀπὸ
895 1638 970 1688 τῆς
1007 1633 1117 1684 νεώς
1156 1631 1359 1704 ήκόντισε
1400 1650 1479 1686 μεν
1518 1636 1565 1677 τό
1598 1633 1724 1688 δόρυ,

326 1691 463 1747 πήξας
494 1690 539 1734 δ’
573 1693 634 1741 εἰς
663 1690 745 1746 τήν
773 1695 857 1746 γῆν
887 1691 958 1734 καὶ
990 1690 1121 1762 αὐτός
1152 1690 1236 1733 ἀπό
1276 1695 1351 1746 τῆς
1389 1707 1498 1742 νεως
1535 1690 1724 1746 ἀφαλλό-

327 1765 456 1804 μενος
496 1763 615 1802 παρα
652 1752 741 1790 τῶν
770 1752 890 1791 θεῶν
929 1746 1193 1803 ἀπεφαίνετο
1224 1747 1302 1803 τὴν
1336 1747 1480 1790 Ἀσίαν
1521 1748 1724 1803 δέχεσθαι

329 1809 602 1860 δορίκτητον.
662 1805 736 1848 καὶ
766 1822 868 1855 τους
897 1822 975 1859 μεν
1005 1804 1176 1856 τάφους
1204 1809 1291 1847 τῶν
1316 1802 1477 1860 ηρώων
1504 1804 1724 1860 Ἀχιλλέως

242 1870 298 1909 30
328 1880 373 1907 τε
402 1863 475 1906 καὶ
506 1864 697 1913 Αἴαντος
728 1862 802 1905 καὶ
844 1866 933 1904 τῶν
964 1860 1109 1905 ἄλλων
1140 1862 1398 1917 έναγίσμασι
1427 1862 1501 1905 καὶ
1529 1867 1622 1932 τοῖς
1653 1861 1724 1905 ἀλ·

327 1925 422 1971 λοις
451 1925 546 1970 τοῖς
583 1919 694 1974 πρὸς
730 1917 933 1970 εὐδοξίαν
970 1919 1212 1988 ἀνήκουσιν
1243 1920 1462 1975 ἐτίμγσεν,
1506 1919 1636 1970 αὐτὸς
1677 1919 1723 1962 δὲ

326 1977 407 2021 τόν
451 1975 694 2045 ἐξετασμὸν
741 1993 816 2031 της
867 1974 1203 2032 ἀκολουθούσης
1259 1976 1486 2030 δυνάμεως
1533 1975 1724 2030 ἀκριβῶς

325 2034 579 2090 εποιήσατο.
640 2031 888 2088 ευρέθήσαν
932 2034 977 2076 δὲ
1016 2034 1135 2085 πεζοὶ
1166 2033 1426 2084 Μακεδόνες
1463 2034 1541 2086 μὲν
1571 2032 1724 2088 μύριοι

327 2093 400 2136 καὶ
430 2092 642 2146 ὄιςχίλιοι,
675 2089 896 2161 σύμμαχοι
927 2090 973 2133 δὲ
1003 2089 1332 2145 έπτακιςχιἈλιοι
1371 2090 1644 2145 μισθοφόροι
1675 2092 1735 2141 ὁε,

328 2149 674 2218 πεντακιςχίλιοι,
705 2148 778 2189 καὶ
808 2146 978 2190 τούτων
1008 2147 1219 2190 ἁπάντων
1248 2150 1511 2203 Παρμενίων
1537 2163 1618 2203 ειχε
1641 2163 1722 2203 τήν

325 2205 577 2276 ἡγεμονίαν.
644 2202 857 2259 Ὀδρύσαι
911 2205 957 2248 δὲ
1004 2205 1078 2247 καὶ
1125 2206 1364 2259 Τριβαλλοὶ
1405 2204 1479 2247 καὶ
1519 2182 1723 2257 Ἰλλυριοὶ

324 2263 700 2336 συνηκολούθουν
748 2263 1107 2317 πεντακιςχίλιοι,
1168 2263 1362 2313 τοξοτῶν
1416 2262 1461 2304 δὲ
1510 2262 1585 2304 καὶ
1632 2266 1722 2304 τῶν

324 2319 568 2378 Ἀγριάνων
597 2319 886 2375 καλουμένων
916 2322 1069 2375 χίλιοι,
1114 2316 1217 2370 ὡςτε
1248 2319 1351 2371 τοὺς
1382 2318 1579 2370 ἅπαντας
1610 2316 1722 2362 εἶναι

1818 362 1820 383 λ

242 2155 267 2194 0³

274 2152 298 2194 ΕΠ.

418 2491 500 2526 172.
536 2491 570 2525 2.
612 2490 916 2535 καθεσταμένον]
941 2490 1221 2535 καθιστάμενον
1244 2491 1303 2524 FL
1468 2491 1527 2525 10.
1568 2487 1720 2535 ἡμέρας]

325 2534 480 2582 ἡμέραις
505 2539 532 2571 L
557 2543 650 2572 recte
673 2539 823 2572 fortasse
1008 2540 1064 2573 14.
1112 2536 1186 2574 ἀπὸ
1212 2549 1281 2570 01η-
1306 2537 1366 2571 ἙῚι
1532 2537 1588 2570 l?
1638 2535 1722 2571 τᾶλ-

325 2586 395 2630 λα]
423 2584 469 2620 τοὶ
494 2580 582 2619 ἄλλα
606 2586 636 2618 F
825 2582 1035 2630 ἀνήκοντα]
1062 2596 1201 2630 1ιςκοντα
1226 2585 1284 2617 FL
1461 2584 1518 2619 21.
1567 2587 1633 2626 τῆς
1656 2585 1722 2618 δυ-

324 2625 491 2675 νάμεως]
520 2630 712 2674 δυνάμεως
735 2632 818 2666 Bas.
1005 2633 1063 2666 ΣΗ.
1113 2628 1390 2673 καταπλεύσας]
1415 2629 1574 2670 πλεύσας
1599 2632 1628 2664 L

370 2679 429 2713 28.
470 2677 699 2724 δορύκτητον
723 2690 842 2712 omnes
1025 2679 1083 2712 31.
1133 2676 1336 2722 ἀνήκουσιν
1360 2678 1431 2719 Fb,
1455 2677 1585 2711 caeteri
1607 2675 1720 2723 ἥκου-

322 2736 381 2760 σιν
568 2725 625 2758 33.
676 2727 844 2768 διςχίλιοι
867 2726 926 2759 Fr,
929 2725 994 2769 QT
1017 2727 1082 2759 cus
1069 2737 1171 2768 pus,
1208 2725 1335 2759 caeteri
1360 2726 1548 2767 τριςχίλιοι

318 2772 379 2808 37.
427 2772 734 2815 πεντακιςχίλιοι]
761 2771 1021 2818 ἑπτακιςχίλιοι
1043 2772 1137 2816 FLQ
1301 2783 1376 2806 των
1399 2768 1613 2817 Ἀγριάνων]
1646 2772 1720 2805 Τα-

322 2817 483 2864 γριάνων
510 2819 559 2862 L,
583 2816 776 2864 ἀγριάνων
801 2820 883 2853 Bas.
