<?xml version="1.0" encoding="UTF-8"?>
<!DOCTYPE html PUBLIC "-//W3C//DTD XHTML 1.0 Transitional//EN"
    "http://www.w3.org/TR/xhtml1/DTD/xhtml1-transitional.dtd">
<html xmlns="http://www.w3.org/1999/xhtml" xml:lang="en" lang="en">
 <head>
  <title>
</title>
<meta http-equiv="Content-Type" content="text/html;charset=utf-8" />
  <meta name='ocr-system' content='tesseract 3.04.00' />
  <meta name='ocr-capabilities' content='ocr_page ocr_carea ocr_par ocr_line ocrx_word'/>
</head>
<body>
  <div class='ocr_page' id='page_1' title='image "./p1bibliothecahisto02dioduoft_0190.png"; bbox 0 0 1820 3249; ppageno 0'>
   <div class='ocr_carea' id='block_1_1' title="bbox 264 131 1269 181">
    <p class='ocr_par' dir='ltr' id='par_1_1' title="bbox 264 131 1269 181">
     <span class='ocr_line' id='line_1_1' title="bbox 264 131 1269 181; baseline 0.001 -7"><span class='ocrx_word' id='word_1_1' title='bbox 264 136 375 175; x_wconf 67' lang='lat'>1114</span> <span class='ocrx_word' id='word_1_2' title='bbox 634 131 748 181; x_wconf 65' lang='grc' dir='ltr'><strong><em>ΜΒ.</em></strong></span> <span class='ocrx_word' id='word_1_3' title='bbox 779 131 911 179; x_wconf 74' lang='grc' dir='ltr'><strong><em>ΧἯ.,</em></strong></span> <span class='ocrx_word' id='word_1_4' title='bbox 937 132 1069 174; x_wconf 84' lang='lat' dir='ltr'><strong>GAP.</strong></span> <span class='ocrx_word' id='word_1_5' title='bbox 1102 137 1169 178; x_wconf 71' lang='lat'><strong><em>79.</em></strong></span> <span class='ocrx_word' id='word_1_6' title='bbox 1197 139 1269 177; x_wconf 75' lang='lat'><strong>81).</strong></span> 
     </span>
    </p>
   </div>
   <div class='ocr_carea' id='block_1_2' title="bbox 178 242 1731 2357">
    <p class='ocr_par' dir='ltr' id='par_1_2' title="bbox 178 242 1731 2357">
     <span class='ocr_line' id='line_1_2' title="bbox 265 242 1639 315; baseline 0.001 -28"><span class='ocrx_word' id='word_1_7' title='bbox 265 242 352 287; x_wconf 78' lang='grc' dir='ltr'><strong><em>διὰ</em></strong></span> <span class='ocrx_word' id='word_1_8' title='bbox 367 242 454 299; x_wconf 75' lang='grc' dir='ltr'><strong><em>τὴν</em></strong></span> <span class='ocrx_word' id='word_1_9' title='bbox 475 246 564 291; x_wconf 76' lang='grc' dir='ltr'><strong><em>τῶν</em></strong></span> <span class='ocrx_word' id='word_1_10' title='bbox 595 246 714 288; x_wconf 76' lang='grc' dir='ltr'><strong><em>θεῶν</em></strong></span> <span class='ocrx_word' id='word_1_11' title='bbox 744 246 992 299; x_wconf 78' lang='grc' dir='ltr'><strong><em>συνεργίαν.</em></strong></span> <span class='ocrx_word' id='word_1_12' title='bbox 1053 245 1077 289; x_wconf 86' lang='lat'><strong><em>6</em></strong></span> <span class='ocrx_word' id='word_1_13' title='bbox 1105 245 1185 314; x_wconf 78' lang='grc' dir='ltr'><strong><em>μὲν</em></strong></span> <span class='ocrx_word' id='word_1_14' title='bbox 1213 244 1296 301; x_wconf 81' lang='grc' dir='ltr'><strong><em>γὰρ</em></strong></span> <span class='ocrx_word' id='word_1_15' title='bbox 1327 243 1550 315; x_wconf 79' lang='grc' dir='ltr'><em>Τιμολέων</em></span> <span class='ocrx_word' id='word_1_16' title='bbox 1575 245 1639 288; x_wconf 76' lang='grc' dir='ltr'><strong><em>ἐκ·</em></strong></span> 
     </span>
     <span class='ocr_line' id='line_1_3' title="bbox 264 300 1653 370; baseline 0.001 -27"><span class='ocrx_word' id='word_1_17' title='bbox 264 300 393 352; x_wconf 82' lang='grc' dir='ltr'><strong><em>ταξας</em></strong></span> <span class='ocrx_word' id='word_1_18' title='bbox 422 317 501 356; x_wconf 88' lang='grc' dir='ltr'><strong><em>την</em></strong></span> <span class='ocrx_word' id='word_1_19' title='bbox 531 300 719 356; x_wconf 82' lang='grc' dir='ltr'><strong><em>δύναμιν</em></strong></span> <span class='ocrx_word' id='word_1_20' title='bbox 747 301 998 355; x_wconf 71' lang='grc' dir='ltr'><strong><em>κατέβαινεν</em></strong></span> <span class='ocrx_word' id='word_1_21' title='bbox 1027 300 1113 346; x_wconf 77' lang='grc' dir='ltr'><strong><em>ἀπό</em></strong></span> <span class='ocrx_word' id='word_1_22' title='bbox 1140 319 1273 346; x_wconf 89' lang='grc' dir='ltr'><strong><em>τινων</em></strong></span> <span class='ocrx_word' id='word_1_23' title='bbox 1300 303 1453 370; x_wconf 84' lang='grc' dir='ltr'><strong><em>λόφων</em></strong></span> <span class='ocrx_word' id='word_1_24' title='bbox 1476 301 1542 344; x_wconf 75' lang='grc' dir='ltr'><strong><em>ἐπὶ</em></strong></span> <span class='ocrx_word' id='word_1_25' title='bbox 1559 300 1653 344; x_wconf 78' lang='grc' dir='ltr'><strong><em>τόν</em></strong></span> 
     </span>
     <span class='ocr_line' id='line_1_4' title="bbox 266 357 1657 430; baseline 0 -30"><span class='ocrx_word' id='word_1_26' title='bbox 266 357 479 412; x_wconf 87' lang='grc' dir='ltr'><strong><em>ποταμόν,</em></strong></span> <span class='ocrx_word' id='word_1_27' title='bbox 509 359 581 401; x_wconf 79' lang='grc' dir='ltr'><strong><em>καὶ</em></strong></span> <span class='ocrx_word' id='word_1_28' title='bbox 611 360 780 415; x_wconf 79' lang='grc' dir='ltr'><strong><em>μυρίων</em></strong></span> <span class='ocrx_word' id='word_1_29' title='bbox 801 357 889 427; x_wconf 87' lang='grc' dir='ltr'><strong><em>ηδη</em></strong></span> <span class='ocrx_word' id='word_1_30' title='bbox 921 358 1254 430; x_wconf 79' lang='grc' dir='ltr'><strong><em>διαβεβηκότων,</em></strong></span> <span class='ocrx_word' id='word_1_31' title='bbox 1287 360 1328 410; x_wconf 81' lang='grc' dir='ltr'><strong><em>ἐξ</em></strong></span> <span class='ocrx_word' id='word_1_32' title='bbox 1360 357 1524 426; x_wconf 77' lang='grc' dir='ltr'><strong><em>ἐφόδου</em></strong></span> <span class='ocrx_word' id='word_1_33' title='bbox 1546 357 1657 400; x_wconf 85' lang='grc' dir='ltr'><strong><em>τού-</em></strong></span> 
     </span>
     <span class='ocr_line' id='line_1_5' title="bbox 182 414 1640 484; baseline 0.001 -28"><span class='ocrx_word' id='word_1_34' title='bbox 182 418 237 458; x_wconf 80' lang='lat'><strong><em>30</em></strong></span> <span class='ocrx_word' id='word_1_35' title='bbox 267 431 355 465; x_wconf 88' lang='grc' dir='ltr'><strong><em>τοις</em></strong></span> <span class='ocrx_word' id='word_1_36' title='bbox 384 414 603 470; x_wconf 76' lang='grc' dir='ltr'><strong><em>έπέῤῥαξε,</em></strong></span> <span class='ocrx_word' id='word_1_37' title='bbox 633 414 888 469; x_wconf 86' lang='grc' dir='ltr'><strong><em>τεταγμένος</em></strong></span> <span class='ocrx_word' id='word_1_38' title='bbox 918 415 1050 466; x_wconf 84' lang='grc' dir='ltr'><strong><em>αὐτὸς</em></strong></span> <span class='ocrx_word' id='word_1_39' title='bbox 1079 416 1147 458; x_wconf 80' lang='grc' dir='ltr'><strong><em>ἐπὶ</em></strong></span> <span class='ocrx_word' id='word_1_40' title='bbox 1164 416 1293 472; x_wconf 81' lang='grc' dir='ltr'><strong><em>μέσης</em></strong></span> <span class='ocrx_word' id='word_1_41' title='bbox 1312 421 1398 472; x_wconf 82' lang='grc' dir='ltr'><strong><em>τῆς·</em></strong></span> <span class='ocrx_word' id='word_1_42' title='bbox 1403 415 1640 484; x_wconf 85' lang='grc' dir='ltr'><strong><em>φαλαγγος.</em></strong></span> 
     </span>
     <span class='ocr_line' id='line_1_6' title="bbox 265 471 1642 546; baseline 0 -32"><span class='ocrx_word' id='word_1_43' title='bbox 265 472 500 542; x_wconf 74' lang='grc' dir='ltr'><strong><em>γενομένης</em></strong></span> <span class='ocrx_word' id='word_1_44' title='bbox 533 472 577 514; x_wconf 79' lang='grc' dir='ltr'><strong><em>δὲ</em></strong></span> <span class='ocrx_word' id='word_1_45' title='bbox 607 471 742 541; x_wconf 78' lang='grc' dir='ltr'><strong><em>μάχης</em></strong></span> <span class='ocrx_word' id='word_1_46' title='bbox 773 477 998 542; x_wconf 80' lang='grc' dir='ltr'><strong><em>καρτερᾶς,</em></strong></span> <span class='ocrx_word' id='word_1_47' title='bbox 1029 473 1102 515; x_wconf 78' lang='grc' dir='ltr'><strong><em>καὶ</em></strong></span> <span class='ocrx_word' id='word_1_48' title='bbox 1133 478 1220 515; x_wconf 82' lang='grc' dir='ltr'><strong><em>τῶν</em></strong></span> <span class='ocrx_word' id='word_1_49' title='bbox 1244 473 1467 546; x_wconf 54' lang='grc' dir='ltr'><strong><em>ἶιΕλλήνων,</em></strong></span> <span class='ocrx_word' id='word_1_50' title='bbox 1490 471 1642 524; x_wconf 79' lang='grc' dir='ltr'><strong><em>ὑπερε</em></strong></span> 
     </span>
     <span class='ocr_line' id='line_1_7' title="bbox 265 527 1642 585; baseline 0 -15"><span class='ocrx_word' id='word_1_51' title='bbox 265 527 432 584; x_wconf 84' lang='grc' dir='ltr'><strong><em>χόντων</em></strong></span> <span class='ocrx_word' id='word_1_52' title='bbox 461 534 554 578; x_wconf 84' lang='grc' dir='ltr'><strong><em>ταῖς</em></strong></span> <span class='ocrx_word' id='word_1_53' title='bbox 584 544 626 570; x_wconf 91' lang='grc' dir='ltr'><strong><em>τε</em></strong></span> <span class='ocrx_word' id='word_1_54' title='bbox 657 529 829 582; x_wconf 75' lang='grc' dir='ltr'><strong><em>α’ρεταῖς</em></strong></span> <span class='ocrx_word' id='word_1_55' title='bbox 861 530 931 571; x_wconf 88' lang='grc' dir='ltr'><strong><em>καὶ</em></strong></span> <span class='ocrx_word' id='word_1_56' title='bbox 967 535 1059 581; x_wconf 84' lang='grc' dir='ltr'><strong><em>ταῖς</em></strong></span> <span class='ocrx_word' id='word_1_57' title='bbox 1099 528 1348 585; x_wconf 78' lang='grc' dir='ltr'><strong><em>εὐχειρίαις,</em></strong></span> <span class='ocrx_word' id='word_1_58' title='bbox 1391 529 1539 578; x_wconf 78' lang='grc' dir='ltr'><strong><em>πολὺς</em></strong></span> <span class='ocrx_word' id='word_1_59' title='bbox 1559 529 1642 582; x_wconf 79' lang='grc' dir='ltr'><strong><em>ἐγί-</em></strong></span> 
     </span>
     <span class='ocr_line' id='line_1_8' title="bbox 264 584 1643 654; baseline 0 -27"><span class='ocrx_word' id='word_1_60' title='bbox 264 601 364 628; x_wconf 87' lang='grc' dir='ltr'><strong><em>νετο</em></strong></span> <span class='ocrx_word' id='word_1_61' title='bbox 399 584 538 641; x_wconf 89' lang='grc' dir='ltr'><strong><em>φόνος</em></strong></span> <span class='ocrx_word' id='word_1_62' title='bbox 569 602 657 627; x_wconf 88' lang='grc' dir='ltr'><strong><em>των</em></strong></span> <span class='ocrx_word' id='word_1_63' title='bbox 687 584 936 640; x_wconf 84' lang='grc' dir='ltr'><strong><em>βαρβαρων.</em></strong></span> <span class='ocrx_word' id='word_1_64' title='bbox 977 585 1059 654; x_wconf 80' lang='grc' dir='ltr'><strong><em>ἤδη</em></strong></span> <span class='ocrx_word' id='word_1_65' title='bbox 1091 586 1136 629; x_wconf 78' lang='grc' dir='ltr'><strong><em>δὲ</em></strong></span> <span class='ocrx_word' id='word_1_66' title='bbox 1167 587 1421 642; x_wconf 80' lang='grc' dir='ltr'><strong><em>φευγόντων</em></strong></span> <span class='ocrx_word' id='word_1_67' title='bbox 1443 590 1531 629; x_wconf 74' lang='grc' dir='ltr'><strong><em>τῶν</em></strong></span> <span class='ocrx_word' id='word_1_68' title='bbox 1553 587 1643 627; x_wconf 87' lang='grc' dir='ltr'><strong><em>δια-</em></strong></span> 
     </span>
     <span class='ocr_line' id='line_1_9' title="bbox 265 640 1674 712; baseline 0 -28"><span class='ocrx_word' id='word_1_69' title='bbox 265 644 538 698; x_wconf 87' lang='grc' dir='ltr'><strong><em>βεβηκότων,</em></strong></span> <span class='ocrx_word' id='word_1_70' title='bbox 569 640 596 697; x_wconf 78' lang='grc' dir='ltr'><strong><em>ἡ</em></strong></span> <span class='ocrx_word' id='word_1_71' title='bbox 627 646 745 684; x_wconf 81' lang='grc' dir='ltr'><strong><em>πᾶσα</em></strong></span> <span class='ocrx_word' id='word_1_72' title='bbox 775 641 960 697; x_wconf 88' lang='grc' dir='ltr'><strong><em>δύναμις</em></strong></span> <span class='ocrx_word' id='word_1_73' title='bbox 993 648 1081 686; x_wconf 81' lang='grc' dir='ltr'><strong><em>τῶν</em></strong></span> <span class='ocrx_word' id='word_1_74' title='bbox 1111 646 1425 712; x_wconf 74' lang='grc' dir='ltr'><strong><em>Καρχηδονίων</em></strong></span> <span class='ocrx_word' id='word_1_75' title='bbox 1460 658 1643 700; x_wconf 87' lang='grc' dir='ltr'><strong><em>περαιω-</em></strong></span> <span class='ocrx_word' id='word_1_76' title='bbox 1672 654 1674 656; x_wconf 73' lang='grc'><strong><em>’</em></strong></span> 
     </span>
     <span class='ocr_line' id='line_1_10' title="bbox 179 696 1643 755; baseline 0 -15"><span class='ocrx_word' id='word_1_77' title='bbox 179 696 234 738; x_wconf 85' lang='grc'><strong><em>35</em></strong></span> <span class='ocrx_word' id='word_1_78' title='bbox 265 704 392 742; x_wconf 79' lang='grc' dir='ltr'><strong><em>θεῖσα</em></strong></span> <span class='ocrx_word' id='word_1_79' title='bbox 440 699 490 741; x_wconf 85' lang='grc' dir='ltr'><strong><em>τὸ</em></strong></span> <span class='ocrx_word' id='word_1_80' title='bbox 541 699 721 752; x_wconf 76' lang='grc' dir='ltr'><strong><em>ῥεῖθρον</em></strong></span> <span class='ocrx_word' id='word_1_81' title='bbox 760 699 1046 753; x_wconf 78' lang='grc' dir='ltr'><strong><em>διωρθώσατο</em></strong></span> <span class='ocrx_word' id='word_1_82' title='bbox 1087 699 1165 755; x_wconf 77' lang='grc' dir='ltr'><strong><em>τὴν</em></strong></span> <span class='ocrx_word' id='word_1_83' title='bbox 1201 718 1288 743; x_wconf 89' lang='grc' dir='ltr'><strong><em>των</em></strong></span> <span class='ocrx_word' id='word_1_84' title='bbox 1326 702 1451 743; x_wconf 84' lang='grc' dir='ltr'><strong><em>ἰδίων</em></strong></span> <span class='ocrx_word' id='word_1_85' title='bbox 1497 701 1643 755; x_wconf 81' lang='grc' dir='ltr'><strong><em>ἡτταν.</em></strong></span> 
     </span>
     <span class='ocr_line' id='line_1_11' title="bbox 178 754 1646 824; baseline -0.001 -26"><span class='ocrx_word' id='word_1_86' title='bbox 178 755 234 793; x_wconf 81' lang='grc'><strong><em>80</em></strong></span> <span class='ocrx_word' id='word_1_87' title='bbox 264 757 652 810; x_wconf 79' lang='grc' dir='ltr'><strong><em>καινοποιηθείσης</em></strong></span> <span class='ocrx_word' id='word_1_88' title='bbox 692 756 737 798; x_wconf 84' lang='grc' dir='ltr'><strong><em>δὲ</em></strong></span> <span class='ocrx_word' id='word_1_89' title='bbox 775 760 872 824; x_wconf 83' lang='grc' dir='ltr'><strong><em>τῆς</em></strong></span> <span class='ocrx_word' id='word_1_90' title='bbox 889 754 1046 811; x_wconf 75' lang='grc' dir='ltr'><strong><em>μάχης,</em></strong></span> <span class='ocrx_word' id='word_1_91' title='bbox 1099 757 1173 800; x_wconf 80' lang='grc' dir='ltr'><strong><em>καὶ</em></strong></span> <span class='ocrx_word' id='word_1_92' title='bbox 1212 774 1300 800; x_wconf 91' lang='grc' dir='ltr'><strong><em>των</em></strong></span> <span class='ocrx_word' id='word_1_93' title='bbox 1324 758 1557 800; x_wconf 87' lang='grc' dir='ltr'><strong><em>Φοινίκων</em></strong></span> <span class='ocrx_word' id='word_1_94' title='bbox 1584 759 1646 814; x_wconf 73' lang='grc' dir='ltr'><strong><em>τῷ</em></strong></span> 
     </span>
     <span class='ocr_line' id='line_1_12' title="bbox 264 812 1645 881; baseline 0 -26"><span class='ocrx_word' id='word_1_95' title='bbox 264 812 423 868; x_wconf 74' lang='grc' dir='ltr'><strong><em>πλήθει</em></strong></span> <span class='ocrx_word' id='word_1_96' title='bbox 452 813 770 881; x_wconf 78' lang='grc' dir='ltr'><strong><em>περιχεομένων</em></strong></span> <span class='ocrx_word' id='word_1_97' title='bbox 797 812 901 863; x_wconf 81' lang='grc' dir='ltr'><strong><em>τούς</em></strong></span> <span class='ocrx_word' id='word_1_98' title='bbox 920 812 1143 868; x_wconf 79' lang='grc' dir='ltr'><strong><em>Ελληνας,</em></strong></span> <span class='ocrx_word' id='word_1_99' title='bbox 1174 814 1300 869; x_wconf 80' lang='grc' dir='ltr'><strong><em>ἄφνω</em></strong></span> <span class='ocrx_word' id='word_1_100' title='bbox 1329 813 1468 863; x_wconf 85' lang='grc' dir='ltr'><strong><em>πολυς</em></strong></span> <span class='ocrx_word' id='word_1_101' title='bbox 1498 813 1543 856; x_wconf 80' lang='grc' dir='ltr'><strong><em>ἐκ</em></strong></span> <span class='ocrx_word' id='word_1_102' title='bbox 1565 815 1645 855; x_wconf 85' lang='grc' dir='ltr'><strong><em>τοῦ</em></strong></span> 
     </span>
     <span class='ocr_line' id='line_1_13' title="bbox 265 868 1646 926; baseline 0 -15"><span class='ocrx_word' id='word_1_103' title='bbox 265 870 541 924; x_wconf 79' lang='grc' dir='ltr'><strong><em>περιέχοντος</em></strong></span> <span class='ocrx_word' id='word_1_104' title='bbox 581 868 747 924; x_wconf 83' lang='grc' dir='ltr'><strong><em>ὄμβρος</em></strong></span> <span class='ocrx_word' id='word_1_105' title='bbox 786 869 1027 926; x_wconf 77' lang='grc' dir='ltr'><strong><em>κατερῥαγη</em></strong></span> <span class='ocrx_word' id='word_1_106' title='bbox 1067 872 1138 912; x_wconf 83' lang='grc' dir='ltr'><strong><em>καὶ</em></strong></span> <span class='ocrx_word' id='word_1_107' title='bbox 1167 871 1353 926; x_wconf 77' lang='grc' dir='ltr'><strong><em>χαλάζης</em></strong></span> <span class='ocrx_word' id='word_1_108' title='bbox 1382 869 1646 925; x_wconf 79' lang='grc' dir='ltr'><strong><em>εὐμεγέθους</em></strong></span> 
     </span>
     <span class='ocr_line' id='line_1_14' title="bbox 180 924 1647 995; baseline 0.001 -28"><span class='ocrx_word' id='word_1_109' title='bbox 180 924 235 968; x_wconf 80' lang='lat'><strong><em>40</em></strong></span> <span class='ocrx_word' id='word_1_110' title='bbox 265 930 450 980; x_wconf 75' lang='grc' dir='ltr'><strong><em>πλῆθος,</em></strong></span> <span class='ocrx_word' id='word_1_111' title='bbox 473 942 474 945; x_wconf 70' lang='grc'>’</span> <span class='ocrx_word' id='word_1_112' title='bbox 499 925 718 995; x_wconf 81' lang='grc' dir='ltr'><strong><em>αστραπαί</em></strong></span> <span class='ocrx_word' id='word_1_113' title='bbox 755 943 798 969; x_wconf 88' lang='grc' dir='ltr'><strong><em>τε</em></strong></span> <span class='ocrx_word' id='word_1_114' title='bbox 836 928 907 970; x_wconf 84' lang='grc' dir='ltr'><strong><em>καὶ</em></strong></span> <span class='ocrx_word' id='word_1_115' title='bbox 948 928 1130 981; x_wconf 87' lang='grc' dir='ltr'><strong><em>βρονταὶ</em></strong></span> <span class='ocrx_word' id='word_1_116' title='bbox 1160 928 1265 982; x_wconf 82' lang='grc' dir='ltr'><strong><em>μετὰ</em></strong></span> <span class='ocrx_word' id='word_1_117' title='bbox 1293 927 1489 982; x_wconf 78' lang='grc' dir='ltr'><strong><em>μεγάλων</em></strong></span> <span class='ocrx_word' id='word_1_118' title='bbox 1518 942 1647 969; x_wconf 85' lang='grc' dir='ltr'><strong><em>πνευ-</em></strong></span> 
     </span>
     <span class='ocr_line' id='line_1_15' title="bbox 265 984 1646 1038; baseline 0.001 -14"><span class='ocrx_word' id='word_1_119' title='bbox 265 999 416 1037; x_wconf 86' lang='grc' dir='ltr'><strong><em>ματων</em></strong></span> <span class='ocrx_word' id='word_1_120' title='bbox 446 984 765 1038; x_wconf 79' lang='grc' dir='ltr'><strong><em>κατέσκηπτον·</em></strong></span> <span class='ocrx_word' id='word_1_121' title='bbox 798 985 870 1026; x_wconf 82' lang='grc' dir='ltr'><strong><em>καὶ</em></strong></span> <span class='ocrx_word' id='word_1_122' title='bbox 898 984 1070 1026; x_wconf 82' lang='grc' dir='ltr'><strong><em>τούτων</em></strong></span> <span class='ocrx_word' id='word_1_123' title='bbox 1090 985 1297 1028; x_wconf 81' lang='grc' dir='ltr'><strong><em>ἁπάντων</em></strong></span> <span class='ocrx_word' id='word_1_124' title='bbox 1312 988 1646 1038; x_wconf 80' lang='grc' dir='ltr'><strong><em>θυελλοφορου-</em></strong></span> 
     </span>
     <span class='ocr_line' id='line_1_16' title="bbox 267 1039 1646 1110; baseline 0.001 -28"><span class='ocrx_word' id='word_1_125' title='bbox 267 1039 412 1108; x_wconf 80' lang='grc' dir='ltr'><strong><em>μένων</em></strong></span> <span class='ocrx_word' id='word_1_126' title='bbox 442 1045 532 1090; x_wconf 84' lang='grc' dir='ltr'><strong><em>τοῖς</em></strong></span> <span class='ocrx_word' id='word_1_127' title='bbox 563 1040 641 1095; x_wconf 76' lang='grc' dir='ltr'><strong><em>μὲν</em></strong></span> <span class='ocrx_word' id='word_1_128' title='bbox 659 1039 835 1096; x_wconf 88' lang='grc' dir='ltr'><strong><em>Ἕλλησι</em></strong></span> <span class='ocrx_word' id='word_1_129' title='bbox 865 1041 974 1084; x_wconf 78' lang='grc' dir='ltr'><strong><em>κατὰ</em></strong></span> <span class='ocrx_word' id='word_1_130' title='bbox 1003 1041 1169 1091; x_wconf 78' lang='grc' dir='ltr'><strong><em>νώτου,</em></strong></span> <span class='ocrx_word' id='word_1_131' title='bbox 1205 1048 1295 1092; x_wconf 83' lang='grc' dir='ltr'><strong><em>τοῖς</em></strong></span> <span class='ocrx_word' id='word_1_132' title='bbox 1327 1042 1390 1084; x_wconf 80' lang='grc' dir='ltr'><strong><em>δὲ.</em></strong></span> <span class='ocrx_word' id='word_1_133' title='bbox 1402 1041 1646 1110; x_wconf 77' lang='grc' dir='ltr'><strong><em>βαρβάροις</em></strong></span> 
     </span>
     <span class='ocr_line' id='line_1_17' title="bbox 266 1096 1647 1166; baseline 0 -26"><span class='ocrx_word' id='word_1_134' title='bbox 266 1113 377 1140; x_wconf 85' lang='grc' dir='ltr'><strong><em>κατα</em></strong></span> <span class='ocrx_word' id='word_1_135' title='bbox 416 1098 670 1166; x_wconf 52' lang='grc' dir='ltr'><strong><em>πρόςωπον,</em></strong></span> <span class='ocrx_word' id='word_1_136' title='bbox 718 1099 760 1139; x_wconf 82' lang='grc' dir='ltr'><strong><em>οἱ</em></strong></span> <span class='ocrx_word' id='word_1_137' title='bbox 797 1115 875 1152; x_wconf 89' lang='grc' dir='ltr'><strong><em>μεν</em></strong></span> <span class='ocrx_word' id='word_1_138' title='bbox 911 1099 1010 1152; x_wconf 88' lang='grc' dir='ltr'><strong><em>περὶ</em></strong></span> <span class='ocrx_word' id='word_1_139' title='bbox 1044 1098 1121 1141; x_wconf 81' lang='grc' dir='ltr'><strong><em>τόν</em></strong></span> <span class='ocrx_word' id='word_1_140' title='bbox 1163 1098 1427 1154; x_wconf 83' lang='grc' dir='ltr'><strong><em>Τιμολέοντα</em></strong></span> <span class='ocrx_word' id='word_1_141' title='bbox 1446 1099 1505 1141; x_wconf 87' lang='grc' dir='ltr'><strong><em>τὸ</em></strong></span> <span class='ocrx_word' id='word_1_142' title='bbox 1534 1096 1647 1152; x_wconf 63' lang='grc' dir='ltr'><strong><em>σύμ-τ</em></strong></span> 
     </span>
     <span class='ocr_line' id='line_1_18' title="bbox 268 1154 1648 1211; baseline 0 -15"><span class='ocrx_word' id='word_1_143' title='bbox 268 1171 421 1209; x_wconf 89' lang='grc' dir='ltr'><strong><em>πτωμα</em></strong></span> <span class='ocrx_word' id='word_1_144' title='bbox 452 1155 612 1211; x_wconf 85' lang='grc' dir='ltr'><strong><em>ῥαδίως</em></strong></span> <span class='ocrx_word' id='word_1_145' title='bbox 642 1154 872 1207; x_wconf 80' lang='grc' dir='ltr'><strong><em>ὑπέμενον</em></strong></span> <span class='ocrx_word' id='word_1_146' title='bbox 906 1158 949 1198; x_wconf 84' lang='grc' dir='ltr'><strong><em>οἱ</em></strong></span> <span class='ocrx_word' id='word_1_147' title='bbox 979 1156 1023 1198; x_wconf 82' lang='grc' dir='ltr'><strong><em>δὲ</em></strong></span> <span class='ocrx_word' id='word_1_148' title='bbox 1056 1157 1273 1226; x_wconf 36' lang='grc' dir='ltr'><strong><em>Φοίτέιαες</em></strong></span> <span class='ocrx_word' id='word_1_149' title='bbox 1285 1155 1334 1198; x_wconf 77' lang='grc' dir='ltr'><strong><em>τό</em></strong></span> <span class='ocrx_word' id='word_1_150' title='bbox 1366 1155 1550 1211; x_wconf 82' lang='grc' dir='ltr'><strong><em>μέγεθος</em></strong></span> <span class='ocrx_word' id='word_1_151' title='bbox 1570 1158 1648 1209; x_wconf 83' lang='grc' dir='ltr'><strong><em>τῆς</em></strong></span> 
     </span>
     <span class='ocr_line' id='line_1_19' title="bbox 184 1208 1648 1267; baseline -0.001 -14"><span class='ocrx_word' id='word_1_152' title='bbox 184 1208 238 1252; x_wconf 85' lang='grc'><strong><em>45</em></strong></span> <span class='ocrx_word' id='word_1_153' title='bbox 269 1210 555 1263; x_wconf 80' lang='grc' dir='ltr'><strong><em>περιστάσεως</em></strong></span> <span class='ocrx_word' id='word_1_154' title='bbox 586 1212 736 1266; x_wconf 86' lang='grc' dir='ltr'><strong><em>φέρειν</em></strong></span> <span class='ocrx_word' id='word_1_155' title='bbox 766 1210 878 1255; x_wconf 82' lang='grc' dir='ltr'><strong><em>αδυν</em></strong></span> <span class='ocrx_word' id='word_1_156' title='bbox 872 1216 1107 1264; x_wconf 69' lang='grc' dir='ltr'><strong><em>ἀτοῦντες,</em></strong></span> <span class='ocrx_word' id='word_1_157' title='bbox 1147 1213 1236 1267; x_wconf 77' lang='grc' dir='ltr'><strong><em>ἅμα</em></strong></span> <span class='ocrx_word' id='word_1_158' title='bbox 1267 1212 1312 1255; x_wconf 78' lang='grc' dir='ltr'><strong><em>δὲ</em></strong></span> <span class='ocrx_word' id='word_1_159' title='bbox 1342 1212 1416 1256; x_wconf 81' lang='grc' dir='ltr'><strong><em>καὶ</em></strong></span> <span class='ocrx_word' id='word_1_160' title='bbox 1445 1228 1533 1254; x_wconf 89' lang='grc' dir='ltr'><strong><em>των</em></strong></span> <span class='ocrx_word' id='word_1_161' title='bbox 1559 1210 1648 1253; x_wconf 89' lang='grc' dir='ltr'><strong><em>Ἑλ-</em></strong></span> 
     </span>
     <span class='ocr_line' id='line_1_20' title="bbox 267 1264 1670 1340; baseline 0 -30"><span class='ocrx_word' id='word_1_162' title='bbox 267 1268 412 1324; x_wconf 79' lang='grc' dir='ltr'><strong><em>λήνων</em></strong></span> <span class='ocrx_word' id='word_1_163' title='bbox 451 1269 754 1323; x_wconf 79' lang='grc' dir='ltr'><strong><em>έπικειμενων,</em></strong></span> <span class='ocrx_word' id='word_1_164' title='bbox 798 1269 908 1322; x_wconf 84' lang='grc' dir='ltr'><strong><em>πρὸς</em></strong></span> <span class='ocrx_word' id='word_1_165' title='bbox 939 1287 1085 1340; x_wconf 83' lang='grc' dir='ltr'><strong><em>φυγην</em></strong></span> <span class='ocrx_word' id='word_1_166' title='bbox 1116 1269 1333 1325; x_wconf 75' lang='grc' dir='ltr'><strong><em>ὥρμησαν</em></strong></span> <span class='ocrx_word' id='word_1_167' title='bbox 1392 1268 1570 1312; x_wconf 78' lang='grc' dir='ltr'><strong><em>πάντων</em></strong></span> <span class='ocrx_word' id='word_1_168' title='bbox 1601 1264 1644 1310; x_wconf 85' lang='grc' dir='ltr'><strong><em>δ’</em></strong></span> <span class='ocrx_word' id='word_1_169' title='bbox 1668 1298 1670 1303; x_wconf 60' lang='grc'><em>»</em></span> 
     </span>
     <span class='ocr_line' id='line_1_21' title="bbox 268 1325 1652 1396; baseline 0 -28"><span class='ocrx_word' id='word_1_170' title='bbox 268 1325 336 1368; x_wconf 80' lang='grc' dir='ltr'><strong><em>ἐπὶ</em></strong></span> <span class='ocrx_word' id='word_1_171' title='bbox 366 1325 445 1368; x_wconf 81' lang='grc' dir='ltr'><strong><em>τόν</em></strong></span> <span class='ocrx_word' id='word_1_172' title='bbox 475 1325 673 1380; x_wconf 90' lang='grc' dir='ltr'><strong><em>ποταμὸν</em></strong></span> <span class='ocrx_word' id='word_1_173' title='bbox 702 1326 994 1381; x_wconf 81' lang='grc' dir='ltr'><strong><em>τρεπομένων,</em></strong></span> <span class='ocrx_word' id='word_1_174' title='bbox 1025 1326 1183 1396; x_wconf 83' lang='grc' dir='ltr'><strong><em>αναμὶξ</em></strong></span> <span class='ocrx_word' id='word_1_175' title='bbox 1208 1326 1375 1370; x_wconf 79' lang='grc' dir='ltr'><strong><em>ἱππέων</em></strong></span> <span class='ocrx_word' id='word_1_176' title='bbox 1404 1342 1448 1369; x_wconf 92' lang='grc' dir='ltr'><strong><em>τε</em></strong></span> <span class='ocrx_word' id='word_1_177' title='bbox 1477 1325 1552 1369; x_wconf 84' lang='grc' dir='ltr'><strong><em>καὶ</em></strong></span> <span class='ocrx_word' id='word_1_178' title='bbox 1580 1340 1652 1368; x_wconf 70' lang='grc' dir='ltr'><strong><em>πει</em></strong></span> 
     </span>
     <span class='ocr_line' id='line_1_22' title="bbox 271 1381 1674 1455; baseline 0 -31"><span class='ocrx_word' id='word_1_179' title='bbox 271 1387 369 1436; x_wconf 83' lang='grc' dir='ltr'><strong><em>ζων,</em></strong></span> <span class='ocrx_word' id='word_1_180' title='bbox 401 1384 474 1426; x_wconf 83' lang='grc' dir='ltr'><strong><em>καὶ</em></strong></span> <span class='ocrx_word' id='word_1_181' title='bbox 503 1399 591 1425; x_wconf 88' lang='grc' dir='ltr'><strong><em>των</em></strong></span> <span class='ocrx_word' id='word_1_182' title='bbox 622 1381 828 1437; x_wconf 82' lang='grc' dir='ltr'><strong><em>ἁρμάτων</em></strong></span> <span class='ocrx_word' id='word_1_183' title='bbox 859 1383 948 1438; x_wconf 82' lang='grc' dir='ltr'><strong><em>ἅμα</em></strong></span> <span class='ocrx_word' id='word_1_184' title='bbox 976 1381 1147 1455; x_wconf 80' lang='grc' dir='ltr'><strong><em>τούτοις</em></strong></span> <span class='ocrx_word' id='word_1_185' title='bbox 1175 1383 1461 1439; x_wconf 84' lang='grc' dir='ltr'><strong><em>φυρομένων,</em></strong></span> <span class='ocrx_word' id='word_1_186' title='bbox 1498 1384 1540 1426; x_wconf 83' lang='grc' dir='ltr'><strong><em>οἱ</em></strong></span> <span class='ocrx_word' id='word_1_187' title='bbox 1572 1382 1674 1437; x_wconf 64' lang='grc' dir='ltr'><strong><em>μέν’</em></strong></span> 
     </span>
     <span class='ocr_line' id='line_1_23' title="bbox 266 1439 1676 1509; baseline -0.001 -27"><span class='ocrx_word' id='word_1_188' title='bbox 266 1439 348 1482; x_wconf 77' lang='lat' dir='ltr'><strong><em>‘mv&#39;</em></strong></span> <span class='ocrx_word' id='word_1_189' title='bbox 394 1439 593 1495; x_wconf 77' lang='grc' dir='ltr'><strong><em>ἀλληλων</em></strong></span> <span class='ocrx_word' id='word_1_190' title='bbox 640 1439 996 1494; x_wconf 82' lang='grc' dir='ltr'><strong><em>συμπατούμενοι</em></strong></span> <span class='ocrx_word' id='word_1_191' title='bbox 1036 1442 1109 1484; x_wconf 82' lang='grc' dir='ltr'><strong><em>καὶ</em></strong></span> <span class='ocrx_word' id='word_1_192' title='bbox 1147 1447 1240 1491; x_wconf 82' lang='grc' dir='ltr'><strong><em>τοῖς</em></strong></span> <span class='ocrx_word' id='word_1_193' title='bbox 1277 1457 1366 1483; x_wconf 90' lang='grc' dir='ltr'><strong><em>των</em></strong></span> <span class='ocrx_word' id='word_1_194' title='bbox 1413 1439 1676 1509; x_wconf 55' lang='lat' dir='ltr'><strong><em>fivyffioixoev&amp;</em></strong></span> 
     </span>
     <span class='ocr_line' id='line_1_24' title="bbox 184 1496 1651 1566; baseline 0 -27"><span class='ocrx_word' id='word_1_195' title='bbox 184 1496 238 1539; x_wconf 88' lang='lat'><strong><em>50</em></strong></span> <span class='ocrx_word' id='word_1_196' title='bbox 269 1498 411 1550; x_wconf 83' lang='grc' dir='ltr'><strong><em>ξίφεσι</em></strong></span> <span class='ocrx_word' id='word_1_197' title='bbox 453 1498 526 1540; x_wconf 83' lang='grc' dir='ltr'><strong><em>καὶ</em></strong></span> <span class='ocrx_word' id='word_1_198' title='bbox 566 1496 740 1552; x_wconf 83' lang='grc' dir='ltr'><strong><em>λόγχαις</em></strong></span> <span class='ocrx_word' id='word_1_199' title='bbox 769 1498 1120 1552; x_wconf 85' lang='grc' dir='ltr'><strong><em>περιπειρόμενοι</em></strong></span> <span class='ocrx_word' id='word_1_200' title='bbox 1149 1515 1229 1554; x_wconf 87' lang='grc' dir='ltr'><strong><em>την</em></strong></span> <span class='ocrx_word' id='word_1_201' title='bbox 1259 1497 1496 1552; x_wconf 75' lang='grc' dir='ltr'><strong><em>συμφοράν</em></strong></span> <span class='ocrx_word' id='word_1_202' title='bbox 1520 1496 1651 1566; x_wconf 78' lang='grc' dir='ltr'><strong><em>ε’σχον</em></strong></span> 
     </span>
     <span class='ocr_line' id='line_1_25' title="bbox 269 1553 1676 1610; baseline -0.001 -14"><span class='ocrx_word' id='word_1_203' title='bbox 269 1553 543 1610; x_wconf 81' lang='grc' dir='ltr'><strong><em>αβοήθητον,</em></strong></span> <span class='ocrx_word' id='word_1_204' title='bbox 584 1557 627 1596; x_wconf 82' lang='grc' dir='ltr'><strong><em>οἱ</em></strong></span> <span class='ocrx_word' id='word_1_205' title='bbox 658 1553 697 1597; x_wconf 85' lang='grc' dir='ltr'><strong><em>δ’</em></strong></span> <span class='ocrx_word' id='word_1_206' title='bbox 728 1554 816 1598; x_wconf 83' lang='grc' dir='ltr'><strong><em>ὑπό</em></strong></span> <span class='ocrx_word' id='word_1_207' title='bbox 847 1572 936 1597; x_wconf 89' lang='grc' dir='ltr'><strong><em>των</em></strong></span> <span class='ocrx_word' id='word_1_208' title='bbox 965 1571 1083 1609; x_wconf 91' lang='grc' dir='ltr'><strong><em>παρα</em></strong></span> <span class='ocrx_word' id='word_1_209' title='bbox 1113 1561 1205 1605; x_wconf 87' lang='grc' dir='ltr'><strong><em>τοῖς</em></strong></span> <span class='ocrx_word' id='word_1_210' title='bbox 1233 1556 1455 1610; x_wconf 88' lang='grc' dir='ltr'><strong><em>πολεμίοις</em></strong></span> <span class='ocrx_word' id='word_1_211' title='bbox 1484 1553 1676 1597; x_wconf 83' lang='grc' dir='ltr'><strong><em>ἱππέων-</em></strong></span> 
     </span>
     <span class='ocr_line' id='line_1_26' title="bbox 270 1611 1652 1668; baseline -0.001 -15"><span class='ocrx_word' id='word_1_212' title='bbox 270 1613 329 1661; x_wconf 84' lang='grc' dir='ltr'><strong><em>εἰς</em></strong></span> <span class='ocrx_word' id='word_1_213' title='bbox 368 1611 417 1654; x_wconf 89' lang='grc' dir='ltr'><strong><em>τὸ</em></strong></span> <span class='ocrx_word' id='word_1_214' title='bbox 456 1615 535 1655; x_wconf 83' lang='grc' dir='ltr'><strong><em>τοῦ</em></strong></span> <span class='ocrx_word' id='word_1_215' title='bbox 576 1616 778 1666; x_wconf 83' lang='grc' dir='ltr'><strong><em>ποταμοῦ</em></strong></span> <span class='ocrx_word' id='word_1_216' title='bbox 817 1612 999 1666; x_wconf 78' lang='grc' dir='ltr'><strong><em>ῥεῖθρον</em></strong></span> <span class='ocrx_word' id='word_1_217' title='bbox 1037 1611 1251 1668; x_wconf 83' lang='grc' dir='ltr'><strong><em>αγεληδὸν</em></strong></span> <span class='ocrx_word' id='word_1_218' title='bbox 1281 1611 1652 1665; x_wconf 84' lang='grc' dir='ltr'><strong><em>συνελαυνόμενοι</em></strong></span> 
     </span>
     <span class='ocr_line' id='line_1_27' title="bbox 268 1666 1650 1726; baseline -0.001 -15"><span class='ocrx_word' id='word_1_219' title='bbox 268 1669 343 1711; x_wconf 83' lang='grc' dir='ltr'><strong><em>καὶ</em></strong></span> <span class='ocrx_word' id='word_1_220' title='bbox 378 1685 490 1711; x_wconf 83' lang='grc' dir='ltr'><strong><em>κατα</em></strong></span> <span class='ocrx_word' id='word_1_221' title='bbox 527 1667 672 1712; x_wconf 79' lang='grc' dir='ltr'><strong><em>νώτου</em></strong></span> <span class='ocrx_word' id='word_1_222' title='bbox 711 1668 788 1719; x_wconf 82' lang='grc' dir='ltr'><strong><em>τοὶς</em></strong></span> <span class='ocrx_word' id='word_1_223' title='bbox 825 1669 991 1725; x_wconf 68' lang='grc' dir='ltr'><strong><em>πληγεὶς</em></strong></span> <span class='ocrx_word' id='word_1_224' title='bbox 1024 1669 1320 1726; x_wconf 73' lang='grc' dir='ltr'><strong><em>λαμβάνοντες</em></strong></span> <span class='ocrx_word' id='word_1_225' title='bbox 1358 1666 1650 1724; x_wconf 77' lang='grc' dir='ltr'><strong><em>απέθνησκον.</em></strong></span> 
     </span>
     <span class='ocr_line' id='line_1_28' title="bbox 184 1724 1651 1795; baseline -0.003 -24"><span class='ocrx_word' id='word_1_226' title='bbox 184 1727 237 1771; x_wconf 87' lang='grc'><strong><em>55</em></strong></span> <span class='ocrx_word' id='word_1_227' title='bbox 268 1726 423 1768; x_wconf 91' lang='grc' dir='ltr'><strong><em>πολλοὶ</em></strong></span> <span class='ocrx_word' id='word_1_228' title='bbox 463 1725 508 1769; x_wconf 81' lang='grc' dir='ltr'><strong><em>δὲ</em></strong></span> <span class='ocrx_word' id='word_1_229' title='bbox 540 1724 646 1768; x_wconf 88' lang='grc' dir='ltr'><strong><em>α’νευ</em></strong></span> <span class='ocrx_word' id='word_1_230' title='bbox 679 1728 885 1795; x_wconf 85' lang='grc' dir='ltr'><strong><em>πολεμίας</em></strong></span> <span class='ocrx_word' id='word_1_231' title='bbox 917 1731 1083 1782; x_wconf 85' lang='grc' dir='ltr'><strong><em>πληγῆς</em></strong></span> <span class='ocrx_word' id='word_1_232' title='bbox 1126 1728 1445 1795; x_wconf 85' lang='grc' dir='ltr'><strong><em>διεφθείροντο</em></strong></span> <span class='ocrx_word' id='word_1_233' title='bbox 1465 1738 1651 1778; x_wconf 88' lang='grc' dir='ltr'><strong><em>σωρευο-</em></strong></span> 
     </span>
     <span class='ocr_line' id='line_1_29' title="bbox 267 1780 1651 1839; baseline 0 -15"><span class='ocrx_word' id='word_1_234' title='bbox 267 1781 409 1837; x_wconf 87' lang='grc' dir='ltr'><strong><em>μένων</em></strong></span> <span class='ocrx_word' id='word_1_235' title='bbox 447 1799 537 1825; x_wconf 92' lang='grc' dir='ltr'><strong><em>των</em></strong></span> <span class='ocrx_word' id='word_1_236' title='bbox 576 1780 787 1837; x_wconf 83' lang='grc' dir='ltr'><strong><em>σωμάτων</em></strong></span> <span class='ocrx_word' id='word_1_237' title='bbox 826 1784 898 1826; x_wconf 81' lang='grc' dir='ltr'><strong><em>διά</em></strong></span> <span class='ocrx_word' id='word_1_238' title='bbox 937 1800 981 1826; x_wconf 89' lang='grc' dir='ltr'><strong><em>τε</em></strong></span> <span class='ocrx_word' id='word_1_239' title='bbox 1010 1785 1089 1826; x_wconf 81' lang='grc' dir='ltr'><strong><em>τόν</em></strong></span> <span class='ocrx_word' id='word_1_240' title='bbox 1119 1784 1266 1839; x_wconf 88' lang='grc' dir='ltr'><strong><em>φόβον</em></strong></span> <span class='ocrx_word' id='word_1_241' title='bbox 1297 1784 1371 1826; x_wconf 82' lang='grc' dir='ltr'><strong><em>καὶ</em></strong></span> <span class='ocrx_word' id='word_1_242' title='bbox 1400 1781 1448 1825; x_wconf 83' lang='grc' dir='ltr'><strong><em>τὸ</em></strong></span> <span class='ocrx_word' id='word_1_243' title='bbox 1480 1786 1651 1837; x_wconf 79' lang='grc' dir='ltr'><strong><em>πλῆθος</em></strong></span> 
     </span>
     <span class='ocr_line' id='line_1_30' title="bbox 268 1839 1650 1909; baseline 0 -28"><span class='ocrx_word' id='word_1_244' title='bbox 268 1840 342 1882; x_wconf 77' lang='grc' dir='ltr'><strong><em>καὶ</em></strong></span> <span class='ocrx_word' id='word_1_245' title='bbox 373 1839 445 1882; x_wconf 82' lang='grc' dir='ltr'><strong><em>διὰ</em></strong></span> <span class='ocrx_word' id='word_1_246' title='bbox 473 1856 550 1889; x_wconf 88' lang='grc' dir='ltr'><strong><em>τας</em></strong></span> <span class='ocrx_word' id='word_1_247' title='bbox 590 1839 637 1881; x_wconf 76' lang='grc' dir='ltr'><strong><em>ἐν</em></strong></span> <span class='ocrx_word' id='word_1_248' title='bbox 665 1843 726 1909; x_wconf 76' lang='grc' dir='ltr'><strong><em>τῷ</em></strong></span> <span class='ocrx_word' id='word_1_249' title='bbox 761 1841 925 1897; x_wconf 74' lang='grc' dir='ltr'><strong><em>ῥείθρῳ</em></strong></span> <span class='ocrx_word' id='word_1_250' title='bbox 957 1842 1215 1895; x_wconf 83' lang='grc' dir='ltr'><strong><em>δυςχερείας</em></strong></span> <span class='ocrx_word' id='word_1_251' title='bbox 1274 1840 1322 1883; x_wconf 78' lang='grc' dir='ltr'><strong><em>τὸ</em></strong></span> <span class='ocrx_word' id='word_1_252' title='bbox 1356 1840 1401 1883; x_wconf 79' lang='grc' dir='ltr'><strong><em>δὲ</em></strong></span> <span class='ocrx_word' id='word_1_253' title='bbox 1431 1840 1650 1894; x_wconf 85' lang='grc' dir='ltr'><strong><em>μέγιστον,</em></strong></span> 
     </span>
     <span class='ocr_line' id='line_1_31' title="bbox 269 1894 1649 1965; baseline -0.001 -26"><span class='ocrx_word' id='word_1_254' title='bbox 269 1894 446 1949; x_wconf 81' lang='grc' dir='ltr'><strong><em>λαβρων</em></strong></span> <span class='ocrx_word' id='word_1_255' title='bbox 474 1896 770 1952; x_wconf 81' lang='grc' dir='ltr'><strong><em>γεγενημένων</em></strong></span> <span class='ocrx_word' id='word_1_256' title='bbox 808 1901 896 1940; x_wconf 78' lang='grc' dir='ltr'><strong><em>τῶν</em></strong></span> <span class='ocrx_word' id='word_1_257' title='bbox 933 1897 1112 1954; x_wconf 84' lang='grc' dir='ltr'><strong><em>ὄμβρων</em></strong></span> <span class='ocrx_word' id='word_1_258' title='bbox 1141 1896 1164 1941; x_wconf 90' lang='grc' dir='ltr'>ὁ</span> <span class='ocrx_word' id='word_1_259' title='bbox 1195 1913 1388 1952; x_wconf 87' lang='grc' dir='ltr'><strong><em>ποταμος</em></strong></span> <span class='ocrx_word' id='word_1_260' title='bbox 1418 1897 1649 1965; x_wconf 80' lang='grc' dir='ltr'><strong><em>βιαιοτέρῳ</em></strong></span> 
     </span>
     <span class='ocr_line' id='line_1_32' title="bbox 269 1952 1650 2011; baseline 0 -16"><span class='ocrx_word' id='word_1_261' title='bbox 269 1958 328 2011; x_wconf 77' lang='grc' dir='ltr'><strong><em>τῷ</em></strong></span> <span class='ocrx_word' id='word_1_262' title='bbox 361 1952 542 2007; x_wconf 82' lang='grc' dir='ltr'><strong><em>ῥεύματι</em></strong></span> <span class='ocrx_word' id='word_1_263' title='bbox 580 1953 933 2009; x_wconf 73' lang='grc' dir='ltr'><strong><em>καταφερόμενος</em></strong></span> <span class='ocrx_word' id='word_1_264' title='bbox 970 1954 1163 2006; x_wconf 84' lang='grc' dir='ltr'><strong><em>πολλους</em></strong></span> <span class='ocrx_word' id='word_1_265' title='bbox 1200 1955 1398 2010; x_wconf 83' lang='grc' dir='ltr'><strong><em>έβαπτιζε</em></strong></span> <span class='ocrx_word' id='word_1_266' title='bbox 1442 1955 1514 1997; x_wconf 81' lang='grc' dir='ltr'><strong><em>καὶ</em></strong></span> <span class='ocrx_word' id='word_1_267' title='bbox 1526 1969 1650 2008; x_wconf 92' lang='grc' dir='ltr'><strong><em>μετα</em></strong></span> 
     </span>
     <span class='ocr_line' id='line_1_33' title="bbox 188 2010 1652 2080; baseline 0 -28"><span class='ocrx_word' id='word_1_268' title='bbox 188 2014 241 2053; x_wconf 82' lang='grc'><strong><em>60</em></strong></span> <span class='ocrx_word' id='word_1_269' title='bbox 271 2027 360 2053; x_wconf 91' lang='grc' dir='ltr'><strong><em>των</em></strong></span> <span class='ocrx_word' id='word_1_270' title='bbox 389 2010 537 2053; x_wconf 84' lang='grc' dir='ltr'><strong><em>ὅπλων</em></strong></span> <span class='ocrx_word' id='word_1_271' title='bbox 568 2011 908 2066; x_wconf 80' lang='grc' dir='ltr'><strong><em>διανηχομένους</em></strong></span> <span class='ocrx_word' id='word_1_272' title='bbox 927 2013 1175 2080; x_wconf 77' lang='grc' dir='ltr'><strong><em>διέφθειρε.</em></strong></span> <span class='ocrx_word' id='word_1_273' title='bbox 1217 2014 1338 2062; x_wconf 85' lang='grc' dir='ltr'><strong><em>τέλος</em></strong></span> <span class='ocrx_word' id='word_1_274' title='bbox 1365 2012 1411 2055; x_wconf 80' lang='grc' dir='ltr'><strong><em>δὲ</em></strong></span> <span class='ocrx_word' id='word_1_275' title='bbox 1428 2028 1518 2053; x_wconf 90' lang='grc' dir='ltr'><strong><em>των</em></strong></span> <span class='ocrx_word' id='word_1_276' title='bbox 1538 2014 1652 2063; x_wconf 89' lang='grc' dir='ltr'><strong><em>Καρ-</em></strong></span> 
     </span>
     <span class='ocr_line' id='line_1_34' title="bbox 272 2067 1651 2137; baseline -0.001 -27"><span class='ocrx_word' id='word_1_277' title='bbox 272 2069 491 2137; x_wconf 83' lang='grc' dir='ltr'><strong><em>χηδονίων</em></strong></span> <span class='ocrx_word' id='word_1_278' title='bbox 529 2069 572 2110; x_wconf 76' lang='grc' dir='ltr'><strong><em>οἱ</em></strong></span> <span class='ocrx_word' id='word_1_279' title='bbox 610 2084 688 2122; x_wconf 88' lang='grc' dir='ltr'><strong><em>μεν</em></strong></span> <span class='ocrx_word' id='word_1_280' title='bbox 725 2067 803 2111; x_wconf 78' lang='grc' dir='ltr'><strong><em>τόν</em></strong></span> <span class='ocrx_word' id='word_1_281' title='bbox 846 2067 965 2121; x_wconf 79' lang='grc' dir='ltr'><strong><em>ἱερὸν</em></strong></span> <span class='ocrx_word' id='word_1_282' title='bbox 995 2069 1127 2125; x_wconf 87' lang='grc' dir='ltr'><strong><em>λόχον</em></strong></span> <span class='ocrx_word' id='word_1_283' title='bbox 1158 2069 1531 2125; x_wconf 87' lang='grc' dir='ltr'><strong><em>αναπληροῦντες,</em></strong></span> <span class='ocrx_word' id='word_1_284' title='bbox 1579 2067 1651 2110; x_wconf 79' lang='grc' dir='ltr'><strong><em>καὶ</em></strong></span> 
     </span>
     <span class='ocr_line' id='line_1_35' title="bbox 272 2123 1653 2180; baseline -0.001 -13"><span class='ocrx_word' id='word_1_285' title='bbox 272 2125 352 2167; x_wconf 85' lang='grc' dir='ltr'><strong><em>τόν</em></strong></span> <span class='ocrx_word' id='word_1_286' title='bbox 381 2141 459 2180; x_wconf 91' lang='grc' dir='ltr'><strong><em>μεν</em></strong></span> <span class='ocrx_word' id='word_1_287' title='bbox 498 2123 691 2180; x_wconf 78' lang='grc' dir='ltr'><strong><em>ἀριθμὸν</em></strong></span> <span class='ocrx_word' id='word_1_288' title='bbox 730 2124 851 2176; x_wconf 85' lang='grc' dir='ltr'><strong><em>ὄντες</em></strong></span> <span class='ocrx_word' id='word_1_289' title='bbox 891 2128 1087 2180; x_wconf 86' lang='grc' dir='ltr'><strong><em>διςχίλιοι</em></strong></span> <span class='ocrx_word' id='word_1_290' title='bbox 1115 2127 1188 2170; x_wconf 85' lang='grc' dir='ltr'><strong><em>καὶ</em></strong></span> <span class='ocrx_word' id='word_1_291' title='bbox 1216 2126 1516 2176; x_wconf 80' lang='grc' dir='ltr'><strong><em>πεντακόσιοι,</em></strong></span> <span class='ocrx_word' id='word_1_292' title='bbox 1558 2129 1653 2173; x_wconf 87' lang='grc' dir='ltr'><strong><em>ταῖς</em></strong></span> 
     </span>
     <span class='ocr_line' id='line_1_36' title="bbox 272 2179 1731 2251; baseline -0.003 -26"><span class='ocrx_word' id='word_1_293' title='bbox 272 2180 317 2225; x_wconf 86' lang='grc' dir='ltr'><strong><em>δ’</em></strong></span> <span class='ocrx_word' id='word_1_294' title='bbox 354 2181 528 2236; x_wconf 87' lang='grc' dir='ltr'><strong><em>αρεταῖς</em></strong></span> <span class='ocrx_word' id='word_1_295' title='bbox 563 2183 637 2225; x_wconf 83' lang='grc' dir='ltr'><strong><em>καὶ</em></strong></span> <span class='ocrx_word' id='word_1_296' title='bbox 671 2179 859 2251; x_wconf 77' lang='grc' dir='ltr'><strong><em>δόξαις’</em></strong></span> <span class='ocrx_word' id='word_1_297' title='bbox 847 2183 908 2226; x_wconf 78' lang='grc' dir='ltr'><strong><em>ε’τι</em></strong></span> <span class='ocrx_word' id='word_1_298' title='bbox 938 2184 983 2226; x_wconf 80' lang='grc' dir='ltr'><strong><em>δὲ</em></strong></span> <span class='ocrx_word' id='word_1_299' title='bbox 1013 2189 1107 2235; x_wconf 87' lang='grc' dir='ltr'><strong><em>ταῖς</em></strong></span> <span class='ocrx_word' id='word_1_300' title='bbox 1137 2182 1308 2234; x_wconf 81' lang='grc' dir='ltr'><strong><em>οὐσίαις</em></strong></span> <span class='ocrx_word' id='word_1_301' title='bbox 1337 2180 1652 2251; x_wconf 84' lang='grc' dir='ltr'><strong><em>πρωτεύοντες,</em></strong></span> <span class='ocrx_word' id='word_1_302' title='bbox 1668 2183 1731 2221; x_wconf 69' lang='lat'><strong><em>144</em></strong></span> 
     </span>
     <span class='ocr_line' id='line_1_37' title="bbox 191 2237 1652 2295; baseline -0.001 -14"><span class='ocrx_word' id='word_1_303' title='bbox 191 2243 244 2286; x_wconf 89' lang='lat'><strong><em>65</em></strong></span> <span class='ocrx_word' id='word_1_304' title='bbox 276 2238 461 2290; x_wconf 78' lang='grc' dir='ltr'><strong><em>ἅπαντες</em></strong></span> <span class='ocrx_word' id='word_1_305' title='bbox 497 2238 817 2294; x_wconf 83' lang='grc' dir='ltr'><strong><em>ἀγωνισαμενοι</em></strong></span> <span class='ocrx_word' id='word_1_306' title='bbox 853 2244 1061 2295; x_wconf 84' lang='grc' dir='ltr'><strong><em>λαμπρως</em></strong></span> <span class='ocrx_word' id='word_1_307' title='bbox 1095 2239 1411 2295; x_wconf 79' lang='grc' dir='ltr'><strong><em>κατεκόπησαν.</em></strong></span> <span class='ocrx_word' id='word_1_308' title='bbox 1480 2255 1568 2282; x_wconf 91' lang='grc' dir='ltr'><strong><em>των</em></strong></span> <span class='ocrx_word' id='word_1_309' title='bbox 1607 2237 1652 2281; x_wconf 78' lang='grc' dir='ltr'><strong><em>δ’</em></strong></span> 
     </span>
     <span class='ocr_line' id='line_1_38' title="bbox 275 2295 1653 2357; baseline 0 -18"><span class='ocrx_word' id='word_1_310' title='bbox 275 2295 418 2340; x_wconf 81' lang='grc' dir='ltr'><strong><em>ἄλλων</em></strong></span> <span class='ocrx_word' id='word_1_311' title='bbox 456 2300 545 2340; x_wconf 76' lang='grc' dir='ltr'><strong><em>τῶν</em></strong></span> <span class='ocrx_word' id='word_1_312' title='bbox 569 2298 998 2354; x_wconf 86' lang='grc' dir='ltr'><strong><em>συστρατευομένων</em></strong></span> <span class='ocrx_word' id='word_1_313' title='bbox 1034 2297 1185 2350; x_wconf 82' lang='grc' dir='ltr'><strong><em>αυτοῖς</em></strong></span> <span class='ocrx_word' id='word_1_314' title='bbox 1224 2296 1449 2357; x_wconf 71' lang='grc' dir='ltr'><strong><em>απέθανον</em></strong></span> <span class='ocrx_word' id='word_1_315' title='bbox 1476 2297 1653 2346; x_wconf 82' lang='grc' dir='ltr'><strong><em>πλείους</em></strong></span> 
     </span>
    </p>
   </div>
   <div class='ocr_carea' id='block_1_3' title="bbox 275 2490 1657 2723">
    <p class='ocr_par' dir='ltr' id='par_1_3' title="bbox 275 2490 1657 2723">
     <span class='ocr_line' id='line_1_39' title="bbox 276 2490 1657 2536; baseline 0 -12"><span class='ocrx_word' id='word_1_316' title='bbox 276 2490 334 2524; x_wconf 85' lang='lat'><strong><em>31.</em></strong></span> <span class='ocrx_word' id='word_1_317' title='bbox 381 2493 461 2530; x_wconf 81' lang='grc' dir='ltr'><strong><em>ταῖς</em></strong></span> <span class='ocrx_word' id='word_1_318' title='bbox 484 2491 542 2533; x_wconf 86' lang='grc' dir='ltr'><strong><em>τε]</em></strong></span> <span class='ocrx_word' id='word_1_319' title='bbox 573 2492 654 2532; x_wconf 80' lang='grc' dir='ltr'><strong><em>ταῖς</em></strong></span> <span class='ocrx_word' id='word_1_320' title='bbox 678 2491 708 2524; x_wconf 83' lang='lat' dir='ltr'><strong>F</strong></span> <span class='ocrx_word' id='word_1_321' title='bbox 891 2491 947 2526; x_wconf 76' lang='grc'><strong><em>37.</em></strong></span> <span class='ocrx_word' id='word_1_322' title='bbox 994 2491 1260 2535; x_wconf 81' lang='grc' dir='ltr'><strong><em>περιχεομένων</em></strong></span> <span class='ocrx_word' id='word_1_323' title='bbox 1283 2491 1556 2536; x_wconf 55' lang='grc' dir='ltr'><strong><em>Ὦῑοεεοίἰημίιις,</em></strong></span> <span class='ocrx_word' id='word_1_324' title='bbox 1590 2491 1657 2524; x_wconf 81' lang='lat' dir='ltr'><strong><em>cir-</em></strong></span> 
     </span>
     <span class='ocr_line' id='line_1_40' title="bbox 277 2538 1655 2616; baseline 0.001 -46"><span class='ocrx_word' id='word_1_325' title='bbox 277 2539 469 2570; x_wconf 75' lang='lat' dir='ltr'><em>cumvenire</em></span> <span class='ocrx_word' id='word_1_326' title='bbox 493 2543 674 2581; x_wconf 77' lang='lat' dir='ltr'><em>coeperunt</em></span> <span class='ocrx_word' id='word_1_327' title='bbox 698 2538 994 2599; x_wconf 61' lang='lat' dir='ltr'>Cosp¹13‚ca6tea·i</span> <span class='ocrx_word' id='word_1_328' title='bbox 1014 2551 1202 2583; x_wconf 81' lang='grc' dir='ltr'><strong><em>περιεχομε</em></strong></span> <span class='ocrx_word' id='word_1_329' title='bbox 1198 2538 1281 2572; x_wconf 90' lang='grc' dir='ltr'><strong><em>ἰων</em></strong></span> <span class='ocrx_word' id='word_1_330' title='bbox 1464 2539 1520 2572; x_wconf 58' lang='lat'><strong><em>49.</em></strong></span> <span class='ocrx_word' id='word_1_331' title='bbox 1567 2538 1655 2616; x_wconf 50' lang='grc' dir='ltr'><strong><em>ξυέιῖ-</em></strong></span> 
     </span>
     <span class='ocr_line' id='line_1_41' title="bbox 275 2582 1656 2677; baseline -0.001 -13"><span class='ocrx_word' id='word_1_332' title='bbox 275 2584 400 2665; x_wconf 50' lang='grc' dir='ltr'><strong><em>ἕέχτῗον</em></strong></span> <span class='ocrx_word' id='word_1_333' title='bbox 412 2584 551 2676; x_wconf 55' lang='grc' dir='ltr'><strong><em>ῥξείίξῗω</em></strong></span> <span class='ocrx_word' id='word_1_334' title='bbox 564 2582 928 2677; x_wconf 53' lang='grc' dir='ltr'><strong><em>ῗὲἰιῖῖζῗόὲἷῖἕρωἳ</em></strong></span> <span class='ocrx_word' id='word_1_335' title='bbox 953 2632 1012 2666; x_wconf 74' lang='lat' dir='ltr'><strong><em>FL</em></strong></span> <span class='ocrx_word' id='word_1_336' title='bbox 1101 2585 1159 2620; x_wconf 61' lang='lat'><strong><em>53</em></strong></span> <span class='ocrx_word' id='word_1_337' title='bbox 1199 2586 1283 2676; x_wconf 47' lang='grc' dir='ltr'><strong><em>δίιῗςιχ</em></strong></span> <span class='ocrx_word' id='word_1_338' title='bbox 1288 2586 1426 2677; x_wconf 44' lang='lat' dir='ltr'><strong><em>ogig]</em></strong></span> <span class='ocrx_word' id='word_1_339' title='bbox 1453 2604 1656 2675; x_wconf 70' lang='grc' dir='ltr'><strong><em>δυςχωρίας</em></strong></span> 
     </span>
     <span class='ocr_line' id='line_1_42' title="bbox 275 2677 948 2723; baseline 0.002 -13"><span class='ocrx_word' id='word_1_340' title='bbox 275 2678 307 2720; x_wconf 79' lang='lat' dir='ltr'>Q</span> <span class='ocrx_word' id='word_1_341' title='bbox 494 2677 665 2723; x_wconf 76' lang='grc' dir='ltr'><strong><em>λάβρων]</em></strong></span> <span class='ocrx_word' id='word_1_342' title='bbox 692 2679 841 2723; x_wconf 77' lang='grc' dir='ltr'><strong><em>λαύρων</em></strong></span> <span class='ocrx_word' id='word_1_343' title='bbox 864 2679 948 2712; x_wconf 68' lang='lat' dir='ltr'><strong><em>Bas„</em></strong></span> 
     </span>
    </p>
   </div>
   <div class='ocr_carea' id='block_1_4' title="bbox 276 2743 1654 2838">
    <p class='ocr_par' dir='ltr' id='par_1_4' title="bbox 276 2743 1654 2838">
     <span class='ocr_line' id='line_1_43' title="bbox 368 2743 1654 2792; baseline 0.001 -13"><span class='ocrx_word' id='word_1_344' title='bbox 368 2746 446 2780; x_wconf 70' lang='grc' dir='ltr'><strong><em>ΗΑ.</em></strong></span> <span class='ocrx_word' id='word_1_345' title='bbox 479 2747 534 2780; x_wconf 64' lang='lat'><strong><em>61</em></strong></span> <span class='ocrx_word' id='word_1_346' title='bbox 585 2744 745 2786; x_wconf 76' lang='grc' dir='ltr'><strong><em>ἅπαντες</em></strong></span> <span class='ocrx_word' id='word_1_347' title='bbox 775 2747 939 2783; x_wconf 76' lang='lat' dir='ltr'><strong>asterisco</strong></span> <span class='ocrx_word' id='word_1_348' title='bbox 970 2747 1105 2784; x_wconf 80' lang='lat' dir='ltr'><strong>notavit</strong></span> <span class='ocrx_word' id='word_1_349' title='bbox 1128 2748 1325 2792; x_wconf 73' lang='lat' dir='ltr'><strong>Stephanus</strong></span> <span class='ocrx_word' id='word_1_350' title='bbox 1509 2743 1654 2781; x_wconf 81' lang='grc' dir='ltr'><strong><em>κατεκό·</em></strong></span> 
     </span>
     <span class='ocr_line' id='line_1_44' title="bbox 276 2792 805 2838; baseline 0.006 -11"><span class='ocrx_word' id='word_1_351' title='bbox 276 2794 420 2838; x_wconf 81' lang='grc' dir='ltr'><strong><em>πησαν]</em></strong></span> <span class='ocrx_word' id='word_1_352' title='bbox 445 2792 644 2829; x_wconf 80' lang='grc' dir='ltr'><strong><em>κατέπεσον</em></strong></span> <span class='ocrx_word' id='word_1_353' title='bbox 667 2794 699 2838; x_wconf 79' lang='lat' dir='ltr'>Q</span> <span class='ocrx_word' id='word_1_354' title='bbox 722 2795 805 2831; x_wconf 76' lang='lat' dir='ltr'><strong>Bas.</strong></span> 
     </span>
    </p>
   </div>
  </div>
 </body>
</html>
