1820 3249
317 129 430 171 1280
669 126 785 168 LIB.
810 126 956 170 XVIII.
1014 128 1144 170 cAP.
1171 132 1241 173 23.
1269 132 1338 173 24.

315 238 514 294 α’ργυρόν
541 254 586 284 τε
613 239 686 283 καὶ
714 239 881 311 χρυσόν
911 235 1066 297 εὗρον,
1098 240 1157 294 ὥς
1186 240 1243 286 ἂν
1270 243 1437 292 πόλεως
1463 243 1690 300 γεγενημέ-

228 299 282 341 35
312 312 390 353 νης
411 296 681 351 εὐδαίμονος
710 297 756 340 ἐκ
785 302 961 341 πολλῶν
990 298 1172 354 χρόνων.

229 359 286 398 23
428 353 551 398 Meto}
582 354 628 397 δὲ
656 370 736 410 την
767 352 986 399 ἀπώλειαν
1014 359 1099 398 τῶν
1134 357 1355 411 πολεμίων
1383 350 1493 410 ἡκον
1516 354 1598 399 δύο
1617 373 1689 412 γυ-

308 415 454 462 ναῖκες
484 413 543 461 εἰς
573 411 861 464 συνοικισμόν
890 416 953 483 τῷ
980 414 1214 470 Περδίκκα,
1246 413 1410 456 Νίκαιά
1433 429 1477 456 τε
1501 413 1528 469 ἡ
1560 411 1689 458 Ἀντι-

308 469 480 522 πάτρου
509 468 729 523 θυγάτηρ,
767 467 824 524 ἣν
851 468 981 520 αὐτὸς
1011 468 1035 512 ὁ
1064 458 1311 536 Περδίκκας
1339 472 1394 525 ἡν
1423 482 1688 525 μεμνηστευ-

222 528 276 572 40
307 524 410 576 κως,
441 525 514 568 καὶ
544 525 805 579 Κλεοπάτρα
835 524 862 582 ἡ
888 525 1175 578 Ἀλεξάνδρου
1208 529 1288 582 μὲν
1318 526 1485 582 ἀδελφὴ
1515 528 1686 583 γνησία,

305 581 505 638 θυγάτηρ
545 582 591 626 δὲ
631 585 852 627 Φιλίππου
892 587 972 626 τοῦ
1006 582 1231 638 Ἀμύντου.
1291 585 1314 627 ὁ
1346 585 1392 628 δὲ
1425 585 1686 637 Περδίκκας,

304 639 523 694 πρότερον
572 639 651 709 μὲν
702 642 758 709 ην
802 657 1014 694 κεκρικως
1058 643 1376 710 κοινοπραγίαν
1413 639 1687 713 Ἀντιπάτρῳ,

304 697 378 740 καὶ
409 696 482 740 δια
511 702 641 740 τοῦτο
672 697 750 752 τὴν
779 699 1014 768 μνηστείαν
1043 697 1288 767 ἐπεποίητο,
1319 696 1446 767 μήπω
1477 702 1564 741 τῶν
1586 696 1685 741 κατ’

306 751 443 799 αὐτὸν
471 769 736 809 πραγματων
765 756 952 822 βεβαίως
983 754 1327 808 ἐστερεωμένων·
1380 772 1440 805 ως
1472 755 1517 798 δε
1547 754 1687 808 παρέ-

220 823 275 866 45
305 815 409 867 λαβε
446 810 523 861 τάς
561 827 605 854 τε
641 810 865 881 βασιλικὰς
904 809 1110 865 δυναμεις
1145 811 1219 862 καὶ
1246 810 1325 881 τήν
1352 827 1441 863 των
1471 811 1687 866 βασιλέων

303 870 598 922 προστασίαν,
641 867 840 922 μετέπεσε
880 873 971 918 τοῖς
1008 873 1244 923 λογισμοῖς.
1303 865 1562 924 ὀρεγόμενος
1600 885 1686 923 γαρ

306 927 538 995 βασιλείας,
570 925 749 968 ε’σπευδε
778 923 857 980 τήν
891 925 1180 978 Κλεοπατραν
1215 928 1362 981 γῆμαι,
1392 927 1582 979 νομίζων
1612 925 1685 968 δια

304 981 461 1052 ταύτης
487 981 811 1037 προτρέψεσθαι
840 999 946 1032 τους
982 981 1238 1032 Μακεδόνας
1269 981 1686 1036 συγκατασκευάζειν

221 1052 275 1096 50
306 1038 426 1097 αὐτῷ
468 1038 547 1108 τῂν
593 1043 679 1082 τῶν
719 1038 836 1082 ὅλων
875 1040 1088 1090 ἐξουσίαν.
1162 1039 1287 1083 οὔπω
1329 1039 1374 1082 δὲ
1412 1038 1685 1094 βουλόμενος

304 1084 674 1155 ἀποκαλύψασθαι
704 1098 815 1151 πρὸς
844 1096 922 1151 τὴν
951 1095 1186 1167 ἐπιβολην,
1217 1094 1325 1139 κατὰ
1357 1113 1435 1150 μεν
1464 1097 1512 1138 τὸ
1540 1095 1686 1150 παρὸν

302 1170 379 1226 ηγε
416 1171 494 1209 την
525 1155 741 1206 Νίκαιαν,
791 1152 908 1204 ὅπως
945 1154 1003 1209 μὴ
1034 1153 1112 1197 τόν
1136 1150 1422 1206 Ἀντίπατρον
1452 1150 1685 1207 αλλότριον

303 1211 376 1267 ε’χη
403 1216 495 1262 ταῖς
526 1213 654 1261 ἰδίαις
691 1212 936 1267 ἐπιβολαῖς
967 1227 1072 1282 μετα
1103 1210 1148 1254 δε
1173 1215 1309 1253 ταῦτα
1337 1209 1584 1264 Ἀντιγόνου
1602 1209 1685 1264 τήν

302 1270 562 1322 προαίρεσιν
607 1265 745 1311 αὐτοῦ
784 1269 1158 1323 κατανοήσαντος,
1209 1269 1282 1310 καὶ
1320 1269 1472 1321 φιλίαν
1510 1266 1683 1321 ἔχοντος

217 1331 270 1374 55
301 1324 411 1378 πρὸς
435 1324 744 1395 Ἀντίπατρον,
765 1325 825 1373 ἔτι
856 1324 901 1368 δὲ
934 1324 1060 1375 ὄντος
1089 1327 1170 1367 τοῦ
1202 1324 1364 1394 ἀνδρος
1392 1322 1554 1366 τούτου
1573 1338 1683 1376 πρα·

299 1399 572 1426 κτικωτατου
601 1399 689 1425 των
719 1381 962 1452 ηγεμόνων,
992 1382 1164 1435 ἔκρινεν
1188 1378 1324 1425 αὐτὸν
1343 1378 1543 1423 ἐκποδῶν
1562 1377 1684 1436 ποιή«

298 1445 474 1483 σασθαι.
534 1439 755 1493 ἐπιβαλων
786 1441 869 1481 οὐν
909 1437 1027 1491 αὐτῷ
1066 1437 1273 1508 διαβολὰς
1303 1439 1476 1490 ψευδεῖς
1506 1437 1580 1479 καὶ
1607 1453 1683 1479 κα-

294 1499 502 1567 τηγορίας
544 1494 725 1546 ἀδίκους
763 1495 953 1564 φανερὸς
990 1493 1046 1551 ἡν
1082 1493 1337 1550 ἀναιρήσων
1372 1493 1520 1538 αὐτόν.
1579 1492 1602 1536 ὁ
1635 1490 1681 1536 δ’

294 1551 540 1623 Ἀντίγονος
581 1554 751 1597 συνέσει
789 1555 862 1596 καὶ
903 1552 1038 1609 τόλμῃ
1070 1553 1320 1608 διαφέρων,
1369 1568 1572 1606 φανερως
1601 1549 1682 1619 μὲν

214 1616 267 1655 60
298 1609 562 1664 απεφαίνετο
594 1610 835 1666 βούλεσθαι
863 1626 962 1664 περι
990 1627 1078 1653 των
1079 1608 1432 1679 ἐγκαλουμένων
1458 1606 1681 1662 ἀπολογη-

297 1673 479 1718 σασθαι,
523 1667 673 1725 λαθρα
704 1668 748 1711 δὲ
777 1664 1220 1721 παρασκευασαμενος
1248 1666 1300 1708 τὰ
1330 1666 1438 1719 πρὸς
1469 1664 1548 1707 τόν
1576 1666 1680 1719 δρα-

297 1724 421 1779 σμόν,
453 1725 580 1768 ἔλαθε
611 1725 716 1780 μετὰ
745 1729 834 1769 τῶν
863 1726 987 1767 ἰδίων
1016 1726 1157 1794 φίλων
1186 1724 1260 1767 καὶ
1291 1726 1370 1765 τοῦ
1400 1723 1504 1764 υἱοῦ
1532 1725 1678 1775 Δημη-

298 1783 424 1836 τρίου
446 1782 605 1833 νυκτὸς
627 1782 767 1838 είςβας
785 1784 844 1832 εἰς
860 1781 935 1831 τοὶς
961 1779 1154 1831 Ἀττικὰς
1183 1784 1306 1830 ναῦς.
1350 1779 1397 1821 ἐν
1428 1779 1473 1821 δὲ
1502 1778 1679 1827 ταύταις

215 1839 268 1882 65
296 1840 521 1893 κομισθεὶς
562 1842 621 1891 εἰς
660 1840 737 1896 τὴν
777 1837 1004 1894 Εὐρωπην
1040 1841 1206 1894 προῆγε
1236 1836 1459 1892 συμμίξων
1481 1833 1678 1878 Ἀντιπα-

298 1912 400 1951 τρῳ.

213 1957 269 1996 24
411 1952 539 1996 Κατα
556 1953 601 1997 δὲ
625 1952 810 2003 τούτους
834 1951 938 2003 τούς
956 1951 1140 2006 καιροὺς
1165 1949 1446 2003 Ἀντίπατρος
1466 1947 1539 1991 καὶ
1559 1946 1678 2000 Κρά-

296 2026 422 2063 τερος
463 2010 531 2053 ἐπὶ
570 2010 673 2061 τοὺς
702 2009 927 2059 Αἰτωλούς
959 2008 1268 2061 ἐστράτευσαν,
1327 2008 1492 2061 ἔχοντες
1521 2004 1677 2057 πεζούς
1729 2061 1731 2063 ¹

297 2084 376 2124 μεν
405 2070 720 2138 τριςμυρίους,
731 2069 871 2117 ἱππεῖς
902 2066 947 2108 ὁε
978 2068 1224 2134 διςχιλίους
1235 2064 1307 2106 καὶ
1338 2080 1389 2106 π
1375 2063 1674 2128 ντακοσιόυς

213 2130 268 2170 70
300 2125 424 2167 οὑτοι
459 2125 540 2177 γὰρ
577 2129 665 2166 τῶν
705 2124 750 2166 ἐν
789 2128 849 2179 τῷ
880 2127 1092 2192 Λαμιακῷ
1122 2121 1309 2176 πολέμῳ,
1326 2116 1676 2173 ὁιαπολεμησαν-

296 2197 385 2223 των
414 2179 650 2225 ὑπόλοιποι
676 2180 887 2250 διέμενον
907 2178 1156 2249 ἀχείρωτοι.
1206 2195 1248 2220 οι
1278 2177 1328 2220 δὲ
1351 2176 1560 2229 Αἰτωλοί,
1597 2191 1675 2229 τη-

294 2238 512 2281 λικούτων
553 2234 782 2293 δυνάμεων
818 2235 887 2280 ἐπ’
931 2235 1093 2287 αὐτούς
1124 2234 1418 2303 ὡρμημένων
1462 2230 1515 2275 ου’
1547 2247 1674 2274 κατε-

295 2294 522 2352 πλάγησαν
553 2300 647 2346 ταῖς
675 2299 855 2350 ψυχαῖς,
900 2292 1011 2337 αλλοὶ
1040 2310 1143 2359 τους
1171 2308 1250 2348 μεν
1281 2288 1549 2346 ἀκμάζοντας
1577 2291 1673 2338 ταῖς

295 2464 353 2501 33.
398 2460 511 2509 εὖρον
534 2468 611 2509 post
633 2461 751 2501 πολύν
774 2468 905 2510 ponunt
926 2464 1037 2499 FVW
1218 2459 1276 2498 34.
1322 2458 1480 2503 πόλεως]
1504 2457 1564 2491 hic
1586 2455 1673 2491 arti-

292 2512 408 2545 culum
434 2513 588 2546 desidero

384 2559 463 2592 276.
495 2558 552 2594 44.
600 2571 650 2598 ως
675 2557 737 2603 δε]
781 2554 831 2598 ω’,ς
852 2570 890 2592 τε
913 2558 994 2595 Bas.
1177 2551 1243 2594 τοὶς
1273 2565 1310 2588 τε
1343 2551 1506 2586 asterisco
1537 2547 1672 2587 no'tavst

292 2604 490 2648 Stephanus
675 2606 731 2638 45.
780 2606 827 2650 βα
806 2603 955 2639 ασιλέων
981 2601 1047 2645 W,
1083 2601 1214 2634 caeteri
1237 2594 1430 2643 βασιλείων
1612 2594 1671 2630 48.

291 2651 573 2697 προτρέψεσθαι
600 2651 663 2692 W,
688 2651 816 2685 caeteri
839 2648 1124 2693 προτρέψασθαι
1309 2646 1366 2680 49.
1400 2641 1543 2701 οὔπω]
1569 2638 1668 2676 ου’τω

292 2697 376 2731 Bas.
534 2698 591 2739 5..
641 2695 839 2742 ἀλλότριον
865 2702 944 2731 ante
968 2694 1027 2740 ἔχῃ
1054 2697 1182 2750 ponunt
1204 2693 1298 2727 FTV
1304 2692 1358 2735 W,
1382 2695 1459 2741 post
1483 2687 1670 2742 ἐπιβολαῖς

295 2748 380 2778 caet
385 2744 424 2778 ri
624 2743 681 2778 58.
729 2741 894 2788 φανερὸς
917 2763 961 2769 -
985 2742 1043 2778 59.
1069 2739 1258 2786 διαφέρων
1282 2750 1351 2776 om·
1376 2739 1409 2772 Χ
1611 2732 1670 2769 68

293 2790 511 2835 διςχιλίονς
499 2809 512 2835 J
545 2793 682 2835 χιλίους
705 2791 736 2835 Q
761 2792 846 2826 Bas.
1346 2827 1348 2829 ¹
