1820 3249
286 108 397 150 1536
671 107 791 149 Lm.
813 106 905 149 XX.
962 108 1089 151 GAP.
1117 113 1184 153 86
1204 113 1272 154 87.

283 221 388 274 βασε
420 217 466 262 δ’
499 218 566 269 εἰς
604 216 742 262 αὐτόν
781 219 1045 274 στρατιώτας
1073 222 1378 292 τετρακοσίους
1419 223 1497 267 καὶ
1522 226 1661 291 βελῶν

197 290 252 329 60
282 279 459 330 πλῆθος
478 277 784 330 παντοδαπῶν,
815 275 1053 346 απέχοντος
1077 276 1162 322 ἀπὸ
1192 282 1281 322 τῶν
1310 283 1463 335 τειχῶν
1489 284 1571 323 τοῦ
1591 279 1661 324 τό·

279 346 368 375 που
405 331 570 376 τούτου
605 331 731 376 πέντε
775 332 962 388 πλέθρα.
1040 332 1186 378 ἔπειθ’
1225 334 1388 391 ἡμέρας
1427 337 1662 406 γενομένης

281 388 585 459 παρεκόμισαν
617 388 694 440 τὰς
723 389 917 445 μηχανάς
952 391 1012 442 εἷς
1040 390 1120 434 τὸν
1149 393 1309 460 λιμένα
1338 408 1444 462 μετα
1477 392 1661 448 σάλπιγ-

281 461 358 500 γος
394 446 469 488 καὶ
498 450 713 501 κραυγῆς,
743 447 817 489 καὶ
845 452 936 498 τοῖς
969 447 1056 517 μὲν
1084 446 1310 492 ἐλαττοσιν
1341 447 1560 518 ὀξυβελέσι
1588 450 1664 493 καὶ

281 518 457 569 μακραν
485 502 750 557 φερομένοις
779 501 951 558 ἀνεῖργε
982 503 1085 555 τοὺς
1114 504 1428 575 ἐργαζομένους
1462 505 1511 550 τό
1542 504 1663 560 παρὰ

194 571 249 613 65
279 556 358 601 τόν
397 558 550 613 λιμένα
589 564 748 616 τεῖχος,
787 566 879 611 τοῖς
908 559 954 603 δὲ
982 562 1265 629 πετροβόλοις
1293 561 1370 614 τάς
1397 579 1441 606 τε
1470 579 1664 619 μηχανας

279 617 370 657 τῶν
409 616 630 670 πολεμίων
670 633 744 659 και
780 616 829 659 τό
876 615 950 659 δια
977 620 1060 660 τοῦ
1097 616 1295 686 χώματος
1323 623 1462 675 τεῖχος
1500 624 1553 675 τῇ
1583 620 1662 674 μὲν

281 671 461 715 διέσεισε
501 676 554 729 τῇ
599 672 645 716 δὲ
673 671 933 728 κατέβαλεν,
969 671 1154 724 ἀσθενὲς
1169 672 1383 743 ὕπαρχον
1411 676 1485 720 καὶ
1513 691 1663 719 ταπει-

279 727 362 772 νόν
402 729 583 780 ἐκείνοις
611 735 702 779 τοῖς
739 733 923 797 καιροῖς
982 728 1272 784 ἀμυνομένων
1311 731 1356 775 δὲ
1394 733 1470 775 καὶ
1497 737 1586 776 τῶν
1616 733 1664 776 ἐκ

194 800 250 840 70
279 788 354 840 τῆς
385 784 551 836 πόλεως
582 784 825 839 εὐρώστως,
857 785 953 829 τότε
981 786 1060 855 μὲν
1090 786 1199 842 ὅλην
1227 804 1307 843 την
1336 786 1502 844 ἡμέραν
1533 788 1665 832 διετέ-

279 845 410 884 λεσαν
441 840 685 910 αμφότεροι
726 840 866 885 πολλα
905 842 1018 886 κακὰ
1047 844 1122 886 καὶ
1163 845 1349 898 δρῶντες
1377 845 1451 888 καὶ
1480 844 1664 915 πασχου-

277 912 374 948 τες·
386 924 388 927 -
416 915 505 953 της·
535 898 580 941 δὲ
619 898 778 949 νυκτὸς
807 897 890 954 ἤδη
919 899 1364 972 καταλαμβανούσης,
1404 899 1428 945 ὁ
1459 901 1536 956 μὲν
1566 906 1664 957 Λη-

278 953 458 1022 μήτρι-ος
495 959 591 1006 ταῖς
622 955 978 1028 ρυμουλκούσαις
1006 958 1166 1000 ναυσὶν
1199 955 1397 1027 ἀπήγαγε
1421 957 1497 1010 τὰς
1524 961 1742 1029 μηχα-468

279 1010 361 1061 νὰς
390 1010 521 1054 παλιν
543 1012 622 1064 ἔξω
651 1012 830 1081 βέλους,
859 1014 904 1056 οι
931 1013 978 1056 δὲ
1003 1012 1167 1057 Ρόδιοι
1193 1014 1329 1085 ξηρᾶς
1356 1013 1464 1071 ὕλης
1491 1015 1566 1058 καὶ
1593 1017 1665 1058 δα-

198 1080 253 1123 75
284 1067 359 1118 δὸς
395 1065 553 1111 ακάτια
599 1067 904 1138 πληρώσαντες
942 1070 1016 1113 καὶ
1055 1074 1145 1123 πῦρ
1189 1070 1435 1127 ἐνθέμενοι,
1484 1071 1535 1115 τό
1585 1071 1664 1128 μὲν

281 1126 458 1178 πρῶτον
487 1124 787 1177 ἐπιδιώξαντες
816 1127 1083 1195 προςέπλεον
1111 1131 1205 1178 ταῖς
1231 1134 1443 1183 μηχαναῖς
1461 1132 1556 1179 ταῖς
1575 1131 1665 1171 τών

280 1183 530 1250 πολεμίων
541 1182 614 1225 καὶ
652 1183 741 1254 τὴν
776 1180 888 1238 ὕλην
927 1181 1139 1238 ὑφῆψαν,
1190 1185 1295 1238 μετα
1336 1184 1382 1228 δε
1428 1189 1565 1228 ταῦτα
1601 1188 1664 1243 τῷ

280 1241 439 1295 πλωτῷ
476 1255 634 1293 χαρακι
673 1238 747 1282 καὶ
794 1243 888 1289 τοῖς
911 1240 1095 1310 βέλεσιν
1132 1239 1432 1295 ἀνειρχθέντες
1471 1252 1664 1310 συνηνα-

280 1280 542 1365 γκοὶσθησαν
569 1301 725 1351 χωρεῖν
755 1296 815 1346 εἰς
842 1294 1050 1339 τούπίσω.
1089 1300 1165 1352 τῆς
1196 1297 1241 1340 δὲ
1272 1297 1436 1352 φλογὸς
1465 1296 1665 1367 ἐπισχού-

197 1365 252 1407 30
283 1363 380 1407 σης,
411 1349 552 1406 ὀλίγοι
581 1352 661 1406 μὲν
683 1351 1022 1407 κατασβέσαντες
1052 1352 1302 1408 ἐπανῆλθον
1333 1355 1416 1397 σὺν
1442 1359 1534 1405 τοῖς
1564 1353 1665 1398 σκα-

282 1419 425 1464 φεσιν,
458 1409 502 1451 οἱ
529 1413 723 1452 πλεῖστοι
753 1408 800 1451 δὲ
825 1409 1072 1464 καιομένων
1103 1414 1191 1453 τῶν
1220 1409 1411 1454 οἷκατίων
1440 1411 1666 1482 ἐξεκολύμ-

281 1468 435 1521 βησαν.
494 1469 548 1521 τῇ
588 1463 628 1508 δ’
668 1465 894 1536 ὑστεραίᾳ
917 1466 1029 1510 κατα
1064 1483 1159 1538 μεν
1181 1466 1406 1511 θαλατταν
1447 1467 1471 1511 ὁ
1510 1467 1667 1538 Δημη-

279 1538 402 1575 τριος
430 1522 740 1592 παραπλησίαν
770 1520 1004 1591 ἐποιήσατο
1033 1523 1113 1579 τὴν
1143 1522 1351 1575 ἐπίθεσιν,
1381 1541 1499 1568 κατα
1521 1525 1567 1568 δε
1580 1525 1666 1594 τὴν

197 1589 251 1633 85
279 1594 363 1634 γην
392 1577 650 1631 προςέταξεν
688 1578 777 1635 ἄμα
807 1579 1086 1634 πανταχόθεν
1123 1580 1410 1650 προςβάλλειν
1439 1580 1534 1636 μετ’
1566 1579 1666 1625 ἀλα-

280 1639 454 1705 λαγμοῦ
490 1636 563 1678 καὶ
604 1619 864 1691 σάλπιγγος,
901 1636 1021 1688 ὅπως
1068 1637 1128 1687 εἰς
1173 1636 1366 1693 ἀγωνίαν
1403 1639 1476 1681 καὶ
1515 1637 1666 1707 φόβον

280 1690 424 1749 αγάγη
453 1691 557 1743 τούς
574 1690 774 1744 Ροδίους
802 1697 976 1737 πολλων
1003 1697 1091 1737 τῶν
1118 1690 1485 1750 αντισπασματων
1511 1693 1665 1738 ὄντων.

196 1783 254 1822 87
401 1771 623 1842 Τοιαύτην
653 1772 699 1815 δε
735 1788 815 1829 την
850 1773 1108 1843 πολιορκίαν
1136 1773 1431 1829 ποιησαμενος
1459 1772 1532 1829 ἐφ’
1568 1772 1666 1830 ἦμέ-

196 1842 252 1883 90
284 1844 363 1881 ρας
393 1827 506 1871 ὀκτω
547 1845 626 1879 τας
663 1829 742 1885 μὲν
781 1829 976 1898 μηχανάς
1015 1846 1092 1881 τας
1128 1831 1197 1874 ἐπὶ
1224 1835 1308 1874 τοῦ
1346 1830 1546 1886 χώματος
1573 1836 1667 1882 τοῖς

281 1886 573 1936 ταλαντιαίοις
601 1886 886 1956 πετροβόλοις
924 1886 1174 1941 συνέτριψε,
1203 1891 1284 1931 τοῦ
1309 1887 1356 1931 δε
1382 1889 1667 1958 διατειχίσμα-

279 1958 353 1993 τος
393 1941 441 1985 τό
474 1941 773 1998 μεσοπύργιον
812 1942 896 1986 σὺν
936 1943 1086 1994 αὐτοῖς
1124 1949 1216 1995 τοῖς
1243 1944 1431 2000 πύργοις
1470 1945 1665 1988 διέσεισε

279 1998 574 2054 κατελάβοντο
615 2001 661 2042 δὲ
696 2000 770 2043 καὶ
801 2015 892 2042 των
930 2005 1208 2055 στρατιωτων
1246 2005 1523 2073 στρατιωτων
1552 2017 1665 2052 τινες

282 2055 412 2111 μέρος
440 2059 520 2098 τοῦ
556 2071 676 2108 παρα
705 2055 784 2098 τόν
821 2054 972 2124 λιμένα
1003 2059 1368 2112 διατειχίσματος·
1398 2056 1471 2112 ἐφ’
1503 2061 1558 2100 οὑ
1589 2069 1664 2100 συ-

200 2120 255 2164 95
286 2112 551 2169 στραφέντες
595 2114 640 2156 οἱ
672 2110 837 2156 Ρόδιοι
873 2111 1016 2170 μάχην
1055 2118 1281 2170 συνῆψαν,
1318 2114 1393 2159 καὶ
1421 2113 1665 2158 πολλαπλά-

281 2279 340 2314 59.
371 2279 652 2325 τετρακοσίους]
678 2281 914 2324 τριακοσίους
937 2282 1017 2326 QW
1036 2281 1120 2341 Bas:
1302 2281 1361 2317 61.
1393 2281 1663 2340 παρεκόμισαν]

282 2326 504 2369 παρεκόμισε
530 2327 778 2372 wesselingius
960 2328 1018 2384 63.
1052 2328 1115 2364 καὶ
1139 2338 1208 2362 om.
1231 2327 1314 2363 Bas.
1497 2328 1554 2363 67.
1590 2328 1665 2364 διέ-

282 2373 391 2417 σεισε]
416 2373 545 2408 διέσειε
569 2373 615 2406 W
797 2375 856 2410 70.
885 2372 983 2409 κακοὶ
1015 2375 1105 2416 καὶ]
1136 2372 1231 2410 κακοὶ
1254 2375 1284 2408 F
1467 2373 1526 2411 71.
1551 2387 1663 2411 κατα-

281 2418 564 2465 λαμβανούσης]
587 2421 865 2467 καταλαβούσης
886 2421 998 2465 FQW

371 2509 453 2546 468.
500 2511 559 2547 73.
582 2510 695 2547 πάλιν
720 2523 790 2547 om.
818 2512 865 2546 W
1045 2510 1105 2566 79.
1133 2509 1364 2558 ἐπισχούσης]
1390 2510 1611 2557 ἐπισχούσης
1634 2515 1663 2547 F

466 2557 524 2591 80.
554 2558 862 2604 κατασβέσαντες]
887 2568 1199 2600 συσκευασαμενοι
1222 2559 1324 2602 Qw,
1348 2562 1384 2593 et
1405 2572 1461 2604 γρ.
1485 2570 1609 2604 margo
1633 2560 1664 2593 F·

464 2603 523 2639 81.
553 2606 746 2648 καομένων
768 2606 800 2639 F
999 2604 1055 2638 86.
1093 2617 1206 2660 αγαγῃ
1237 2609 1314 2648 post
1348 2602 1510 2662 α’γωνίαν
1534 2610 1665 2652 ponunt
1719 2626 1721 2629 ⁴

282 2649 360 2684 FW
543 2663 618 2684 των
652 2663 721 2686 om.
755 2653 787 2685 Γ
970 2651 1026 2685 91.
1059 2648 1101 2684 τὸ
1128 2663 1197 2686 om.
1231 2652 1262 2685 F
1450 2650 1543 2696 συν]
1569 2653 1616 2695 ἠν
1641 2649 1662 2687 ὁ

284 2694 353 2732 σύν
375 2695 405 2730 F
588 2697 646 2734 92.
665 2696 936 2742 κατελάβοντο]
961 2695 1164 2743 κατέλαβον
1184 2698 1269 2733 -FW
1443 2697 1503 2733 93.
1527 2699 1664 2734 διατει-

282 2743 459 2787 χίσματος
480 2742 564 2779 Bas.
