1820 3249
438 143 551 183 [ΑΒ.
583 140 676 184 XV.
734 140 1063 184 CAP.66.67.
1332 144 1442 188 1009

60 271 142 312 την
179 255 402 323 βασιλείαν
429 250 746 322 ἀποβαλόντων
774 248 1118 306 Λακεδαιμόνιοι
1146 251 1296 308 κύριοι
1323 254 1443 299 κατέ-

61 324 224 368 στησαν
264 309 408 366 αὐτῆς.
454 308 560 364 μετὰ
599 308 646 352 δὲ
683 311 820 352 ταῦτα
862 309 1082 378 Τηλέκλου
1110 313 1192 351 τοῦ
1232 311 1442 365 βασιλέως

60 373 151 412 τῶν
179 368 537 436 Λακεδαιμονίων
575 363 882 415 α’ποθανόντος
919 365 966 408 έν
995 363 1129 419 άγῶνι
1157 368 1441 436 κατεπολεμή-

61 430 205 480 θησαν
233 420 320 467 υπὸ
350 423 710 477 Λακεδαιμοιίων
740 423 785 464 οἱ
805 420 1063 477 Μεσσήνιοι.
1095 424 1257 464 τοῦτον
1287 423 1332 466 δὲ
1360 426 1438 468 τὸν
1466 431 1522 475 50

59 483 251 535 πόλεμον
285 480 512 547 εἰκοσαέτη
535 479 642 548 φασὶ
685 477 911 550 γενέσθαι,
947 477 1317 533 κατομοσαμένων
1349 485 1438 523 τῶν

59 538 420 607 Λακεδαιμονίων
459 534 517 591 μὴ
551 534 809 589 ἀνακάμψαι
849 536 909 585 εἰς
955 534 1034 589 τὴν
1071 536 1309 603 Σπάρτην,
1359 536 1437 580 ἐὰν

58 592 117 663 μὴ
161 593 400 648 Μεσσήνην
439 591 577 635 ε’.λωσι
638 590 734 634 τότε
771 591 817 634 δὲ
856 590 1017 646 συνέβη
1057 591 1159 642 τοὺς
1196 595 1438 646 παρθενίας

58 648 403 718 ὀνομασθέντας
416 652 684 717 γεννηθῆναι
717 648 791 690 καὶ
822 650 966 690 κτίσαι
996 647 1075 702 τὴν
1102 652 1192 691 τῶν
1226 652 1436 704 Ταραντί-

57 723 150 749 νων
187 704 329 749 πόλιν.
374 704 561 758 ὕστερον
600 704 645 748 δὲ
689 703 992 747 δουλευόντων
1030 707 1299 774 Μεσσηνίων
1342 711 1435 758 τοῖς
1464 715 1519 759 55

54 763 447 814 Λακεδαιμονίοις,
483 761 781 816 Ἀριστομένης
825 760 962 804 ἔπεισε
1000 760 1104 812 τοὺς
1151 765 1435 832 Μεσσηνίους

55 817 296 873 ἀποστῆναι
322 823 412 862 τῶν
440 822 746 887 Σπαρτιατῶν,
780 817 854 860 καὶ
882 817 1022 861 πολλοὶ
1051 819 1165 861 κακοὶ
1194 819 1435 891 διειργάσα-

53 892 104 919 το
133 875 239 926 τούς
267 875 567 929 Σπαρτιάτας·
612 875 682 919 ὅτε
718 874 790 917 καὶ
826 878 1040 928 Τυρταῖος
1078 875 1101 918 6
1132 875 1326 947 ποιητής
1343 875 1430 920 υπὸ

47 931 295 1004 Ἀθηναίων
322 931 496 987 ἡγεμων
525 930 658 987 ἐδόθη
681 935 779 981 τοῖς
808 929 1118 998 Σπαρτιάταις.
1153 931 1262 975 ἔνιοι
1287 932 1332 976 δὲ
1353 932 1432 976 τὸν
1460 944 1516 985 60

47 987 363 1060 Ἀριστομένην
386 989 622 1058 γεγονέναι
651 988 761 1043 φασὶ
796 986 906 1030 κατά
943 988 1021 1031 τὸν
1057 987 1276 1046 εἰκοσαέτη
1306 987 1434 1034 πόλε-

52 1061 151 1100 μον.
193 1044 216 1089 ὁ
258 1043 304 1088 δ’
332 1043 517 1096 ὕστατος
555 1044 722 1100 ἐγένετο
755 1043 943 1100 πόλεμος
973 1043 1122 1096 αὐτοῖς
1142 1050 1334 1114 σεισμοῦ
1363 1063 1434 1101 με·

51 1101 192 1157 γάλου
229 1101 489 1172 γενομένου·
539 1102 613 1145 καὶ
651 1105 726 1172 τῆς
771 1101 850 1155 μὲν
887 1100 1099 1156 Σπάρτης
1137 1100 1241 1157 ὅλης
1279 1104 1433 1158 σχεδὸν

52 1159 363 1214 συγχυθείσης,
404 1156 578 1212 ἀνδρῶν
618 1155 663 1201 δ’
696 1157 879 1228 έρημου
897 1158 1152 1223 γενομένης,
1186 1161 1230 1201 οἱ
1257 1163 1432 1216 Μεσση-

50 1216 159 1258 νίων
189 1215 541 1267 περιλειφθέντες
570 1213 734 1283 ᾤκισαν
762 1231 842 1269 την
868 1211 1057 1270 Ἰθώμην
1084 1230 1190 1269 μετα
1218 1232 1306 1258 των
1328 1228 1429 1260 συν-
1457 1223 1513 1267 65

0 1278 37 1313 55
54 1275 308 1315 αποστατῶν
345 1269 555 1324 είλώτων,
594 1269 843 1314 ἀναστάτου
875 1270 1159 1342 γεγενημένης
1194 1276 1269 1328 τῆς
1304 1276 1430 1316 Μεσ-

53 1326 184 1397 σήνης
221 1327 413 1379 πολλοὺς
451 1327 651 1383 χρόνους.
707 1326 1013 1397 ἀτυχήσαντες
1034 1325 1078 1370 δ’
1118 1329 1164 1371 έν
1192 1333 1300 1371 πᾶσι
1334 1335 1429 1381 τοῖς

50 1385 268 1438 πολέμοις,
289 1383 339 1426 τὸ
370 1390 615 1428 τελευταῖον
644 1383 880 1427 ἀνάστατοι
910 1383 1139 1439 γενόμενοι
1168 1385 1429 1456 κατῴκησαν

51 1441 99 1484 έν
117 1439 383 1510 Ναυπάκτῳ,
405 1441 573 1485 δόντων
603 1439 753 1491 αὐτοῖς
775 1439 1021 1495 Ἀθηναίων
1051 1442 1306 1497 οἰκητήριον
1325 1443 1427 1499 τήν-

52 1499 98 1540 δε
126 1513 205 1553 την
233 1495 371 1539 πόλιν.
402 1497 474 1540 καὶ
505 1497 616 1547 τινὲς
638 1513 716 1552 μεν
747 1496 892 1539 αὐτῶν
924 1499 982 1547 εἰς
1006 1500 1360 1571 Κεφαλληνίαν’
1342 1500 1424 1551 εξέ-
1453 1507 1509 1549 70

48 1565 207 1604 πεσον,
240 1553 353 1604 τινὲς
392 1551 433 1596 δ’
465 1553 512 1596 έν
541 1555 720 1610 Σικελίᾳ
750 1552 989 1622 ΛΙεσσηνην
1025 1563 1118 1609 την
1135 1571 1196 1597 απ
1245 1557 1425 1599 εκείνων

48 1608 373 1664 όνομασθεισαν
407 1609 676 1666 κατῴκησαν.
727 1609 776 1652 τὸ
818 1609 863 1653 δε
899 1614 1147 1653 τελευταῖον
1181 1612 1290 1654 κατά
1319 1613 1425 1664 τούς

46 1665 364 1724 υποκειμένους
398 1667 582 1719 καιρούς
615 1669 822 1721 Θηβαῖοι,
853 1668 1082 1718 πείσαντος
1112 1664 1276 1718 αὐτούς
1303 1667 1425 1712 Ἐπα-

46 1716 292 1794 μέινώνδου
320 1723 393 1765 καὶ
429 1722 706 1777 πανταχόθεν
741 1723 1075 1793 συναγαγόντος
1100 1723 1203 1774 τούς
1240 1728 1423 1794 Μεσση-

44 1780 193 1830 νίους,
235 1777 402 1836 φ’κισαν
435 1778 516 1835 τὴν
554 1778 807 1848 11456617'227212
831 1780 905 1822 καὶ
911 1778 1030 1849 τὴν
1048 1777 1235 1835 άρχαίαν
1273 1780 1423 1834 αὐτοῖς
1451 1786 1508 1829 75

44 1833 192 1904 χώραν
221 1823 587 1906 ἀποκατέστησαν.
638 1837 735 1890 περὶ
765 1836 842 1890 μὲν
871 1838 954 1879 οὐν
982 1853 1060 1893 την
1090 1837 1330 1907 Μεσσήνην
1357 1855 1425 1882 το-

45 1889 208 1942 σαύτας
236 1891 310 1936 καὶ
341 1892 609 1961 τηλικαύτας
629 1893 789 1962 συνέβη
819 1892 1023 1948 γενέσθαι
1043 1893 1311 1963 μεταβολάς.

161 1951 217 1992 Oi
248 1949 294 1992 δὲ
332 1953 518 2019 Θηβαῖοι
547 1947 691 1992 πάντα
729 1949 782 1992 τὰ
819 1949 1110 2019 προειρημένα
1145 1950 1424 1995 συντελέσαν-
1452 1936 1510 1976 67

43 2021 113 2055 τες
141 2004 188 2048 έν
208 2003 395 2074 ἡμέραις
424 2004 694 2062 ὀγδοήκοντα
723 2006 796 2049 καὶ
825 2006 970 2059 πέντε,
1009 2007 1083 2049 καὶ
1111 2007 1423 2060 καταλιπόντες
1453 1993 1508 2032 80

47 2061 250 2118 φυλακὴν
286 2062 520 2117 α’ξιόλογον
557 2066 634 2118 τῆς
665 2062 931 2132 Μεσσήνης,
965 2061 1216 2118 ἐπανῆλθον
1253 2065 1312 2115 εἰς
1339 2081 1423 2135 την

48 2119 222 2161 οἰκείαν.
283 2119 625 2189 Λακεδαιμόνιοι
667 2119 712 2163 δὲ
759 2118 1016 2172 παραδόξως
1065 2119 1425 2191 ἀποτετριμμένοι

43 2190 150 2227 τους
178 2177 412 2232 πολεμίους
450 2174 703 2220 απέστειλαν
740 2176 1008 2232 πρεσβευτας
1045 2178 1105 2228 εἰς
1133 2193 1210 2228 τας
1236 2175 1426 2234 Ἀθήνας

42 2309 100 2344 47.
147 2309 329 2350 Τηλέκλου
368 2313 437 2346 τοῦ
479 2313 695 2352 AFHKLR,
728 2311 858 2346 caeteri
902 2309 1133 2355 Τηλεκλύτου
1364 2313 1424 2350 53.

41 2354 123 2391 τότε
146 2355 207 2401 δὲ]
231 2356 313 2393 τότε
336 2359 431 2392 AFK
614 2360 671 2393 50.
694 2359 750 2393 60.
776 2360 966 2403 εἰκοσαετῆ
987 2370 1106 2393 omnes
1264 2358 1320 2394 54.
1344 2373 1425 2406 γεν-

41 2403 208 2448 νηθῆναι
239 2405 318 2446 PL,
350 2403 477 2439 caeter:
509 2408 717 2450 γενηθῆναι
897 2405 957 2438 60.
994 2405 1087 2446 φασὶ
1113 2416 1182 2440 om.
1205 2406 1241 2441 Κ

42 2447 101 2483 62.
144 2448 343 2505 Σπάρτης]
389 2453 589 2496 Μεσσήνης
622 2454 653 2496 Q
881 2450 937 2485 63.
970 2449 1010 2486 6'
1043 2463 1112 2486 om.
1149 2452 1183 2485 K

42 2493 99 2527 δί.
133 2492 270 2540 ᾤκισαν
306 2496 528 2532 Perizonius.
561 2499 645 2532 libri
681 2495 829 2543 ᾤκησαν
1018 2496 1078 2532 65.
1117 2497 1421 2543 συναποστατοΐίν]

42 2533 165 2574 manin
190 2542 496 2578 συναποστάντων

133 2584 189 2620 55.
237 2588 296 2622 69.
325 2585 422 2634 Ἀθη
427 2590 542 2623 ναίων
570 2601 639 2625 om.
663 2590 694 2624 F
881 2587 939 2623 70.
976 2588 1261 2646 Κεφαλληνίαν]
1293 2591 1422 2634 Κεφα-

43 2631 171 2674 ληνίαν
211 2633 227 2666 Ῑ
401 2603 485 2669 η.71
522 2632 590 2671 ἄπ’
623 2637 784 2679 AFIKL,
828 2635 955 2669 caeteri
986 2631 1056 2670 vn'
1256 2636 1313 2670 72
1356 2648 1422 2670 κα·

42 2675 210 2725 τῴκησοιν
233 2679 274 2719 F,
297 2677 504 2734 κατῴκισαν
527 2683 656 2717 caeteri
803 2680 860 2715 75.
887 2679 1026 2725 ᾤκισαν
1049 2681 1094 2727 F,
1118 2682 1248 2718 caeteri
1272 2681 1422 2728 ᾤκησαν

67 2769 119 2803 l'
187 2724 280 2805 ASl.
304 2727 369 2771 τῆς
393 2726 613 2774 Μεσσήνης]
647 2729 698 2770 εἰς
721 2715 921 2773 Μεσσήνην
944 2728 996 2762 ΙΚ
1179 2728 1237 2764 82.
1266 2716 1421 2772 οἰκείαν]

42 2780 62 2804 ο
81 2782 166 2805 κιαν

1084 2835 1144 2875 65
