1820 3249
524 167 640 210 LIB.
669 165 778 207 XIX.
836 164 966 206 GAP.
993 166 1060 207 65.
1090 167 1158 209 66.
1416 168 1528 211 1105

159 299 253 333 νοις
290 280 514 336 Ῥωμαῖοι
529 280 608 335 μὲν
648 281 1010 349 διαπολεμοῦντες
1019 278 1283 352 Σαμνίταις
1313 279 1527 335 Φερέντην

159 340 288 383 πόλιν
319 355 394 407 της
419 336 646 386 Ἀπουλίας
673 333 780 380 κατὰ
811 336 967 388 κράτος
999 332 1125 379 εἷλον.
1160 337 1208 379 οἵ.
1232 335 1288 388 δὲ
1306 336 1384 392 τὴν
1409 340 1526 380 Νου-

158 397 308 448 κερίαν
334 394 415 464 τὴν
441 392 732 462 Ἀλφατέρναν
768 393 1040 448 καλουμένην
1078 395 1299 443 οἰκοῦντες
1334 393 1526 435 πεισθέν-

158 468 225 503 τες
255 450 343 495 ὑπό
373 466 504 494 τινων
524 453 599 506 τῆς
618 450 696 504 μὲν
722 446 943 503 Ῥωμαίων
970 451 1116 505 φιλίας
1146 449 1400 505 ἀπέστησαν,
1421 449 1529 505 πρὸς

160 508 206 552 δὲ
234 507 337 558 τούς
367 508 588 579 Σαμνίτας
618 508 862 561 συμμαχίαν
891 506 1159 576 ἐποιήσαντο.

275 568 365 608 Τοῦ
395 562 436 606 δ’
471 562 593 612 ε’τους
621 563 783 606 τούτου
818 562 1068 632 διελθόντος
1093 561 1299 631 Ἀθήνησι
1328 561 1405 618 μὲν
1427 556 1530 618 ἦρχε
1559 569 1615 608 66

159 620 444 676 Νικόδωρος,
484 619 531 662 ἐν
561 617 703 675 Ριόμῃ
744 619 785 662 δ’
816 622 926 674 ἦσαν
967 619 1126 662 ὕπατοι
1165 620 1351 669 Λεύκιος
1393 621 1531 662 Παπί-
1563 627 1615 666 10

161 694 256 732 ριος
288 677 336 720 τό
376 677 580 730 τέταρτον
613 678 686 718 καὶ
727 675 912 745 Κόϊντος
953 679 1194 726 Ποπλίλιος
1230 676 1278 718 τό
1311 673 1531 727 δεύτερον.

159 735 226 778 ἐπὶ
259 733 304 777 δὲ
333 731 502 776 τούτων
531 731 832 801 Ἀριστόδημος
861 733 938 788 μὲν
968 732 990 776 ὁ
1021 733 1305 782 κατασταθεὶς
1332 731 1410 774 ὑπ’
1439 731 1533 775 Ἀν-

158 787 338 845 τιγόνου
368 789 604 844 στρατηγὸς
629 787 686 840 ὥς
705 788 891 834 ἐπύθετο
921 789 1001 845 την
1029 788 1312 842 Ἀλέξανδρον
1342 793 1423 831 τοῦ
1447 793 1535 832 Πο-

159 847 475 914 λυσπέρχοντος
506 845 765 898 ἀπόστασιν,
807 846 877 890 ἐπὶ
905 850 986 890 τοῦ
1025 849 1180 889 κοινοῦ
1209 862 1297 888 των
1330 847 1535 888 Αἰτωλῶν

156 901 602 976 δικαιολογησάμενος
631 902 927 956 προετρέψατο
965 920 1015 945 τα
1054 899 1200 958 πληθη
1231 906 1413 958 βοηθεῖν
1443 907 1535 953 τοῖς
1565 907 1617 949 15

156 959 410 1030 Ἀντιγόνου
439 958 715 1015 πράγμασιν·
754 958 885 1011 αὐτὸς
916 959 961 1002 δε
991 959 1095 1028 μετα
1125 963 1213 1002 τῶν
1242 959 1536 1014 μισθοφόρων

155 1016 315 1087 διαβας
351 1015 397 1058 ἐκ
440 1020 513 1071 τῆς
552 1017 766 1066 Αἰτωλίας
811 1019 870 1066 εἰς
912 1014 1258 1071 Πελοπόννησον
1301 1016 1537 1071 κατέλαβεν

155 1069 438 1125 Ἀλέξανδρόν
483 1087 528 1114 τε
576 1073 650 1114 καὶ
685 1087 792 1123 τους
828 1071 1023 1123 Ἠλείους
1069 1076 1417 1126 πολιορκοῦντας
1454 1072 1536 1128 τὴν

160 1126 417 1197 Κυλλήνην·
467 1126 678 1181 εὐκαίρως
717 1128 762 1171 δὲ
805 1134 897 1178 τοῖς
939 1127 1273 1179 κινδυνεύουσιν
1314 1129 1538 1184 ἐπιφανεὶς

161 1185 288 1228 ε’λυσε
326 1183 406 1239 τὴν
446 1186 719 1238 πολιορκίαν.
785 1184 1037 1228 καταλιπών
1091 1183 1135 1227 δ’
1180 1185 1372 1228 ἐνταῦθα
1429 1186 1533 1237 τούς
1563 1195 1618 1235 20

161 1241 486 1311 παρεξομένους
506 1245 567 1297 τῷ
597 1242 799 1309 φρουρίῳ
825 1241 924 1311 τὴν
952 1240 1194 1296 ἀσφαλειαν
1224 1241 1414 1294 ἀνέζευξε
1418 1260 1443 1285 ν
1476 1246 1535 1295 εἰς

160 1297 249 1367 τὴν
266 1298 456 1353 Ἀχαΐαν·
483 1298 554 1340 καὶ
586 1295 764 1351 Πατρας
792 1297 870 1354 μὲν
896 1294 1168 1354 ηλευθέρωσε
1199 1299 1537 1368 φρουρουμένας

161 1353 251 1398 υπὸ
280 1358 370 1397 τῶν
399 1353 691 1408 Κασσάνδρου
722 1360 1018 1408 στρατιωτῶν,
1047 1356 1204 1410 Αἴγιον
1234 1355 1279 1398 δὲ
1311 1357 1536 1412 ἐκπολιορ-

163 1410 298 1466 κήσας
325 1413 401 1480 τῆς
427 1426 471 1453 τε
501 1414 704 1466 φρουρᾶς
733 1410 956 1464 ἐκυρίευσε
985 1412 1057 1454 καὶ
1087 1417 1178 1462 τοῖς
1200 1414 1407 1468 Αἰγιεῦσι
1427 1431 1536 1457 κατα

165 1468 306 1522 δόγμα
345 1466 426 1534 τήν
465 1465 716 1520 ἐλευθερίαν
756 1468 1025 1522 βουλόμενος
1067 1467 1418 1537 αποκαταστῆσαι
1464 1470 1538 1514 δια
1567 1473 1622 1516 25

161 1523 326 1594 ταύτην
361 1523 440 1579 τὴν
477 1525 728 1575 περίστασιν
767 1523 992 1595 ἐκωλύθη·
1029 1541 1131 1594 ‘cmv’
1149 1525 1232 1580 γάρ
1264 1531 1540 1580 στρατιωτων

160 1581 411 1651 τραπέντων
437 1579 550 1633 πρὸς
581 1579 783 1636 ἁρπαγὴν
811 1582 964 1624 πολλοὶ
996 1580 1075 1636 μὲν
1105 1579 1424 1651 ἀπεσφάγησαν
1451 1588 1540 1627 τῶν

162 1636 375 1693 Αἰγιέων,
403 1640 598 1679 πλεῖσται
627 1637 673 1679 δὲ
701 1654 789 1679 των
813 1625 970 1680 οἰκιῶν
1001 1637 1319 1708 διεφθαρησαν.
1359 1640 1464 1696 μετὰ
1493 1640 1539 1687 δὲ

163 1698 302 1739 ταῦτα
324 1692 665 1744 διαπλεύσαντος
685 1695 744 1744 εἰς
763 1696 982 1737 Αἰτωλίαν
1012 1694 1164 1747 αὐτοῦ,
1183 1701 1380 1764 Δυμαῖοι
1403 1715 1540 1768 φρου-
1572 1706 1625 1746 30

168 1751 264 1821 ράν
273 1750 442 1805 ἔχοντες
461 1749 581 1807 παρὰ
599 1748 895 1821 Κασσάνδρου
910 1753 1161 1819 διετείχισαν
1182 1752 1257 1808 τὴν
1277 1753 1425 1805 πολιν,
1438 1754 1544 1806 ὤςτε

87 1820 156 1856 370
170 1805 264 1852 κατ’
296 1808 412 1853 ἰδίαν
442 1807 582 1850 οὖσαν
610 1804 696 1850 οέπὸ
728 1811 801 1862 τῆς
828 1805 1119 1877 ακροπόλεως
1150 1811 1402 1880 διεζεῦχθαι.
1461 1829 1545 1856 πα-

167 1864 480 1918 ρακαλέσαντες
522 1861 566 1905 δ’
606 1861 821 1918 οἷλληλους
859 1862 1113 1921 αντέχεσθαι
1151 1870 1226 1922 τῆς
1275 1865 1543 1924 αὐτονομίας

165 1920 660 1988 περιεστρατοπέδευσαν
688 1936 766 1975 την
796 1920 938 1974 ἄκραν
967 1922 1040 1965 καὶ
1069 1928 1269 1991 συνεχεῖς
1297 1926 1544 1997 προςβολας

167 1977 413 2021 εποιοῦντο.
473 1993 500 2018 α
540 1974 592 2031 δὴ
622 1946 885 2047 πυθόμενος
924 1975 947 2020 ὁ
989 1976 1284 2032 Ἀλέξανδρος,
1321 1998 1396 2036 ηκε
1436 1984 1539 2037 μετὰ
1569 1988 1624 2030 35

165 2038 241 2089 τῆς
281 2030 526 2100 δυναμεως,
563 2031 635 2074 καὶ
671 2028 932 2088 βιασάμενος
967 2034 1088 2086 ἐντὸς
1126 2039 1205 2079 τοῦ
1242 2038 1408 2107 τείχους
1445 2040 1540 2084 έκυ-

167 2093 327 2159 ριέυσε
341 2093 424 2159 τῆς
443 2087 621 2139 πόλεως.
663 2105 750 2132 των
779 2089 825 2133 δε
855 2094 1069 2146 Δυμαίων
1098 2091 1203 2143 τούς
1235 2110 1314 2145 μεν
1345 2095 1540 2150 ἀπέσφα-

167 2150 224 2200 ξε,
252 2145 361 2218 tofis?
381 2143 424 2188 δ’
456 2146 515 2194 εἰς
540 2144 742 2200 φυλακὴν
771 2134 976 2195 ἀπέθετο,
1006 2148 1195 2199 πολλοὺς
1225 2150 1271 2193 δὲ
1301 2152 1541 2207 ε’φυγαδευ·

169 2215 256 2247 σεν
317 2203 361 2246 οἱ
391 2201 438 2246 δὲ
467 2202 816 2259 περιλειφθέντες
847 2202 1166 2260 απαλλαγέντος
1194 2206 1242 2251 ἐκ
1271 2211 1346 2273 τῆς
1374 2210 1543 2263 πόλεως

171 2372 206 2407 3.
234 2371 425 2417 Φερέντην]
457 2370 628 2432 Φέρεντιν
650 2374 682 2408 F
821 2375 854 2410 4.
879 2373 1133 2422 Ἀλφατέρναν]
1156 2375 1421 2424 Ἀσφοιλτέρναν
1443 2381 1508 2424 QX
1564 2417 1566 2420 ,

170 2418 206 2454 6.
255 2419 468 2463 Σαμνίτας]
496 2424 598 2454 σαυνι
591 2421 666 2459 ἔτας
690 2421 721 2454 F
876 2423 910 2456 9.
960 2426 1166 2470 Παπίριος]
1192 2428 1385 2470 παπείριος
1408 2429 1438 2461 l
1462 2429 1544 2462 Bas.

263 2465 321 2499 10.
355 2466 555 2508 Ποπλίλιος
577 2467 760 2512 Sigonius:
783 2466 863 2501 libri
891 2467 1055 2511 Πόπλιος
1192 2473 1248 2506 11
1282 2474 1543 2518 κατασταθεὶς]

171 2511 438 2550 κατασταλθεὶς
458 2511 504 2544 W
686 2513 741 2546 24.
789 2515 846 2557 αἰγ
849 2516 942 2549 ιεῦσι
966 2517 1007 2557 F
1031 2516 1158 2552 caeteri
1183 2518 1245 2561 Αἰγ
1249 2530 1325 2553 ευσι
1487 2520 1544 2555 25.

173 2569 240 2602 την
260 2568 329 2592 om.
353 2557 434 2592 Bas.
600 2558 657 2592 27.
704 2557 822 2603 πρὸς]
829 2527 900 2601 γείς
923 2563 1001 2596 FW
1170 2565 1245 2599 τῶν
1268 2564 1418 2610 Αἰγιέων
1445 2567 1547 2601 Wes-

560 2605 615 2638 ιαί

175 2647 359 2692 selingiue,
389 2648 465 2682 τῶν
490 2647 621 2692 αἰγέων
642 2650 690 2691 F,
715 2651 790 2686 ταῖν
815 2652 987 2697 Αἰγιαίων
1012 2654 1093 2691 XY,
1118 2655 1192 2688 τῶν
1216 2656 1373 2700 Αἰγαίων
1397 2657 1453 2699 Τ,
1478 2668 1546 2694 om

174 2694 271 2737 Bas,
296 2694 423 2728 caeteri
447 2706 521 2727 των
545 2695 749 2739 Αἰγισαίων,
774 2710 893 2741 quae
885 2700 1046 2733 asterisco
1069 2702 1203 2736 notavit
1227 2703 1424 2747 Stephanus

266 2761 346 2796 37⁰.
378 2762 437 2797 37.
482 2763 683 2807 Δυμαίων]
711 2765 857 2808 δυμέων
882 2768 911 2801 F
1088 2769 1145 2805 38.
1193 2768 1377 2816 ἀπεθετο]
1403 2768 1546 2808 ‹ingom-

175 2818 215 2842 κε
246 2808 276 2842 F
459 2807 515 2842 39.
563 2813 880 2857 περιλειφθέντες]
913 2815 1203 2859 περιληφθέντες
1226 2818 1273 2851 w
