1820 3249
585 198 703 238 LlB.
734 194 842 238 xvi.
908 194 1039 237 CAP.
1070 197 1137 237 86.
1168 198 1237 239 37.
1494 206 1600 247 1οῖ5

227 309 416 382 νάμεως,
446 308 470 353 ὁ
488 308 577 377 μἐν
600 306 859 358 Κάλλιππος
888 303 1087 361 ηττηθεις
1116 305 1283 358 ἐξέπεσε
1312 312 1387 362 τῆς
1416 311 1595 366 πόλεως

154 366 476 466 11οἾππαριὲνος
513 364 558 408 δὲ
595 361 945 420 ἀνακτησάμενος
984 362 1062 417 τὴν
1100 361 1307 418 πατρῴαν
1336 367 1593 414 διιαστείαν
1623 382 1702 422 100

227 441 244 465 ‘v
311 439 357 466 w
405 438 425 464 τ
483 421 575 465 δύο.

240 419 307 480 Ξρξ
335 439 601 533 Επηαρχοι
592 493 676 528 τος
714 474 755 520 δ’
791 472 1022 531 Ἀθηνησιν
1046 473 1360 532 Ἀριστοδήμου
1387 476 1589 549 Ρωμαῖοι
1617 492 1673 533 37

225 534 492 604 κατέστησαν
540 533 734 583 υπάτους
785 534 923 575 Γάϊον
967 533 1232 576 Σουλπίκιον
1281 535 1353 576 καὶ
1403 535 1588 603 Μάρκου

231 589 482 643 Οὐαλέριον,
509 588 742 657 Ὀλυμπιάς
772 587 814 632 δ’
844 587 956 644 ’ἤχθη
985 587 1146 643 ἑβδόμη
1175 587 1286 641 πρὸς
1307 593 1400 640 ταῖς
1418 589 1586 646 ἑκατόν,
1615 603 1642 644 5

222 645 332 690 καθ’
367 645 423 702 ἣν
458 625 578 690 ένίκα
616 645 796 690 στάδιον
829 646 1068 715 Σμικρίνας
1112 647 1389 698 Ταραντῖνος.
1445 647 1513 690 ἐπὶ
1543 651 1589 694 δὲ

220 701 390 746 τούτων
419 701 620 753 Φάῦλλος
646 702 727 758 μὲν
755 699 778 744 ὁ
812 701 1001 744 Φωκέων
1030 700 1266 755 στρατηγὸς
1284 717 1388 755 μετα
1410 701 1488 759 την
1505 711 1588 750 τοῦ

221 755 415 814 ἀδελφοῦ
435 757 643 829 τελευτήν
671 775 714 802 τε
742 757 816 802 καὶ
843 754 978 827 ἧτταν
998 757 1290 825 προςανέλαβε
1306 775 1358 801 τα
1380 774 1468 802 των
1494 765 1586 805 Φω-

218 815 334 858 αέων
360 814 588 884 πράγματα
617 814 958 870 τεταπεινωμένα
987 813 1059 857 διά
1085 829 1129 856 τε
1156 830 1235 870 την
1262 831 1393 882 ητταν
1414 816 1487 859 καὶ
1505 817 1586 874 τὴν

220 871 403 940 φθορὰν
432 876 520 916 τῶν
556 874 840 940 στρατιωτῶν.
896 871 1004 926 ἔχων
1040 869 1124 938 γάρ
1156 869 1387 940 χρημάτων
1416 877 1585 943 πλῆθος
1618 883 1667 922 10

220 926 518 979 ἀνέκλειπτον,
557 927 748 980 πολλοὺς
779 926 859 982 μὲν
887 925 1202 995 μισθοφόρους
1222 926 1457 982 ἤθροισεν,
1501 930 1583 975 οὐκ

217 981 396 1040 ὀλίγους
426 984 472 1028 δὲ
480 982 750 1055 συμμάχους
781 984 918 1028 ἔπεισε
947 981 1310 1053 συνεπιλαβέσθαι
1339 988 1419 1028 τοῦ
1459 988 1582 1030 πολέ-

216 1056 317 1111 μου.
337 1057 410 1110 τῃ
439 1041 521 1096 γὰρ
553 1039 752 1097 ἀφθονίᾳ
790 1043 879 1084 τῶν
913 1038 1143 1106 χρημάτων
1173 1038 1331 1096 α’νέδην
1364 1040 1583 1097 χρεόμενος

218 1095 274 1140 οὐ
291 1095 431 1166 μόνον
451 1095 624 1149 ἰδιώτας
641 1096 830 1147 πολλοὺς
851 1096 943 1151 ἔσχε
960 1094 1222 1165 προθύμους
1241 1098 1579 1163 συναγωνιστάς,
1613 1108 1665 1149 15

217 1150 325 1196 ἀλλά
354 1153 426 1196 καὶ
453 1153 595 1205 πόλεις
623 1153 699 1204 τάς
727 1151 1068 1223 ἐπιφανεστάτας
1087 1151 1355 1196 ἐπεσπάσατο
1373 1154 1482 1209 πρὸς
1503 1155 1583 1225 τήν

216 1225 455 1263 κοινοπρα,
445 1211 541 1253 ίαν.
597 1208 936 1281 Λακεδαιμόνιοι
963 1225 1041 1264 μεν
1069 1207 1150 1263 γὰρ
1183 1207 1432 1252 ἀπέστειλαν
1462 1209 1582 1269 αὐτῷ

215 1265 478 1320 στρατιώτας
505 1267 687 1322 χιλίους,
730 1263 892 1321 Ἀχαιοὶ
921 1266 967 1308 δὲ
997 1266 1251 1333 διςχιλίους,
1287 1263 1506 1322 Αθηναῖοι
1535 1269 1581 1311 δε

214 1321 371 1391 πεζούς
398 1322 476 1378 μὲν
497 1324 889 1392 πεντακιςχιλίους,
921 1323 1062 1372 ἱππεῖς
1091 1320 1137 1364 δὲ
1165 1325 1481 1375 τετρακοσίους,
1517 1321 1580 1367 ὧν

212 1372 270 1434 ἦν
299 1378 536 1446 στρατηγὸς
566 1382 829 1447 Ναυσικλῆς.
890 1380 933 1421 οῖ
963 1377 1009 1422 δε
1037 1381 1125 1420 τῶν
1150 1380 1351 1447 Φεραίων
1370 1378 1580 1433 τύραννοι
1609 1393 1664 1433 20

213 1432 466 1490 Λυκόφρων
493 1435 565 1478 καὶ
587 1434 831 1486 Πειθόλαος
856 1432 961 1501 μετὰ
982 1433 1061 1490 τὴν
1086 1431 1359 1490 Ὀνομάρχου
1377 1436 1580 1494 τελευτήν

213 1490 366 1546 ἔρημοι
405 1490 638 1560 συμμάχων
680 1491 800 1541 ὄντες
834 1507 911 1541 τας
946 1507 1025 1545 μεν
1065 1491 1209 1543 Φερας
1236 1491 1486 1546 παρέδοσαν
1515 1498 1578 1551 τῷ

220 1549 444 1617 Φιλίππῳ,
489 1545 612 1592 αὐτοὶ
655 1546 697 1592 δ’
736 1545 1009 1590 υπόσπονδοι
1057 1545 1282 1602 γενόμενοι
1326 1539 1577 1619 συνήγαγον

211 1604 316 1654 τούς
351 1592 656 1659 μισθοφόρους
695 1603 824 1655 ὄντας
862 1604 1113 1671 διςχιλίους,
1161 1603 1231 1646 καὶ
1269 1604 1374 1658 μετά
1409 1604 1579 1649 τούτων
1607 1620 1662 1661 25

230 1659 424 1770 βυγόντες
470 1660 583 1714 πρὸς
628 1659 833 1704 Φάυλλον
877 1658 1149 1727 συνεμάχουν
1192 1663 1283 1708 τοῖς
1337 1663 1575 1705 Φωκεῦσιν.

230 1715 457 1771 βοήθησαν
485 1716 531 1760 δε
559 1717 631 1760 καὶ
659 1720 746 1760 τῶν
775 1716 1014 1759 ἐλαττόνων
1033 1714 1199 1758 πόλεων
1225 1712 1307 1758 οὐκ
1324 1714 1466 1772 ὀλίγαι
1485 1723 1578 1770 τοῖς

211 1773 412 1815 Φωκεῦσι
447 1772 520 1815 διά
559 1772 607 1817 vd
634 1777 819 1840 πλῆθος
855 1776 943 1815 τῶν
981 1771 1297 1824 διαδιδομένων
1322 1773 1572 1843 χρημάτων·

209 1826 235 1871 6
269 1827 353 1883 γὰρ
393 1827 558 1898 χρυσὸς
592 1827 670 1880 τοὶς
705 1830 951 1880 πλεονεξίας
978 1843 1066 1870 των
1096 1825 1344 1882 ἀνθρώπων
1370 1829 1576 1874 ἐκκαλού-

209 1899 350 1954 μενος
375 1884 618 1955 ἠνάγκασεν
656 1883 912 1937 αυτομολεῖν
943 1883 1053 1938 πρὸς
1091 1884 1190 1953 τήν
1210 1883 1257 1927 ἐκ
1286 1887 1367 1928 τοῦ
1393 1886 1576 1940 κέρδους
1605 1905 1659 1944 30

207 1939 484 1985 λυσιτέλειαν.
555 1939 580 1984 6
623 1939 665 1984 δ’
717 1939 801 1985 οὖν
846 1939 1049 1991 Φάυλλος
1087 1940 1193 1995 μετὰ
1234 1957 1311 1994 της
1351 1944 1576 2012 δυνάμεως

206 1994 485 2067 ἐστράτευσεν
520 1998 580 2049 εἰς
605 1998 686 2066 τήν
713 1998 956 2050 Βοιωτίαν,
997 1996 1071 2040 καὶ
1098 1996 1196 2050 περὶ
1224 1997 1350 2041 πόλιν
1375 1996 1575 2068 Ὀρχομε-

207 2050 290 2096 νόν
296 2052 523 2123 ἡττηθεὶς
558 2052 671 2124 wilm
709 2053 898 2104 πολλοὺς
932 2069 1020 2096 των
1057 2057 1333 2122 στρατιωτων
1360 2053 1572 2122 άπέβαλε.

205 2125 312 2179 μετα
350 2109 397 2154 δὲ
434 2114 570 2154 ταῦτα
595 2111 730 2179 άλλης
757 2109 986 2178 γενομένης
1013 2107 1150 2164 μάχης
1177 2108 1294 2164 παρά
1321 2108 1400 2154 τόν
1428 2115 1574 2169 Κηφι-

205 2164 286 2209 σὸν
311 2165 524 2239 ποταμόν
540 2166 744 2236 ἐνίκησαν
771 2166 904 2210 πάλιν
931 2167 1142 2217 Βοιωτοί,
1181 2166 1253 2209 καὶ
1284 2165 1457 2212 ἀνεῖλον
1485 2185 1574 2212 των
1602 2186 1656 2227 35

204 2223 423 2278 πολεμίων
450 2221 558 2276 νπὲρ
588 2240 693 2275 τους
712 2224 1030 2294 τετρακοσίους,
1055 2221 1302 2278 ἐζώγρησαν
1321 2221 1367 2267 δ’
1395 2226 1454 2276 εἰς
1473 2239 1573 2268 πεν-

204 2280 445 2331 τακοσίους.
502 2277 668 2347 ὀλίγαις
704 2277 749 2324 δ’
771 2279 969 2333 ὕστερον
1003 2276 1183 2334 ἡμέραις
1218 2277 1452 2336 γενομένης
1491 2281 1572 2352 μά-

202 2349 281 2391 χης
315 2335 413 2392 περὶ
448 2337 705 2392 Κορωνειαν
740 2333 943 2392 ἐνίκησαν
981 2337 1025 2379 οἱ
1053 2336 1265 2388 Βοιωτοί,
1312 2337 1388 2380 καὶ
1420 2337 1572 2394 πεντη-

293 2501 374 2538 110.
403 2502 439 2539 5.
488 2505 714 2562 Σμικρίνας]
743 2505 929 2550 Μικρίνας
952 2505 1018 2550 Qx
1209 2505 1244 2542 7.
1292 2516 1330 2540 τε
1352 2515 1421 2540 om.
1446 2506 1477 2540 F

293 2548 350 2583 13.
395 2546 507 2595 α’νέδη
510 2564 530 2586 v
560 2553 608 2597 F,
641 2549 776 2597 οἰναίδη
778 2564 799 2586 ν
833 2551 961 2586 caeteri
1162 2550 1220 2586 14.
1269 2549 1439 2595 ἰδιώτας]
1478 2551 1567 2594 τούς

203 2591 354 2635 ἰδιώτας
375 2595 464 2630 FLY
486 2597 566 2632 Bas.
757 2598 812 2632 19
859 2597 1138 2640 τετρακοσίους]
1164 2603 1334 2632 sexcentos
1357 2598 1444 2631 Cos»
1408 2609 1487 2640 epus

294 2639 352 2674 30.
397 2638 436 2676 ἐκ
458 2653 526 2680 οιιι.
548 2644 630 2679 Bas.
811 2643 869 2680 34.
914 2642 1088 2688 Κηφισὸν
1111 2643 1176 2676 FT
1200 2645 1281 2678 Bas.
1306 2645 1371 2677 Cos
1357 2655 1453 2686 pus,
1487 2654 1565 2677 cae-

203 2683 271 2718 teri
293 2683 486 2730 Κηφισσὸν
605 2697 608 2701 “
662 2688 720 2724 36.
765 2691 1033 2734 τετρακοσίους]
1058 2690 1320 2746 πεντακοσίους
1343 2690 1407 2732 Qx
1425 2689 1566 2732 Cospus,

204 2740 274 2785 om5
299 2742 378 2766 cum
401 2733 543 2768 lacunae
564 2734 592 2770 ei
620 2746 665 2770 no
686 2737 769 2770 Bas.
918 2734 1125 2780 ἐζώγρησαν
1149 2732 1190 2770 δ’
1213 2736 1263 2776 εἰς
1285 2735 1567 2777 πεντακοσίους]

203 2773 410 2822 ἐζώγρησαν
439 2777 481 2815 δὲ
504 2776 573 2817 ov’x
613 2779 766 2823 λάττονς
787 2781 863 2817 τῶν
884 2783 1127 2827 τετρακοσίων
1151 2782 1238 2825 QX,
1280 2781 1430 2815 sexcenti
1455 2783 1568 2823 ferme

203 2823 298 2867 capti
318 2823 448 2869 Cospun
624 2826 682 2862 39.
704 2826 946 2875 πεντήκοντα]
971 2833 1106 2864 centum
1123 2832 1158 2864 et
1175 2827 1427 2872 quinquaginta
1436 2826 1567 2870 Cospus

1193 2885 1292 2925 69*
