1820 3249
266 119 378 161 1272
614 116 734 161 Lm
761 115 1302 162 XV111.cAP.16.17.

195 227 199 229 ’
223 239 227 242 ’
267 234 402 282 σθαι,
431 228 586 283 πεζοὺς
620 228 698 285 μὲν
714 218 836 299 ἔχων
863 230 1164 286 τριςμυρίους,
1205 231 1355 282 ἱππεῖς
1378 230 1424 274 63
1451 232 1640 285 μυρίους

265 288 641 357 πεντακιςχιλίους.
703 284 727 329 ὁ
759 286 804 330 63
836 289 1078 358 Περδίκκας
1108 287 1307 338 συνάψας
1337 286 1454 344 αὐτῷ
1483 287 1637 345 μάχην,

265 343 340 387 καὶ
367 360 420 401 τη
449 342 680 397 παρατάξει
698 342 892 411 νικήσας,
922 341 1063 386 ανεῖλε
1085 343 1164 398 μὲν
1187 346 1248 396 είς
1265 347 1638 404 τετρακιςχιλίους,

185 404 239 448 25
269 399 480 472 ἐζωγρησε
520 400 564 443 δε
600 399 712 454 ὑπὲρ
745 400 848 451 τοὺς
876 402 1263 458 πεντακιςχιλίους,
1312 402 1358 444 έν
1388 404 1453 452 οἱς
1481 404 1538 457 ήν
1565 404 1640 445 καὶ

272 455 406 509 αὐτὸς
443 456 467 500 6
506 455 774 527 Ἀριαράθης.
830 463 991 500 τοῦτον
1030 457 1121 527 μὲν
1138 459 1220 500 οὐν
1247 458 1322 501 καὶ
1349 474 1454 510 τους
1484 470 1641 531 συγγε-

269 519 359 565 νεῖς
401 512 539 557 αὐτοῦ
575 515 738 564 πάντας
777 513 1054 583 αἰκισάμενος
1096 512 1415 570 ἀνεσταύρωσε·
1462 520 1554 565 τοῖς
1593 513 1637 559 6'

268 570 490 640 ’ἡττηθεῖσι
529 570 809 639 συγχωρήσας
844 571 923 625 τὴν
954 569 1219 625 ἀσφάλειαν,
1258 573 1330 615 καὶ
1371 571 1643 628 καταστήσας

268 628 323 671 τὰ
349 627 459 672 κατὰ
501 627 582 683 τήν
612 630 950 679 Καππαδοκίαν,
997 628 1220 680 παρέδωκε
1257 630 1340 686 τὴν
1376 631 1643 683 σατραπείαν

186 691 240 746 30
270 683 458 755 Εὐμένει
487 688 547 754 τῷ
579 686 828 755 Καρδιανῷ,
859 682 1058 738 καθάπερ
1090 685 1131 735 ἐξ
1163 682 1292 740 ἀρχῆς
1312 688 1368 740 ἠν
1397 687 1644 742 μεμερισμέ-

269 746 359 794 νὀς.
415 740 504 785 υπὸ
520 731 582 784 63
611 742 727 799 τούς
748 739 910 791 αὐτοὺς
937 739 1121 793 καιροὺς
1147 757 1222 783 και
1246 742 1470 797 Κράτερος
1502 743 1548 786 ἐκ
1569 746 1646 785 Κι-

269 800 409 849 λικίας
440 797 670 851 ἀναζεύξας
698 799 804 854 ἡκεν
832 799 893 847 εἰς
931 798 1241 849 Μακεδονίαν,
1280 799 1516 868 βοηθήσων
1553 805 1646 851 τοῖς

266 857 365 909 περὶ
402 855 480 898 τόν
507 854 816 908 Ἀντίπατρον
817 855 890 896 καὶ
921 853 1279 912 διορθωσόμενος
1308 871 1385 905 τας
1414 856 1645 911 γεγενημέ-

187 916 240 959 35
269 929 351 964 νας
379 911 509 984 ἥττας
536 927 624 953 των
655 910 939 954 Μακεδόνων
996 913 1074 980 ήγε
1104 912 1150 954 δὲ
1179 910 1335 964 πεζους
1362 912 1441 966 μὲν
1468 928 1557 954 των
1588 913 1647 963 εἰς

263 967 412 1012 Ἀσίαν
437 966 699 1038 Ἀλεξάνδρῳ
731 967 1138 1024 συνδιαβεβηκότων
1176 967 1507 1023 ἓξακιςχιλίους,
1555 973 1647 1011 τῶν

268 1026 316 1070 63
354 1026 401 1069 ἐν
434 1024 614 1094 παρόδῳ
643 1013 1020 1080 προςειλημμένων
1048 1028 1431 1080 τετρακιςχιλίους,
1471 1026 1646 1078 Πέρσας

268 1081 315 1126 δὲ
351 1080 528 1135 τοξότας
568 1081 641 1125 καὶ
681 1083 978 1151 σφενδονήτας
1005 1083 1191 1137 χιλίους,
1235 1084 1376 1132 ἱππεῖς
1406 1082 1451 1125 δὲ
1480 1085 1648 1137 χιλίους

266 1139 341 1183 καὶ
369 1140 693 1190 πεντακοσίους
752 1138 993 1209 παρελθών
1015 1138 1053 1181 δ’
1087 1140 1145 1189 είς
1175 1139 1252 1193 τὴν
1286 1141 1541 1192 Θετταλίαν,
1572 1140 1723 1183 καὶ270

185 1198 240 1242 40
269 1199 351 1240 τοῦ
380 1197 594 1250 πρωτείου
624 1195 942 1252 παραχωρήσας
974 1194 1184 1246 ἑκουσίως
1208 1194 1488 1264 Ἀντιπάτρῳ,
1518 1213 1646 1252 κοινῃ

267 1251 362 1324 μετ’
394 1252 534 1296 αὐτοῦ
563 1253 1003 1321 κατεστρατοπέδευσε
1041 1252 1160 1306 παρα
1189 1252 1268 1294 τόν
1301 1254 1488 1307 Πηνειὸν
1515 1269 1648 1296 ποτα-

265 1309 366 1366 μόν.
425 1311 468 1353 οἱ
497 1310 542 1354 63
570 1307 727 1360 πάντες
756 1309 1065 1378 ἠθροίσθησαν
1096 1309 1178 1351 σὺν
1207 1325 1298 1359 τοις
1327 1310 1432 1363 μετὰ
1453 1309 1648 1352 Λεοννά-

265 1382 349 1412 του,
371 1366 790 1436 παραγεγενημένοις
818 1367 935 1419 πεζοὶ
965 1365 1044 1421 μὲν
1072 1367 1250 1416 πλείους
1269 1383 1356 1408 των
1375 1382 1648 1422 τετρακιςμυ-

267 1424 398 1478 ρίωῚΐ(
407 1423 453 1467 ἐν
481 1428 572 1474 τοῖς
602 1422 783 1479 βαρέσιν
805 1423 969 1474 ὅπλοις,
998 1423 1171 1474 τοξόται
1191 1422 1236 1467 63
1259 1423 1333 1466 καὶ
1353 1427 1649 1494 σφενδονῆται

187 1481 242 1524 45
271 1482 511 1550 τριςχίλιοι,
537 1481 678 1530 ἱππεῖς
709 1480 755 1523 63
783 1495 919 1522 πεντα
922 1481 1131 1534 κιςχίλιοι.
1505 1510 1508 1513 ι

185 1541 239 1581 17
384 1539 437 1580 Οἱ
466 1535 511 1580 δ’
528 1535 734 1606 ’Έλληνες
770 1553 879 1579 κατα
916 1541 1079 1579 τοῦτον
1120 1535 1199 1579 τὸν
1227 1536 1386 1591 καιρόν
1417 1534 1649 1605 ἀντεστρα-

215 1621 233 1633 .·
268 1593 536 1644 τοπέδευσαν
576 1592 691 1637 πολύ
721 1598 811 1644 τοῖς
841 1592 1026 1649 πλήθεσι
1056 1592 1314 1662 λειπόμενοι.
1371 1594 1534 1637 πολλοὶ
1562 1610 1647 1648 γαρ

269 1648 416 1709 αυτ-ὦν
445 1650 517 1694 δια
546 1667 623 1701 τας
652 1651 1025 1723 προγεγενημένας
1057 1648 1286 1706 εὐημερίας
1315 1654 1649 1720 καταφρονοῦν-

184 1709 237 1753 50
266 1712 334 1758 τες
361 1710 450 1751 τῶν
482 1709 702 1761 πολεμίων
740 1708 799 1758 εἰς
836 1724 914 1758 τας
944 1709 1155 1761 πατρίδας
1184 1719 1298 1762 ησαν
1327 1705 1649 1762 ἀπεληλυθότες

237 1762 375 1818 πρὸς
423 1763 502 1819 τήν
547 1780 638 1807 των
687 1765 812 1807 ἰδίων
862 1763 1097 1821 ἐπίσκεψιν.
1171 1763 1231 1807 δι’
1272 1782 1324 1815 ας
1375 1766 1515 1814 αἰτίας
1558 1767 1649 1806 τῶν

265 1823 539 1874 στρατιωτῶν
569 1819 897 1872 ἀτακτούντων,
936 1814 1210 1871 ὑπολοίπους
1240 1826 1354 1884 είχον
1383 1820 1430 1864 έν
1460 1825 1513 1877 τῇ
1539 1836 1648 1875 παρ-

265 1880 433 1946 εμβολῇ
450 1877 612 1930 πεζούς
641 1878 719 1932 μὲν
755 1879 1011 1931 διςμυρίους
1041 1878 1113 1920 καὶ
1143 1878 1538 1948 πεντακιςχιλίους,
1582 1880 1647 1920 ἷπ-

262 1938 356 1984 πεῖς
394 1933 440 1977 63
463 1936 738 2002 τριςχιλίους
775 1951 845 1976 και
885 1935 1218 1987 πεντακοσίους,
1265 1936 1311 1978 3v
1356 1939 1423 1986 οἱς
1462 1933 1648 2005 μάλιστα

183 1993 238 2036 55
267 1992 385 2061 εἰχον
425 1989 500 2041 τὰς
513 1995 612 2061 τῆς
652 1992 775 2060 νίκης
811 1992 987 2040 ἐλπίδας
1030 1991 1101 2034 διά
1140 2007 1184 2034 τε
1223 1991 1301 2042 τοὶς
1338 1995 1427 2035 τῶν
1470 1990 1524 2034 οἷν
1529 1993 1648 2045 δρων

268 2045 425 2101 ἆρετας
453 2046 527 2090 καὶ
556 2047 629 2090 διὰ
655 2046 704 2092 τὸ
736 2047 931 2118 πεδινην
949 2046 1216 2090 ὑποκεῖσθαι
1243 2047 1404 2103 χώραν.
1450 2048 1569 2098 τέλος
1600 2048 1646 2090 63

266 2107 356 2147 τῶν
384 2104 481 2159 περὶ
508 2101 789 2156 Ἀντίπατρον
823 2102 931 2147 καθ’
962 2103 1128 2172 ἡμέραν
1156 2104 1443 2174 προαγόντων
1471 2104 1546 2155 τὰς
1574 2106 1649 2147 δυ·

266 2159 418 2214 νάμεις
456 2159 531 2203 καὶ
567 2160 938 2230 προκαλουμένων
977 2161 1036 2210 εἰς
1067 2158 1231 2216 μάχην,
1277 2160 1324 2204 τὸ
1363 2161 1442 2215 μὲν
1471 2174 1649 2215 πρωτον

264 2216 480 2274 ἀνέμενον
509 2216 615 2269 τούς
646 2215 730 2260 άπὸ
761 2221 849 2260 τῶν
878 2216 1048 2261 πόλεων
1069 2217 1530 2275 παραγενησομένους·
1562 2234 1650 2261 των

262 2386 319 2420 21.
343 2385 480 2431 ἱππεῖς]
506 2386 641 2427 ἴππους
661 2386 690 2420 F
851 2387 907 2420 22.
933 2386 1090 2431 μυρίους
1110 2397 1178 2420 om.
1203 2387 1242 2427 F,
1269 2388 1312 2420 ad
1335 2369 1646 2431 πεντακιςχιλίους

262 2433 298 2467 ἰιι
322 2444 434 2478 marg.
460 2444 632 2477 apponens
655 2446 711 2476 γρ.
736 2434 895 2476 μυρίους
1039 2445 1127 2466 mvl:
1129 2435 1349 2488 ακιςχιλίους
1372 2447 1441 2469 om.
1463 2435 1530 2468 'lx
1553 2437 1646 2477 Bas„

268 2479 431 2513 asterisco
456 2480 588 2513 notavit
610 2478 805 2522 Stephanus
951 2478 1009 2513 25
1047 2476 1067 2514 ὅ
1092 2477 1161 2523 'fl-J
1186 2476 1228 2512 'A.
1258 2481 1339 2513 Bas.
1487 2482 1544 2514 28.
1582 2482 1645 2517 καὶ

268 2537 398 2560 naa-
414 2526 687 2560 Καππαδοκίαν
711 2537 780 2559 om.
806 2526 887 2562 Bas,
1071 2524 1128 2558 29.
1178 2523 1349 2570 Εὐμένει]
1377 2524 1542 2571 Ειῖμενεῖ
1562 2529 1644 2561 Β,5ι.

267 2571 405 2615 saepius
575 2570 856 2616 μεμερισμένος]
892 2570 1135 2615 μερισάμενος
1160 2571 1207 2605 W
1377 2574 1434 2607 33
1482 2575 1645 2617 διορθω-

268 2615 442 2662 σόμενος]
471 2618 776 2662 διορθωσάμενος
803 2618 829 2651 V
979 2616 1034 2650 36.
1083 2619 1158 2650 τῶι
1183 2637 1227 2642 -——
1251 2630 1410 2663 τετράκι,
1399 2633 1444 2664 χ.
1469 2631 1537 2655 om.
1563 2621 1644 2653 Bas.

359 2674 440 2708 270.
472 2674 529 2721 39.
577 2674 643 2721 τὴν
667 2688 735 2709 om.
762 2676 792 2708 F·
965 2674 1022 2708 46.
1071 2671 1114 2708 δ’
1137 2676 1167 2708 F
1338 2675 1394 2710 5⁰.
1441 2675 1643 2719 ἐπίσκεψιν]

268 2719 397 2764 σκέψιν
422 2721 501 2754 Bas.
688 2721 745 2755 51.
791 2721 919 2755 πολλοὶ
953 2726 1028 2763 post
1058 2720 1178 2759 αἰτίας
1208 2722 1391 2758 delendum
1414 2735 1488 2759 esse
1513 2723 1645 2757 viderat

269 2766 518 2812 Wessufingius
699 2766 755 2803 58.
803 2765 1076 2813 προςκαλουμέι
1083 2780 1133 2802 ων
1158 2769 1240 2803 Bas.
