1820 3249
527 174 637 215 LlB.
667 172 774 214 xlx.
834 171 964 222 CAP.
996 174 1089 215 105.
1123 174 1216 215 106.
1445 173 1555 213 1415

966 338 1253 355 κκκκκ

186 348 303 386 κτεῖν
339 343 548 396 ἐπειρᾶτο.
607 341 896 410 Κάσσανδρος
937 343 982 385 δε
1021 357 1141 395 ορων
1174 339 1446 393 Αλεξανδρον
1477 338 1557 382 τόν

185 399 233 442 ἐκ
270 397 480 469 Ῥωξάνης
520 394 844 452 αὐξανόμενον,
891 399 964 440 καὶ
1002 397 1114 441 κατά
1151 396 1230 452 τὴν
1268 396 1556 443 Μακεδονίαν

184 453 348 526 λόγους
382 453 471 499 υπό
499 470 632 498 τινων
670 454 1001 510 διαδιδομένους
1038 454 1105 498 ότι
1134 452 1318 508 καθήκει
1347 449 1557 512 προάγειν

110 512 206 553 399’
189 528 236 555 εκ
265 516 342 568 τῆς
369 515 569 581 φυλακῆς
595 510 674 554 τὸν
701 514 838 554 παῖδα
880 511 953 555 καὶ
980 510 1060 566 τήν
1097 509 1306 567 πατρῴαν
1333 509 1557 580 βασιλείαν
1589 511 1639 551 15

184 566 503 624 παραδιδόναι,
534 569 748 636 φοβηθεις
775 567 884 623 υπὲρ
919 568 1078 612 ἑαυτοῦ
1089 555 1334 636 προςέταξε
1364 566 1560 609 Γλαυκία

183 629 245 680 τῷ
275 622 559 696 προεστηκότι
596 628 673 680 τῆς
707 641 786 668 του
816 623 974 675 παιδός
1013 628 1214 695 φυλακῆς
1250 622 1331 678 τήν
1359 639 1446 690 μεν
1462 610 1559 664 Ῥω-

184 669 320 745 ξάνην
345 683 418 726 καὶ
454 682 532 725 τὸν
565 659 744 736 βασιλέα
782 680 1057 737 κατασφάξαι
1092 681 1165 724 καὶ
1194 679 1362 749 κρύψαι
1400 677 1452 722 τὰ
1482 677 1559 721 σώ-

183 737 406 806 ματα,τὸ
449 738 496 781 δὲ
541 737 721 808 γεγονὸς
761 739 914 808 μηδενὶ
955 741 1043 781 τῶν
1091 736 1236 781 άλλων
1287 734 1555 790 ἀπαγγεῖλαι.

179 794 444 850 ποιήσαντος
473 793 514 838 δ’
555 793 692 838 αὐτοῦ
729 794 777 839 τό
816 794 1108 850 προςταχθέν,
1140 796 1183 837 οἱ
1221 793 1319 846 περὶ
1356 792 1555 834 Κάσσαν-
1585 792 1638 830 20

181 853 294 921 δρον
331 853 405 895 καὶ
433 852 687 922 Λυσίμαχον
725 852 798 895 καὶ
828 856 1104 906 Πτολεμαῖον
1140 851 1200 894 ἔτι
1242 847 1282 893 δ’
1312 847 1558 917 Ἀντίγονον

181 906 490 981 ἀπηλλάγησαν
517 912 605 951 τῶν
633 907 719 952 άπὸ
742 912 823 952 τοῦ
844 907 1050 979 βασιλέως
1079 906 1388 975 προςδοκωμέν
1391 922 1452 948 ων
1479 903 1558 959 φό-

181 967 290 1036 βων.
344 964 492 1008 οὐκέτι
530 964 614 1020 γὰρ
652 964 782 1016 ὄντος
812 964 994 1016 οὐδενὸς
1030 968 1112 1008 τοῦ
1142 962 1449 1017 διαδεξομένου
1477 977 1558 1029 την

179 1019 331 1077 άρχην,
350 1021 402 1064 zo*
431 1021 587 1065 λοιπὸν
615 1021 795 1072 ε’καστος
823 1027 912 1065 τῶν
941 1020 1227 1076 κρατούντων
1255 1021 1401 1062 ἐθνῶν
1417 1019 1457 1086 ἢ
1478 1016 1557 1060 πό-

176 1082 290 1137 λεων
323 1076 550 1148 βασιλικάς
590 1075 700 1132 εἶχεν
732 1078 924 1129 ἕλ’πιδας,
965 1079 1039 1122 καὶ
1068 1095 1148 1133 την
1186 1075 1270 1132 υφ’
1302 1075 1458 1120 ἑαυτὸν
1487 1077 1556 1117 τε·
1586 1069 1640 1110 25

173 1131 392 1205 ταγμένην
402 1134 584 1204 ³=7465912w
597 1140 709 1190 εῖχεν
739 1136 893 1185 ωςανεί
914 1151 1012 1177 τινα
1035 1136 1258 1203 βασιλείαν
1270 1135 1554 1201 δορίκτητον

175 1189 229 1234 τα
258 1191 349 1263 μὲν
365 1193 446 1235 οὐν
475 1206 585 1233 κατα
625 1191 704 1246 τὴν
733 1188 881 1233 Ἀσίαν
915 1207 989 1234 και
1023 1190 1106 1247 τήν
1143 1188 1370 1244 Εὐρώπην
1399 1190 1472 1232 καὶ
1501 1204 1554 1230 τα

174 1248 273 1302 περὶ
292 1247 382 1319 τὴν
403 1245 588 1290 Ελλάδα
615 1247 688 1291 καὶ
720 1250 1027 1291 Μακεδονίαν
1046 1248 1093 1291 ἐν
1121 1246 1294 1297 τούτοις
1320 1254 1387 1301 ην.
1445 1243 1554 1288 κατά

175 1303 222 1347 δὲ
250 1320 331 1374 την
355 1302 541 1347 Ἰταλίαν
557 1302 763 1360 Ῥωμαῖοι
794 1302 1039 1359 δυνάμεσιν
1062 1296 1218 1359 αδραῖς
1247 1306 1388 1355 πεζῶν
1416 1318 1460 1344 τε
1483 1301 1556 1343 καὶ
1586 1296 1639 1335 30

175 1360 343 1417 ἱππέων
378 1359 666 1429 ἐστράτευσαν
708 1361 777 1404 ἐπὶ
815 1363 1069 1414 Πολλίτιον,
1107 1361 1453 1427 Μαρρουκίνων
1481 1374 1556 1405 ου-

176 1415 261 1461 σαν
291 1418 432 1462 πόλιν.
491 1415 743 1460 ἀπέστειλαν
776 1417 822 1461 δὲ
858 1418 933 1461 καὶ
968 1421 1060 1461 τῶν
1096 1421 1288 1460 πολιτῶν
1327 1417 1388 1467 εἰς
1425 1413 1556 1463 άποι-

174 1476 290 1526 κίαν,
319 1474 392 1517 καὶ
422 1471 670 1517 κατοίκισαν
690 1489 770 1529 την
799 1475 1239 1543 προςαγορευομένην
1265 1472 1553 1526 Ἰντέραμναν.
1584 1499 1667 1538 104.

197 1567 205 1573 ..
287 1529 413 1573 Κατὰ
451 1530 496 1573 δὲ
524 1530 603 1587 τὴν
632 1532 838 1573 Σικελίαν
871 1530 938 1573 ἀεὶ
967 1535 1133 1601 μαλλον
1163 1529 1406 1583 αὐξομένου
1432 1527 1555 1582 Ἀγα-
1584 1557 1638 1597 35

173 1588 386 1639 θοκλέους
424 1587 499 1630 καὶ
537 1588 743 1643 δυνάμεις
756 1586 1011 1656 ἁδροτέρας
1049 1586 1356 1640 ἀθροίζοντος,
1384 1584 1554 1654 ’Καρχη-

174 1638 318 1688 δόνιοι
353 1644 689 1700 πυνθανόμενοι
717 1642 795 1687 τόν
826 1644 1048 1699 δυνάστην
1075 1641 1455 1715 συσκευαζόμενον
1478 1657 1555 1693 τας

172 1699 221 1744 ἐν
249 1705 302 1771 τῇ
330 1702 449 1759 νήσῳ
469 1685 651 1752 πόλεις,
689 1705 784 1751 ταῖς
814 1701 859 1744 δὲ
902 1696 1138 1762 δυνάμεσιν
1166 1699 1435 1770 υπερὲχοντα
1462 1700 1553 1740 τῶν

172 1757 409 1814 σφετέρων
423 1763 697 1827 στρατηγῶν,
728 1758 883 1810 ἔδοξαν
913 1757 1215 1827 ἐνεργέστερον
1245 1756 1446 1808 ἅψασθαι
1473 1756 1554 1797 τοῦ
1579 1753 1584 1761 “

171 1815 379 1884 πολέμου.
438 1813 575 1865 εύθυς
606 1817 688 1857 οὐν
716 1814 918 1883 τριήρεις
935 1815 1015 1868 μὲν
1044 1814 1322 1882 κατήρτυσαν
1351 1812 1553 1866 τριάκον-
1581 1808 1636 1851 40

173 1886 226 1913 τα
254 1869 372 1943 πρὸς
384 1874 484 1921 ταῖς
514 1870 681 1922 ἑκατόν,
706 1870 949 1926 στρατηγόν
979 1870 1025 1915 δε
1054 1869 1440 1939 προχειρισάμενοι
1464 1871 1552 1911 τῶν

174 1925 281 1980 παρ’
313 1924 467 1977 αὐτοῖς
497 1925 855 1981 ἐπιφανεστάτων
883 1927 1086 1982 Ἀμίλκαν
1116 1927 1284 1976 ε’δωκαν
1312 1925 1434 1984 αὐτῷ
1464 1928 1553 1966 τῶν

173 1999 251 2038 μεν
280 1987 516 2027 πολιτικῶν
545 1988 821 2040 στρατιωτῶν
851 1986 1106 2053 διςχιλίους,
1139 1983 1186 2027 ἐν
1217 1981 1283 2034 οἷς
1311 1984 1423 2051 ησαν
1451 1984 1553 2023 πολ-

171 2039 242 2082 λοὶ
269 2039 343 2082 καὶ
370 2044 457 2082 τῶν
485 2039 724 2094 ἐπιφανῶν,
745 2044 833 2083 τῶν
863 2041 906 2083 δ’
936 2039 1024 2084 α’πό
1054 2044 1130 2095 τῆς
1158 2039 1322 2096 Λιβύης
1351 2041 1466 2094 μυοί-
1460 2053 1548 2092 ως,

171 2095 220 2158 εκ
258 2096 305 2140 δὲ
341 2099 417 2152 τῆς
449 2097 697 2170 Τυρῤηνίας
735 2092 1045 2153 μισθοφόρους
1101 2097 1237 2148 ιλίους
1271 2097 1346 2140 καὶ
1369 2096 1547 2148 ζευγίπ
1580 2092 1634 2134 45

170 2151 257 2205 πας
285 2154 562 2206 διακοσίους,
601 2153 663 2198 ετι
700 2154 749 2198 δὲ
777 2154 1001 2211 Βαλιάρας
1069 2152 1368 2210 ‹psvffomffwgv
1377 2153 1551 2208 χὶλίόυς,

20 0 27 144 ῐ

21 150 26 219 Ξ

20 235 25 439 ἰ
189 297 289 348 στος
328 284 475 330 αὐτῶν
516 283 758 340 προφάσεις
806 282 1016 340 εὐλόγους
1055 281 1337 339 ποριζόμενος
1384 284 1553 326 πλεονε·
1586 288 1636 327 10

20 441 23 494 ἔ

18 547 24 695 ἒ

18 732 23 783 Ι

18 820 22 844 1

170 2298 230 2336 12.
250 2296 428 2356 Ρωξάνης
449 2296 731 2346 αὐξανόμενον]
760 2301 921 2348 ῥοξοῖνης
944 2299 1150 2351 αυξόμενον
1173 2302 1204 2336 F
1389 2298 1445 2334 13.
1462 2299 1550 2333 δια-

171 2345 404 2391 διδομένους]
428 2347 647 2390 διδομένους
676 2349 758 2382 Bas.
1474 2376 1479 2379 .

261 2391 341 2426 399.
388 2392 443 2429 15.
474 2393 751 2450 παραδιδόναι]
783 2395 1022 2450 παραδοῦναι
1052 2394 1084 2427 Υ
1118 2394 1201 2427 Bas.
1385 2389 1545 2432 {witz-¹013]

170 2435 293 2473 αὐτου
315 2439 398 2472 Bas.
578 2441 634 2476 19.
667 2438 896 2484 ἀπαγγεῖλαι]
919 2453 1054 2483 vna-we
1047 2443 1133 2474 ἶλαι
1156 2441 1238 2473 Bm.
1402 2438 1458 2471 2⁰.
1484 2437 1545 2471 καὶ

172 2485 380 2538 Λυσίμαχον
403 2484 466 2519 καὶ
492 2487 606 2522 Πτολε
608 2490 744 2531 μαῖον]
769 2487 830 2521 καὶ
854 2490 1078 2530 πτολεμαιον
1101 2485 1162 2520 καὶ
1187 2484 1400 2530 λυσίμαχον
1410 2484 1440 2515 1

170 2529 228 2563 22.
254 2526 340 2573 ἀπὸ]
362 2530 442 2563 libri
461 2527 534 2577 υπᾷ
642 2534 700 2567 25.
727 2531 842 2578 εἶχεν]
875 2544 972 2576 ειχον
996 2533 1079 2566 Bas.
1180 2532 1237 2565 30.
1270 2543 1307 2564 τε
1331 2541 1398 2562 om.
1424 2527 1455 2560 F

167 2575 384 2618 Ἡολλίτιον]
412 2578 590 2612 Πολίτιον
613 2578 690 2612 FW
817 2579 874 2612 31.
899 2577 1194 2621 ῘνῙαῤῥουκίνων]
1218 2572 1476 2620 Μαρουκινέὖν
1498 2571 1545 2606 ’Ν

351 2620 408 2655 33.
437 2620 693 2672 Ἰντέραμναν]
716 2623 945 2668 Ἰντέραμνον
976 2624 1038 2657 Fv
1229 2621 1286 2656 38
1318 2620 1541 2663 croam-scm]

172 2668 406 2710 στρατιωτῶν
429 2668 529 2711 QTY
553 2661 634 2703 Bds.
658 2676 691 2704 et
712 2684 765 2716 γρ.
789 2682 913 2715 margo
936 2672 966 2704 F
1128 2668 1187 2703 39.
1213 2663 1302 2712 οὖν]
1328 2681 1367 2711 μ
1361 2680 1395 2700 ν
1421 2678 1487 2700 ουν
1512 2665 1542 2697 F

352 2712 408 2747 40.
442 2713 695 2760 κατήρτυσαν]
713 2717 950 2761 κατήρτησαν
974 2716 1034 2750 Fv
1059 2715 1142 2748 Bas.
1324 2714 1380 2748 41.
1405 2709 1446 2747 δὲ
1471 2722 1539 2748 0111·

170 2759 201 2792 F
380 2758 438 2798 44·
469 2761 535 2803 τῆς
567 2761 708 2816 Λιβύης
735 2764 917 2811 μυρίους]
952 2759 1082 2834 λιβύης
1104 2760 1247 2806 μυρίων
1271 2759 1310 2819 F
1467 2754 1541 2807 “¹45-

170 2803 385 2851 ζευγίππας]
409 2806 570 2851 ζευγίταις
592 2807 753 2844 Reiskius
1367 2810 1372 2820 ¹
