<?xml version="1.0" encoding="UTF-8"?>
<!DOCTYPE html PUBLIC "-//W3C//DTD XHTML 1.0 Transitional//EN"
    "http://www.w3.org/TR/xhtml1/DTD/xhtml1-transitional.dtd">
<html xmlns="http://www.w3.org/1999/xhtml" xml:lang="en" lang="en">
 <head>
  <title>
</title>
<meta http-equiv="Content-Type" content="text/html;charset=utf-8" />
  <meta name='ocr-system' content='tesseract 3.04.00' />
  <meta name='ocr-capabilities' content='ocr_page ocr_carea ocr_par ocr_line ocrx_word'/>
</head>
<body>
  <div class='ocr_page' id='page_1' title='image "./p1bibliothecahisto02dioduoft_0501.png"; bbox 0 0 1820 3249; ppageno 0'>
   <div class='ocr_carea' id='block_1_1' title="bbox 0 782 3 924">
    <p class='ocr_par' dir='ltr' id='par_1_1' title="bbox 0 782 3 924">
     <span class='ocr_line' id='line_1_1' title="bbox 0 782 3 829; baseline 0 0"><span class='ocrx_word' id='word_1_1' title='bbox 0 782 3 829; x_wconf 73' lang='lat'><em>2</em></span> 
     </span>
     <span class='ocr_line' id='line_1_2' title="bbox 0 865 2 924; baseline 0 0"><span class='ocrx_word' id='word_1_2' title='bbox 0 865 2 924; x_wconf 55' lang='grc' dir='ltr'><em>ζ</em></span> 
     </span>
    </p>
   </div>
   <div class='ocr_carea' id='block_1_2' title="bbox 538 137 1553 192">
    <p class='ocr_par' dir='ltr' id='par_1_2' title="bbox 538 137 1553 192">
     <span class='ocr_line' id='line_1_3' title="bbox 538 137 1553 192; baseline 0.002 -2"><span class='ocrx_word' id='word_1_3' title='bbox 538 137 1181 192; x_wconf 72' lang='lat' dir='ltr'><strong>L1B.x1x.0A1².74.75.</strong></span> <span class='ocrx_word' id='word_1_4' title='bbox 1440 151 1553 192; x_wconf 67' lang='lat'>1415</span> 
     </span>
    </p>
   </div>
   <div class='ocr_carea' id='block_1_3' title="bbox 174 255 1632 896">
    <p class='ocr_par' dir='ltr' id='par_1_3' title="bbox 174 255 1632 882">
     <span class='ocr_line' id='line_1_4' title="bbox 177 255 1553 332; baseline -0.001 -28"><span class='ocrx_word' id='word_1_5' title='bbox 177 263 261 305; x_wconf 83' lang='grc' dir='ltr'><strong><em>δον</em></strong></span> <span class='ocrx_word' id='word_1_6' title='bbox 290 263 484 332; x_wconf 85' lang='grc' dir='ltr'><strong><em>συνῆψεν</em></strong></span> <span class='ocrx_word' id='word_1_7' title='bbox 513 260 574 310; x_wconf 84' lang='grc' dir='ltr'><strong><em>εἰς</em></strong></span> <span class='ocrx_word' id='word_1_8' title='bbox 601 263 777 329; x_wconf 84' lang='grc' dir='ltr'><strong><em>χεῖρας,</em></strong></span> <span class='ocrx_word' id='word_1_9' title='bbox 810 259 884 302; x_wconf 86' lang='grc' dir='ltr'><strong><em>καὶ</em></strong></span> <span class='ocrx_word' id='word_1_10' title='bbox 913 258 1101 310; x_wconf 78' lang='grc' dir='ltr'><strong><em>πολλοὺς</em></strong></span> <span class='ocrx_word' id='word_1_11' title='bbox 1129 258 1207 314; x_wconf 78' lang='grc' dir='ltr'><strong><em>μὲν</em></strong></span> <span class='ocrx_word' id='word_1_12' title='bbox 1235 257 1425 311; x_wconf 81' lang='grc' dir='ltr'><strong><em>ἀνεῖλεν,</em></strong></span> <span class='ocrx_word' id='word_1_13' title='bbox 1469 255 1553 302; x_wconf 80' lang='grc' dir='ltr'><strong><em>οὐκ</em></strong></span> 
     </span>
     <span class='ocr_line' id='line_1_5' title="bbox 178 312 1552 385; baseline -0.001 -25"><span class='ocrx_word' id='word_1_14' title='bbox 178 316 353 373; x_wconf 81' lang='grc' dir='ltr'><strong><em>ὀλίγους</em></strong></span> <span class='ocrx_word' id='word_1_15' title='bbox 385 316 435 360; x_wconf 85' lang='grc' dir='ltr'><strong><em>δ’</em></strong></span> <span class='ocrx_word' id='word_1_16' title='bbox 464 314 730 385; x_wconf 73' lang='grc' dir='ltr'><strong><em>ἐζώγρησεν,</em></strong></span> <span class='ocrx_word' id='word_1_17' title='bbox 759 315 808 358; x_wconf 84' lang='grc' dir='ltr'><strong><em>έν</em></strong></span> <span class='ocrx_word' id='word_1_18' title='bbox 839 312 903 366; x_wconf 84' lang='grc' dir='ltr'><strong><em>οἷς</em></strong></span> <span class='ocrx_word' id='word_1_19' title='bbox 924 316 1190 383; x_wconf 83' lang='grc' dir='ltr'><strong><em>συνέβαινεν</em></strong></span> <span class='ocrx_word' id='word_1_20' title='bbox 1220 312 1333 358; x_wconf 83' lang='grc' dir='ltr'><strong><em>εἶναι</em></strong></span> <span class='ocrx_word' id='word_1_21' title='bbox 1359 315 1433 358; x_wconf 88' lang='grc' dir='ltr'><strong><em>καὶ</em></strong></span> <span class='ocrx_word' id='word_1_22' title='bbox 1461 319 1552 358; x_wconf 75' lang='grc' dir='ltr'><strong><em>τῶν</em></strong></span> 
     </span>
     <span class='ocr_line' id='line_1_6' title="bbox 178 370 1550 442; baseline -0.001 -26"><span class='ocrx_word' id='word_1_23' title='bbox 178 375 329 417; x_wconf 88' lang='grc' dir='ltr'><strong><em>αἰτίων</em></strong></span> <span class='ocrx_word' id='word_1_24' title='bbox 358 377 432 430; x_wconf 85' lang='grc' dir='ltr'><strong><em>τῆς</em></strong></span> <span class='ocrx_word' id='word_1_25' title='bbox 458 376 540 416; x_wconf 86' lang='grc' dir='ltr'><strong><em>τοῦ</em></strong></span> <span class='ocrx_word' id='word_1_26' title='bbox 570 371 787 442; x_wconf 85' lang='grc' dir='ltr'><strong><em>βασιλέως</em></strong></span> <span class='ocrx_word' id='word_1_27' title='bbox 817 371 1019 415; x_wconf 79' lang='grc' dir='ltr'><strong><em>καθόδου</em></strong></span> <span class='ocrx_word' id='word_1_28' title='bbox 1049 373 1146 425; x_wconf 88' lang='grc' dir='ltr'><strong><em>περὶ</em></strong></span> <span class='ocrx_word' id='word_1_29' title='bbox 1176 372 1443 426; x_wconf 87' lang='grc' dir='ltr'><strong><em>πεντήκοντα</em></strong></span> <span class='ocrx_word' id='word_1_30' title='bbox 1471 370 1550 415; x_wconf 81' lang='grc' dir='ltr'><strong><em>τὸν</em></strong></span> 
     </span>
     <span class='ocr_line' id='line_1_7' title="bbox 177 427 1632 485; baseline -0.003 -12"><span class='ocrx_word' id='word_1_31' title='bbox 177 427 395 485; x_wconf 84' lang='grc' dir='ltr'><strong><em>ἀριθμόν,</em></strong></span> <span class='ocrx_word' id='word_1_32' title='bbox 439 428 519 480; x_wconf 89' lang='grc' dir='ltr'><strong><em>οὑς</em></strong></span> <span class='ocrx_word' id='word_1_33' title='bbox 548 430 681 484; x_wconf 83' lang='grc' dir='ltr'><strong><em>δήσας</em></strong></span> <span class='ocrx_word' id='word_1_34' title='bbox 709 427 925 471; x_wconf 82' lang='grc' dir='ltr'><strong><em>ἀπέστειλε</em></strong></span> <span class='ocrx_word' id='word_1_35' title='bbox 954 428 1066 482; x_wconf 83' lang='grc' dir='ltr'><strong><em>πρός</em></strong></span> <span class='ocrx_word' id='word_1_36' title='bbox 1097 429 1401 482; x_wconf 74' lang='grc' dir='ltr'><strong><em>Κάσσανδρον.</em></strong></span> <span class='ocrx_word' id='word_1_37' title='bbox 1459 444 1549 471; x_wconf 92' lang='grc' dir='ltr'><strong><em>των</em></strong></span> <span class='ocrx_word' id='word_1_38' title='bbox 1576 427 1632 468; x_wconf 91' lang='grc'><strong><em>90</em></strong></span> 
     </span>
     <span class='ocr_line' id='line_1_8' title="bbox 177 483 1550 555; baseline -0.002 -25"><span class='ocrx_word' id='word_1_39' title='bbox 177 488 224 530; x_wconf 81' lang='grc' dir='ltr'><strong><em>δὲ</em></strong></span> <span class='ocrx_word' id='word_1_40' title='bbox 262 486 362 541; x_wconf 80' lang='grc' dir='ltr'><strong><em>περὶ</em></strong></span> <span class='ocrx_word' id='word_1_41' title='bbox 401 485 480 529; x_wconf 85' lang='grc' dir='ltr'><strong><em>τὸν</em></strong></span> <span class='ocrx_word' id='word_1_42' title='bbox 518 487 732 554; x_wconf 79' lang='grc' dir='ltr'><strong><em>Αἰακίδην</em></strong></span> <span class='ocrx_word' id='word_1_43' title='bbox 768 483 1096 540; x_wconf 82' lang='grc' dir='ltr'><strong><em>ἀθροισθέντων</em></strong></span> <span class='ocrx_word' id='word_1_44' title='bbox 1125 486 1170 529; x_wconf 79' lang='grc' dir='ltr'><strong><em>ἐκ</em></strong></span> <span class='ocrx_word' id='word_1_45' title='bbox 1201 489 1275 553; x_wconf 80' lang='grc' dir='ltr'><strong><em>τῆς</em></strong></span> <span class='ocrx_word' id='word_1_46' title='bbox 1289 487 1447 555; x_wconf 86' lang='grc' dir='ltr'><strong><em>φυγῆς</em></strong></span> <span class='ocrx_word' id='word_1_47' title='bbox 1474 484 1550 527; x_wconf 84' lang='grc' dir='ltr'><strong><em>καὶ</em></strong></span> 
     </span>
     <span class='ocr_line' id='line_1_9' title="bbox 174 540 1549 611; baseline -0.001 -25"><span class='ocrx_word' id='word_1_48' title='bbox 174 548 269 594; x_wconf 87' lang='grc' dir='ltr'><strong><em>τοῖς</em></strong></span> <span class='ocrx_word' id='word_1_49' title='bbox 297 544 507 593; x_wconf 78' lang='grc' dir='ltr'><strong><em>Αἰτωλοῖς</em></strong></span> <span class='ocrx_word' id='word_1_50' title='bbox 537 541 864 611; x_wconf 83' lang='grc' dir='ltr'><strong><em>συμμιξάντων,</em></strong></span> <span class='ocrx_word' id='word_1_51' title='bbox 895 542 1027 584; x_wconf 88' lang='grc' dir='ltr'><strong><em>πάλιν</em></strong></span> <span class='ocrx_word' id='word_1_52' title='bbox 1051 541 1249 585; x_wconf 77' lang='grc' dir='ltr'><strong><em>ἐπελθών</em></strong></span> <span class='ocrx_word' id='word_1_53' title='bbox 1278 540 1301 585; x_wconf 96' lang='lat'><strong><em>6</em></strong></span> <span class='ocrx_word' id='word_1_54' title='bbox 1335 543 1549 592; x_wconf 88' lang='grc' dir='ltr'><strong><em>Φίλιππος</em></strong></span> 
     </span>
     <span class='ocr_line' id='line_1_10' title="bbox 175 595 1548 656; baseline -0.001 -14"><span class='ocrx_word' id='word_1_55' title='bbox 175 599 290 656; x_wconf 82' lang='grc' dir='ltr'><strong><em>μάχῃ</em></strong></span> <span class='ocrx_word' id='word_1_56' title='bbox 321 597 523 654; x_wconf 83' lang='grc' dir='ltr'><strong><em>ἐκράτησε</em></strong></span> <span class='ocrx_word' id='word_1_57' title='bbox 551 599 627 643; x_wconf 84' lang='grc' dir='ltr'><strong><em>καὶ</em></strong></span> <span class='ocrx_word' id='word_1_58' title='bbox 652 598 842 649; x_wconf 88' lang='grc' dir='ltr'><strong><em>πολλους</em></strong></span> <span class='ocrx_word' id='word_1_59' title='bbox 871 597 1055 649; x_wconf 81' lang='grc' dir='ltr'><strong><em>ἀνεῖλεν,</em></strong></span> <span class='ocrx_word' id='word_1_60' title='bbox 1083 599 1129 642; x_wconf 81' lang='grc' dir='ltr'><strong><em>ἐν</em></strong></span> <span class='ocrx_word' id='word_1_61' title='bbox 1161 595 1227 649; x_wconf 83' lang='grc' dir='ltr'><strong><em>οἷς</em></strong></span> <span class='ocrx_word' id='word_1_62' title='bbox 1255 599 1312 654; x_wconf 87' lang='grc' dir='ltr'><strong><em>ήν</em></strong></span> <span class='ocrx_word' id='word_1_63' title='bbox 1340 598 1414 641; x_wconf 88' lang='grc' dir='ltr'><strong><em>καὶ</em></strong></span> <span class='ocrx_word' id='word_1_64' title='bbox 1442 599 1548 641; x_wconf 86' lang='grc' dir='ltr'><strong><em>Αἰα-</em></strong></span> 
     </span>
     <span class='ocr_line' id='line_1_11' title="bbox 175 650 1632 725; baseline -0.002 -27"><span class='ocrx_word' id='word_1_65' title='bbox 175 658 298 712; x_wconf 82' lang='grc' dir='ltr'><strong><em>κίδης</em></strong></span> <span class='ocrx_word' id='word_1_66' title='bbox 328 655 352 699; x_wconf 93' lang='grc' dir='ltr'>ὁ</span> <span class='ocrx_word' id='word_1_67' title='bbox 383 655 602 711; x_wconf 83' lang='grc' dir='ltr'><strong><em>βασιλεύς.</em></strong></span> <span class='ocrx_word' id='word_1_68' title='bbox 645 656 693 699; x_wconf 83' lang='grc' dir='ltr'><strong><em>έν</em></strong></span> <span class='ocrx_word' id='word_1_69' title='bbox 713 653 878 710; x_wconf 79' lang='grc' dir='ltr'><strong><em>ὀλίγαις</em></strong></span> <span class='ocrx_word' id='word_1_70' title='bbox 908 654 953 700; x_wconf 84' lang='grc' dir='ltr'><strong><em>δ’</em></strong></span> <span class='ocrx_word' id='word_1_71' title='bbox 973 654 1156 725; x_wconf 75' lang='grc' dir='ltr'><strong><em>ἡμέραις</em></strong></span> <span class='ocrx_word' id='word_1_72' title='bbox 1172 658 1409 710; x_wconf 83' lang='grc' dir='ltr'><strong><em>τηλικαῦτα</em></strong></span> <span class='ocrx_word' id='word_1_73' title='bbox 1427 654 1548 725; x_wconf 92' lang='grc' dir='ltr'><strong><em>ποιή-</em></strong></span> <span class='ocrx_word' id='word_1_74' title='bbox 1577 650 1632 694; x_wconf 87' lang='grc'><strong><em>95</em></strong></span> 
     </span>
     <span class='ocr_line' id='line_1_12' title="bbox 177 710 1552 782; baseline -0.001 -27"><span class='ocrx_word' id='word_1_75' title='bbox 177 725 255 762; x_wconf 86' lang='grc' dir='ltr'><strong><em>σας</em></strong></span> <span class='ocrx_word' id='word_1_76' title='bbox 288 712 601 782; x_wconf 79' lang='grc' dir='ltr'><strong><em>προτερήματα</em></strong></span> <span class='ocrx_word' id='word_1_77' title='bbox 623 711 914 767; x_wconf 80' lang='grc' dir='ltr'><strong><em>κατεπλήξατο</em></strong></span> <span class='ocrx_word' id='word_1_78' title='bbox 943 711 1133 763; x_wconf 74' lang='grc' dir='ltr'><strong><em>πολλοὺς</em></strong></span> <span class='ocrx_word' id='word_1_79' title='bbox 1151 715 1239 754; x_wconf 79' lang='grc' dir='ltr'><strong><em>τῶν</em></strong></span> <span class='ocrx_word' id='word_1_80' title='bbox 1256 711 1500 754; x_wconf 60' lang='lat' dir='ltr'><strong>Alma-621⁹</strong></span> <span class='ocrx_word' id='word_1_81' title='bbox 1483 710 1552 754; x_wconf 84' lang='grc' dir='ltr'><strong><em>επὶ</em></strong></span> 
     </span>
     <span class='ocr_line' id='line_1_13' title="bbox 174 767 1552 839; baseline -0.001 -28"><span class='ocrx_word' id='word_1_82' title='bbox 174 772 391 812; x_wconf 88' lang='grc' dir='ltr'><strong><em>τοσοῦτον</em></strong></span> <span class='ocrx_word' id='word_1_83' title='bbox 420 767 524 820; x_wconf 85' lang='grc' dir='ltr'><strong><em>ὡςτε</em></strong></span> <span class='ocrx_word' id='word_1_84' title='bbox 552 768 629 820; x_wconf 79' lang='grc' dir='ltr'><strong><em>τὰς</em></strong></span> <span class='ocrx_word' id='word_1_85' title='bbox 655 768 910 839; x_wconf 82' lang='grc' dir='ltr'><strong><em>ἀνωχύρους</em></strong></span> <span class='ocrx_word' id='word_1_86' title='bbox 938 768 1085 820; x_wconf 86' lang='grc' dir='ltr'><strong><em>πόλεις</em></strong></span> <span class='ocrx_word' id='word_1_87' title='bbox 1113 767 1313 818; x_wconf 80' lang='grc' dir='ltr'><strong><em>ἐκλιπεῖν,</em></strong></span> <span class='ocrx_word' id='word_1_88' title='bbox 1335 768 1395 818; x_wconf 83' lang='grc' dir='ltr'><strong><em>εἰς</em></strong></span> <span class='ocrx_word' id='word_1_89' title='bbox 1425 767 1471 811; x_wconf 81' lang='grc' dir='ltr'><strong><em>δὲ</em></strong></span> <span class='ocrx_word' id='word_1_90' title='bbox 1499 767 1552 810; x_wconf 82' lang='grc' dir='ltr'><strong><em>τὰ</em></strong></span> 
     </span>
     <span class='ocr_line' id='line_1_14' title="bbox 177 823 1553 896; baseline -0.001 -28"><span class='ocrx_word' id='word_1_91' title='bbox 177 823 485 882; x_wconf 73' lang='grc' dir='ltr'><strong><em>δυςβατέότατα</em></strong></span> <span class='ocrx_word' id='word_1_92' title='bbox 530 842 621 868; x_wconf 89' lang='grc' dir='ltr'><strong><em>των</em></strong></span> <span class='ocrx_word' id='word_1_93' title='bbox 657 825 777 880; x_wconf 79' lang='grc' dir='ltr'><strong><em>ὀρῶν</em></strong></span> <span class='ocrx_word' id='word_1_94' title='bbox 832 831 1078 896; x_wconf 82' lang='grc' dir='ltr'><strong><em>συμφυγεῖν</em></strong></span> <span class='ocrx_word' id='word_1_95' title='bbox 1118 823 1222 882; x_wconf 78' lang='grc' dir='ltr'><strong><em>μετά</em></strong></span> <span class='ocrx_word' id='word_1_96' title='bbox 1275 823 1442 867; x_wconf 86' lang='grc' dir='ltr'><strong><em>τέκνων</em></strong></span> <span class='ocrx_word' id='word_1_97' title='bbox 1478 824 1553 867; x_wconf 89' lang='grc' dir='ltr'><strong><em>καὶ</em></strong></span> 
     </span>
    </p>
   </div>
   <div class='ocr_carea' id='block_1_4' title="bbox 97 880 1550 952">
    <p class='ocr_par' dir='ltr' id='par_1_4' title="bbox 97 880 1550 952">
     <span class='ocr_line' id='line_1_15' title="bbox 97 880 1550 952; baseline -0.001 -28"><span class='ocrx_word' id='word_1_98' title='bbox 97 889 166 924; x_wconf 88' lang='grc'><strong><em>377</em></strong></span> <span class='ocrx_word' id='word_1_99' title='bbox 177 885 416 952; x_wconf 76' lang='grc' dir='ltr'><strong><em>γυναικών.</em></strong></span> <span class='ocrx_word' id='word_1_100' title='bbox 446 882 520 925; x_wconf 84' lang='grc' dir='ltr'><strong><em>καὶ</em></strong></span> <span class='ocrx_word' id='word_1_101' title='bbox 550 882 602 925; x_wconf 76' lang='grc' dir='ltr'><strong><em>τά</em></strong></span> <span class='ocrx_word' id='word_1_102' title='bbox 621 899 700 938; x_wconf 90' lang='grc' dir='ltr'><strong><em>μεν</em></strong></span> <span class='ocrx_word' id='word_1_103' title='bbox 721 882 820 937; x_wconf 85' lang='grc' dir='ltr'><strong><em>περὶ</em></strong></span> <span class='ocrx_word' id='word_1_104' title='bbox 840 884 919 940; x_wconf 79' lang='grc' dir='ltr'><strong><em>τὴν</em></strong></span> <span class='ocrx_word' id='word_1_105' title='bbox 932 880 1117 926; x_wconf 81' lang='grc' dir='ltr'><strong><em>Ελλάδα</em></strong></span> <span class='ocrx_word' id='word_1_106' title='bbox 1136 880 1385 938; x_wconf 82' lang='grc' dir='ltr'><strong><em>πραχθέντα</em></strong></span> <span class='ocrx_word' id='word_1_107' title='bbox 1403 884 1550 924; x_wconf 84' lang='grc' dir='ltr'><strong><em>τοιοῦ-</em></strong></span> 
     </span>
    </p>
   </div>
   <div class='ocr_carea' id='block_1_5' title="bbox 173 933 1661 2127">
    <p class='ocr_par' dir='ltr' id='par_1_5' title="bbox 173 933 1661 2127">
     <span class='ocr_line' id='line_1_16' title="bbox 173 933 1661 994; baseline -0.001 -12"><span class='ocrx_word' id='word_1_108' title='bbox 173 955 253 982; x_wconf 91' lang='grc' dir='ltr'><strong><em>τον</em></strong></span> <span class='ocrx_word' id='word_1_109' title='bbox 281 938 374 994; x_wconf 86' lang='grc' dir='ltr'><strong><em>ε’σχε</em></strong></span> <span class='ocrx_word' id='word_1_110' title='bbox 402 937 452 982; x_wconf 88' lang='grc' dir='ltr'><strong><em>τὸ</em></strong></span> <span class='ocrx_word' id='word_1_111' title='bbox 484 937 618 990; x_wconf 84' lang='grc' dir='ltr'><strong><em>τέλος.</em></strong></span> <span class='ocrx_word' id='word_1_112' title='bbox 1581 933 1661 973; x_wconf 89' lang='grc'><strong><em>100</em></strong></span> 
     </span>
     <span class='ocr_line' id='line_1_17' title="bbox 287 988 1634 1064; baseline -0.003 -26"><span class='ocrx_word' id='word_1_113' title='bbox 287 994 412 1038; x_wconf 65' lang='lat' dir='ltr'><strong><em>Kato}</em></strong></span> <span class='ocrx_word' id='word_1_114' title='bbox 449 995 496 1038; x_wconf 84' lang='grc' dir='ltr'><strong><em>δὲ</em></strong></span> <span class='ocrx_word' id='word_1_115' title='bbox 532 994 612 1050; x_wconf 83' lang='grc' dir='ltr'><strong><em>τήν</em></strong></span> <span class='ocrx_word' id='word_1_116' title='bbox 646 993 791 1038; x_wconf 83' lang='grc' dir='ltr'><strong><em>Ἀσίαν</em></strong></span> <span class='ocrx_word' id='word_1_117' title='bbox 817 994 1058 1050; x_wconf 76' lang='grc' dir='ltr'><strong><em>’Ἄσανδρος</em></strong></span> <span class='ocrx_word' id='word_1_118' title='bbox 1099 992 1124 1039; x_wconf 91' lang='lat'><strong>6</strong></span> <span class='ocrx_word' id='word_1_119' title='bbox 1165 997 1241 1050; x_wconf 87' lang='grc' dir='ltr'><strong><em>τῆς</em></strong></span> <span class='ocrx_word' id='word_1_120' title='bbox 1269 993 1436 1064; x_wconf 85' lang='grc' dir='ltr'><strong><em>Καρίας</em></strong></span> <span class='ocrx_word' id='word_1_121' title='bbox 1470 1007 1548 1035; x_wconf 66' lang='lat' dir='ltr'><em>xv·-</em></span> <span class='ocrx_word' id='word_1_122' title='bbox 1576 988 1634 1028; x_wconf 71' lang='lat'><strong><em>75</em></strong></span> 
     </span>
     <span class='ocr_line' id='line_1_18' title="bbox 175 1047 1550 1121; baseline -0.002 -27"><span class='ocrx_word' id='word_1_123' title='bbox 175 1049 356 1121; x_wconf 58' lang='grc' dir='ltr'><strong><em>ριεύων,</em></strong></span> <span class='ocrx_word' id='word_1_124' title='bbox 365 1050 616 1121; x_wconf 82' lang='grc' dir='ltr'><strong><em>πιεζόμενος</em></strong></span> <span class='ocrx_word' id='word_1_125' title='bbox 643 1056 703 1108; x_wconf 80' lang='grc' dir='ltr'><strong><em>τῷ</em></strong></span> <span class='ocrx_word' id='word_1_126' title='bbox 733 1051 928 1120; x_wconf 81' lang='grc' dir='ltr'><strong><em>πολέμῳ,</em></strong></span> <span class='ocrx_word' id='word_1_127' title='bbox 969 1051 1195 1095; x_wconf 85' lang='grc' dir='ltr'><strong><em>διελύσατο</em></strong></span> <span class='ocrx_word' id='word_1_128' title='bbox 1225 1049 1342 1118; x_wconf 87' lang='grc' dir='ltr'><strong><em>πρὸς</em></strong></span> <span class='ocrx_word' id='word_1_129' title='bbox 1361 1047 1550 1120; x_wconf 85' lang='grc' dir='ltr'><strong><em>Ἀντίγο-</em></strong></span> 
     </span>
     <span class='ocr_line' id='line_1_19' title="bbox 173 1103 1549 1178; baseline -0.002 -28"><span class='ocrx_word' id='word_1_130' title='bbox 173 1124 267 1150; x_wconf 87' lang='grc' dir='ltr'><strong><em>νον</em></strong></span> <span class='ocrx_word' id='word_1_131' title='bbox 283 1104 356 1163; x_wconf 81' lang='grc' dir='ltr'><strong><em>ἐφ’</em></strong></span> <span class='ocrx_word' id='word_1_132' title='bbox 388 1104 422 1164; x_wconf 83' lang='grc' dir='ltr'><em>ᾧ</em></span> <span class='ocrx_word' id='word_1_133' title='bbox 452 1107 557 1158; x_wconf 79' lang='grc' dir='ltr'><strong><em>τούς</em></strong></span> <span class='ocrx_word' id='word_1_134' title='bbox 584 1107 663 1178; x_wconf 77' lang='grc' dir='ltr'><strong><em>μὲν</em></strong></span> <span class='ocrx_word' id='word_1_135' title='bbox 693 1110 956 1162; x_wconf 83' lang='grc' dir='ltr'><strong><em>στρατιώτας</em></strong></span> <span class='ocrx_word' id='word_1_136' title='bbox 984 1107 1262 1176; x_wconf 80' lang='grc' dir='ltr'><strong><em>παραδώσειν</em></strong></span> <span class='ocrx_word' id='word_1_137' title='bbox 1282 1104 1447 1176; x_wconf 75' lang='grc' dir='ltr'><strong><em>πάντας</em></strong></span> <span class='ocrx_word' id='word_1_138' title='bbox 1462 1103 1549 1148; x_wconf 85' lang='grc' dir='ltr'><strong><em>’-Αν</em></strong></span> 
     </span>
     <span class='ocr_line' id='line_1_20' title="bbox 173 1155 1605 1233; baseline -0.001 -27"><span class='ocrx_word' id='word_1_139' title='bbox 173 1163 355 1220; x_wconf 83' lang='grc' dir='ltr'><strong><em>τιγόνῳ,</em></strong></span> <span class='ocrx_word' id='word_1_140' title='bbox 367 1206 369 1208; x_wconf 79' lang='grc'>,</span> <span class='ocrx_word' id='word_1_141' title='bbox 383 1163 475 1214; x_wconf 79' lang='grc' dir='ltr'><strong><em>τάς</em></strong></span> <span class='ocrx_word' id='word_1_142' title='bbox 511 1162 553 1207; x_wconf 87' lang='lat'><strong><em>6’</em></strong></span> <span class='ocrx_word' id='word_1_143' title='bbox 587 1163 857 1233; x_wconf 82' lang='grc' dir='ltr'><strong><em>Ελληνίδας</em></strong></span> <span class='ocrx_word' id='word_1_144' title='bbox 872 1164 1019 1216; x_wconf 88' lang='grc' dir='ltr'><strong><em>πόλεις</em></strong></span> <span class='ocrx_word' id='word_1_145' title='bbox 1045 1162 1320 1230; x_wconf 84' lang='grc' dir='ltr'><strong><em>αὐτονόμους</em></strong></span> <span class='ocrx_word' id='word_1_146' title='bbox 1349 1160 1548 1217; x_wconf 77' lang='grc' dir='ltr'><strong><em>ἀφήσειν,</em></strong></span> <span class='ocrx_word' id='word_1_147' title='bbox 1578 1155 1605 1198; x_wconf 91' lang='grc'><strong><em>5</em></strong></span> 
     </span>
     <span class='ocr_line' id='line_1_21' title="bbox 173 1218 1551 1289; baseline -0.001 -26"><span class='ocrx_word' id='word_1_148' title='bbox 173 1221 254 1276; x_wconf 76' lang='grc' dir='ltr'><strong><em>τήν</em></strong></span> <span class='ocrx_word' id='word_1_149' title='bbox 294 1221 340 1264; x_wconf 78' lang='grc' dir='ltr'><strong><em>δὲ</em></strong></span> <span class='ocrx_word' id='word_1_150' title='bbox 379 1221 642 1289; x_wconf 85' lang='grc' dir='ltr'><strong><em>σατραπείαν</em></strong></span> <span class='ocrx_word' id='word_1_151' title='bbox 678 1219 736 1276; x_wconf 77' lang='grc' dir='ltr'><strong><em>ὴν</em></strong></span> <span class='ocrx_word' id='word_1_152' title='bbox 772 1220 987 1274; x_wconf 89' lang='grc' dir='ltr'><strong><em>πρότερον</em></strong></span> <span class='ocrx_word' id='word_1_153' title='bbox 1025 1218 1108 1276; x_wconf 80' lang='grc' dir='ltr'><strong><em>εἶχε</em></strong></span> <span class='ocrx_word' id='word_1_154' title='bbox 1147 1219 1316 1273; x_wconf 79' lang='grc' dir='ltr'><strong><em>δωρεάν</em></strong></span> <span class='ocrx_word' id='word_1_155' title='bbox 1349 1219 1551 1270; x_wconf 76' lang='grc' dir='ltr'><strong><em>καθέξειν</em></strong></span> 
     </span>
     <span class='ocr_line' id='line_1_22' title="bbox 175 1273 1554 1348; baseline -0.001 -29"><span class='ocrx_word' id='word_1_156' title='bbox 175 1278 353 1348; x_wconf 87' lang='grc' dir='ltr'><strong><em>βέβαιος</em></strong></span> <span class='ocrx_word' id='word_1_157' title='bbox 382 1274 445 1319; x_wconf 82' lang='grc' dir='ltr'><strong><em>ω“ν</em></strong></span> <span class='ocrx_word' id='word_1_158' title='bbox 474 1279 602 1332; x_wconf 83' lang='grc' dir='ltr'><strong><em>φίλος</em></strong></span> <span class='ocrx_word' id='word_1_159' title='bbox 626 1276 871 1346; x_wconf 76' lang='grc' dir='ltr'><strong><em>Ἀντιγόνῳ.</em></strong></span> <span class='ocrx_word' id='word_1_160' title='bbox 912 1276 1019 1328; x_wconf 88' lang='grc' dir='ltr'><strong><em>δους</em></strong></span> <span class='ocrx_word' id='word_1_161' title='bbox 1048 1278 1094 1320; x_wconf 83' lang='grc' dir='ltr'><strong><em>δὲ</em></strong></span> <span class='ocrx_word' id='word_1_162' title='bbox 1123 1276 1222 1331; x_wconf 88' lang='grc' dir='ltr'><strong><em>περὶ</em></strong></span> <span class='ocrx_word' id='word_1_163' title='bbox 1250 1274 1421 1319; x_wconf 84' lang='grc' dir='ltr'><strong><em>τούτων</em></strong></span> <span class='ocrx_word' id='word_1_164' title='bbox 1451 1273 1554 1331; x_wconf 81' lang='grc' dir='ltr'><strong><em>ὅμη-</em></strong></span> 
     </span>
     <span class='ocr_line' id='line_1_23' title="bbox 176 1322 1553 1401; baseline -0.002 -25"><span class='ocrx_word' id='word_1_165' title='bbox 176 1349 258 1386; x_wconf 91' lang='grc' dir='ltr'><strong><em>ρον</em></strong></span> <span class='ocrx_word' id='word_1_166' title='bbox 281 1331 513 1388; x_wconf 84' lang='grc' dir='ltr'><strong><em>Ἀγάθωνα</em></strong></span> <span class='ocrx_word' id='word_1_167' title='bbox 544 1333 622 1376; x_wconf 81' lang='grc' dir='ltr'><strong><em>τὸν</em></strong></span> <span class='ocrx_word' id='word_1_168' title='bbox 651 1322 867 1387; x_wconf 84' lang='grc' dir='ltr'><strong><em>ἀδελφόν,</em></strong></span> <span class='ocrx_word' id='word_1_169' title='bbox 897 1351 969 1377; x_wconf 87' lang='grc' dir='ltr'><strong><em>και</em></strong></span> <span class='ocrx_word' id='word_1_170' title='bbox 998 1333 1094 1388; x_wconf 79' lang='grc' dir='ltr'><strong><em>μετ’</em></strong></span> <span class='ocrx_word' id='word_1_171' title='bbox 1122 1332 1270 1386; x_wconf 87' lang='grc' dir='ltr'><strong><em>ὀλίγας</em></strong></span> <span class='ocrx_word' id='word_1_172' title='bbox 1298 1331 1460 1401; x_wconf 79' lang='grc' dir='ltr'><strong><em>ἡμέρας</em></strong></span> <span class='ocrx_word' id='word_1_173' title='bbox 1482 1346 1553 1385; x_wconf 90' lang='grc' dir='ltr'><strong><em>με-</em></strong></span> 
     </span>
     <span class='ocr_line' id='line_1_24' title="bbox 173 1387 1553 1460; baseline -0.003 -27"><span class='ocrx_word' id='word_1_174' title='bbox 173 1390 429 1460; x_wconf 81' lang='grc' dir='ltr'><strong><em>ταμεληθεὶς</em></strong></span> <span class='ocrx_word' id='word_1_175' title='bbox 455 1389 524 1432; x_wconf 77' lang='grc' dir='ltr'><strong><em>ἐπὶ</em></strong></span> <span class='ocrx_word' id='word_1_176' title='bbox 552 1394 646 1440; x_wconf 89' lang='grc' dir='ltr'><strong><em>ταῖς</em></strong></span> <span class='ocrx_word' id='word_1_177' title='bbox 672 1389 926 1458; x_wconf 76' lang='grc' dir='ltr'><strong><em>συνθήκαις,</em></strong></span> <span class='ocrx_word' id='word_1_178' title='bbox 955 1390 1035 1434; x_wconf 84' lang='grc' dir='ltr'><strong><em>τὸν</em></strong></span> <span class='ocrx_word' id='word_1_179' title='bbox 1065 1407 1143 1446; x_wconf 90' lang='grc' dir='ltr'><strong><em>μεν</em></strong></span> <span class='ocrx_word' id='word_1_180' title='bbox 1172 1388 1367 1460; x_wconf 79' lang='grc' dir='ltr'><strong><em>ἀδελφὸν</em></strong></span> <span class='ocrx_word' id='word_1_181' title='bbox 1396 1387 1553 1439; x_wconf 81' lang='grc' dir='ltr'><strong><em>ἐξέκλε-</em></strong></span> 
     </span>
     <span class='ocr_line' id='line_1_25' title="bbox 174 1438 1636 1516; baseline -0.002 -27"><span class='ocrx_word' id='word_1_182' title='bbox 174 1454 257 1496; x_wconf 79' lang='grc' dir='ltr'><strong><em>ψεν</em></strong></span> <span class='ocrx_word' id='word_1_183' title='bbox 286 1446 332 1489; x_wconf 82' lang='grc' dir='ltr'><strong><em>ἐκ</em></strong></span> <span class='ocrx_word' id='word_1_184' title='bbox 361 1449 438 1502; x_wconf 81' lang='grc' dir='ltr'><strong><em>τῆς</em></strong></span> <span class='ocrx_word' id='word_1_185' title='bbox 467 1444 684 1516; x_wconf 85' lang='grc' dir='ltr'><strong><em>ὁμηρείας,</em></strong></span> <span class='ocrx_word' id='word_1_186' title='bbox 712 1445 823 1500; x_wconf 88' lang='grc' dir='ltr'><strong><em>πρὸς</em></strong></span> <span class='ocrx_word' id='word_1_187' title='bbox 853 1446 898 1489; x_wconf 80' lang='grc' dir='ltr'><strong><em>δὲ</em></strong></span> <span class='ocrx_word' id='word_1_188' title='bbox 929 1450 1202 1500; x_wconf 87' lang='grc' dir='ltr'><strong><em>Πτολεμαῖον</em></strong></span> <span class='ocrx_word' id='word_1_189' title='bbox 1228 1446 1302 1489; x_wconf 85' lang='grc' dir='ltr'><strong><em>καὶ</em></strong></span> <span class='ocrx_word' id='word_1_190' title='bbox 1331 1445 1552 1488; x_wconf 80' lang='grc' dir='ltr'><strong><em>Σέλευκον</em></strong></span> <span class='ocrx_word' id='word_1_191' title='bbox 1582 1438 1636 1479; x_wconf 87' lang='grc'><strong><em>10</em></strong></span> 
     </span>
     <span class='ocr_line' id='line_1_26' title="bbox 173 1498 1552 1574; baseline -0.003 -27.994"><span class='ocrx_word' id='word_1_192' title='bbox 173 1501 624 1574; x_wconf 78' lang='grc' dir='ltr'><strong><em>διαπρεσβευσάμενος</em></strong></span> <span class='ocrx_word' id='word_1_193' title='bbox 650 1501 776 1572; x_wconf 77' lang='grc' dir='ltr'><strong><em>ἠξίου</em></strong></span> <span class='ocrx_word' id='word_1_194' title='bbox 805 1506 985 1559; x_wconf 81' lang='grc' dir='ltr'><strong><em>βοηθεῖν</em></strong></span> <span class='ocrx_word' id='word_1_195' title='bbox 1015 1502 1096 1572; x_wconf 85' lang='grc' dir='ltr'><strong><em>τὴν</em></strong></span> <span class='ocrx_word' id='word_1_196' title='bbox 1121 1503 1334 1558; x_wconf 87' lang='grc' dir='ltr'><strong><em>ταχίστην.</em></strong></span> <span class='ocrx_word' id='word_1_197' title='bbox 1364 1499 1456 1572; x_wconf 77' lang='grc' dir='ltr'><strong><em>ἐφ’</em></strong></span> <span class='ocrx_word' id='word_1_198' title='bbox 1486 1498 1552 1551; x_wconf 85' lang='grc' dir='ltr'><strong><em>οἷς</em></strong></span> 
     </span>
     <span class='ocr_line' id='line_1_27' title="bbox 173 1556 1551 1615; baseline -0.002 -12.985"><span class='ocrx_word' id='word_1_199' title='bbox 173 1557 420 1614; x_wconf 87' lang='grc' dir='ltr'><strong><em>Ἀντίγονος</em></strong></span> <span class='ocrx_word' id='word_1_200' title='bbox 459 1558 784 1614; x_wconf 74' lang='grc' dir='ltr'><strong><em>δεινοπαθήσας</em></strong></span> <span class='ocrx_word' id='word_1_201' title='bbox 831 1560 1021 1615; x_wconf 74' lang='grc' dir='ltr'><strong><em>δύναμιν</em></strong></span> <span class='ocrx_word' id='word_1_202' title='bbox 1068 1558 1315 1602; x_wconf 86' lang='grc' dir='ltr'><strong><em>ἀπέστειλεν</em></strong></span> <span class='ocrx_word' id='word_1_203' title='bbox 1359 1556 1428 1600; x_wconf 81' lang='grc' dir='ltr'><strong><em>ἐπὶ</em></strong></span> <span class='ocrx_word' id='word_1_204' title='bbox 1470 1557 1551 1612; x_wconf 83' lang='grc' dir='ltr'><strong><em>τήν</em></strong></span> 
     </span>
     <span class='ocr_line' id='line_1_28' title="bbox 175 1611 1551 1671; baseline -0.003 -12"><span class='ocrx_word' id='word_1_205' title='bbox 175 1615 464 1670; x_wconf 78' lang='grc' dir='ltr'><strong><em>ἐλευθέρωσιν</em></strong></span> <span class='ocrx_word' id='word_1_206' title='bbox 491 1619 578 1658; x_wconf 78' lang='grc' dir='ltr'><strong><em>τῶν</em></strong></span> <span class='ocrx_word' id='word_1_207' title='bbox 605 1615 775 1658; x_wconf 88' lang='grc' dir='ltr'><strong><em>πόλεων</em></strong></span> <span class='ocrx_word' id='word_1_208' title='bbox 803 1616 877 1659; x_wconf 85' lang='grc' dir='ltr'><strong><em>καὶ</em></strong></span> <span class='ocrx_word' id='word_1_209' title='bbox 905 1616 1016 1660; x_wconf 80' lang='grc' dir='ltr'><strong><em>κατά</em></strong></span> <span class='ocrx_word' id='word_1_210' title='bbox 1045 1619 1126 1671; x_wconf 81' lang='grc' dir='ltr'><strong><em>γῆν</em></strong></span> <span class='ocrx_word' id='word_1_211' title='bbox 1154 1615 1229 1658; x_wconf 88' lang='grc' dir='ltr'><strong><em>καὶ</em></strong></span> <span class='ocrx_word' id='word_1_212' title='bbox 1256 1612 1366 1658; x_wconf 84' lang='grc' dir='ltr'><strong><em>κατὰ</em></strong></span> <span class='ocrx_word' id='word_1_213' title='bbox 1393 1611 1551 1657; x_wconf 84' lang='grc' dir='ltr'><strong><em>θάλατ-</em></strong></span> 
     </span>
     <span class='ocr_line' id='line_1_29' title="bbox 175 1666 1635 1742; baseline -0.002 -27"><span class='ocrx_word' id='word_1_214' title='bbox 175 1689 279 1722; x_wconf 82' lang='grc' dir='ltr'><strong><em>ταν,</em></strong></span> <span class='ocrx_word' id='word_1_215' title='bbox 318 1676 399 1715; x_wconf 86' lang='grc' dir='ltr'><strong><em>τοῦ</em></strong></span> <span class='ocrx_word' id='word_1_216' title='bbox 431 1689 509 1726; x_wconf 87' lang='grc' dir='ltr'><strong><em>μεν</em></strong></span> <span class='ocrx_word' id='word_1_217' title='bbox 538 1670 697 1715; x_wconf 88' lang='grc' dir='ltr'><strong><em>στόλου</em></strong></span> <span class='ocrx_word' id='word_1_218' title='bbox 725 1671 950 1742; x_wconf 82' lang='grc' dir='ltr'><strong><em>ναύαρχον</em></strong></span> <span class='ocrx_word' id='word_1_219' title='bbox 979 1670 1209 1724; x_wconf 77' lang='grc' dir='ltr'><strong><em>ἀποδείξας</em></strong></span> <span class='ocrx_word' id='word_1_220' title='bbox 1237 1669 1440 1725; x_wconf 86' lang='grc' dir='ltr'><strong><em>Μήδιον,</em></strong></span> <span class='ocrx_word' id='word_1_221' title='bbox 1470 1672 1551 1713; x_wconf 87' lang='grc' dir='ltr'><strong><em>τοῦ</em></strong></span> <span class='ocrx_word' id='word_1_222' title='bbox 1582 1666 1635 1709; x_wconf 87' lang='grc'><strong><em>15</em></strong></span> 
     </span>
     <span class='ocr_line' id='line_1_30' title="bbox 176 1726 1554 1799; baseline -0.002 -28"><span class='ocrx_word' id='word_1_223' title='bbox 176 1731 222 1772; x_wconf 84' lang='grc' dir='ltr'><strong><em>δὲ</em></strong></span> <span class='ocrx_word' id='word_1_224' title='bbox 253 1728 551 1798; x_wconf 88' lang='grc' dir='ltr'><strong><em>στρατοπέδου</em></strong></span> <span class='ocrx_word' id='word_1_225' title='bbox 587 1728 856 1799; x_wconf 83' lang='grc' dir='ltr'><strong><em>καταστήσας</em></strong></span> <span class='ocrx_word' id='word_1_226' title='bbox 892 1728 1133 1797; x_wconf 68' lang='grc' dir='ltr'><strong><em>στρατηγὸν</em></strong></span> <span class='ocrx_word' id='word_1_227' title='bbox 1161 1726 1371 1783; x_wconf 86' lang='grc' dir='ltr'><strong><em>Δόκιμον.</em></strong></span> <span class='ocrx_word' id='word_1_228' title='bbox 1429 1727 1554 1770; x_wconf 85' lang='grc' dir='ltr'><strong><em>οὑτοι</em></strong></span> 
     </span>
     <span class='ocr_line' id='line_1_31' title="bbox 178 1782 1554 1855; baseline -0.003 -26"><span class='ocrx_word' id='word_1_229' title='bbox 178 1785 226 1829; x_wconf 80' lang='grc' dir='ltr'><strong><em>δὲ</em></strong></span> <span class='ocrx_word' id='word_1_230' title='bbox 254 1783 602 1840; x_wconf 84' lang='grc' dir='ltr'><strong><em>παραγενόμενοι</em></strong></span> <span class='ocrx_word' id='word_1_231' title='bbox 644 1784 755 1839; x_wconf 76' lang='grc' dir='ltr'><strong><em>πρὸς</em></strong></span> <span class='ocrx_word' id='word_1_232' title='bbox 792 1802 874 1855; x_wconf 72' lang='grc' dir='ltr'><strong><em>την</em></strong></span> <span class='ocrx_word' id='word_1_233' title='bbox 903 1786 1033 1829; x_wconf 89' lang='grc' dir='ltr'><strong><em>πόλιν</em></strong></span> <span class='ocrx_word' id='word_1_234' title='bbox 1064 1789 1154 1828; x_wconf 80' lang='grc' dir='ltr'><strong><em>τῶν</em></strong></span> <span class='ocrx_word' id='word_1_235' title='bbox 1189 1784 1421 1840; x_wconf 84' lang='grc' dir='ltr'><strong><em>Μιλησίων</em></strong></span> <span class='ocrx_word' id='word_1_236' title='bbox 1447 1782 1554 1834; x_wconf 87' lang='grc' dir='ltr'><strong><em>τούς</em></strong></span> 
     </span>
     <span class='ocr_line' id='line_1_32' title="bbox 176 1841 1552 1913; baseline -0.002 -28"><span class='ocrx_word' id='word_1_237' title='bbox 176 1857 222 1885; x_wconf 85' lang='grc' dir='ltr'><strong><em>τε</em></strong></span> <span class='ocrx_word' id='word_1_238' title='bbox 251 1843 429 1892; x_wconf 89' lang='grc' dir='ltr'><strong><em>πολίτας</em></strong></span> <span class='ocrx_word' id='word_1_239' title='bbox 470 1841 658 1884; x_wconf 81' lang='grc' dir='ltr'><strong><em>ἐκάλουν</em></strong></span> <span class='ocrx_word' id='word_1_240' title='bbox 697 1842 766 1884; x_wconf 82' lang='grc' dir='ltr'><strong><em>ἐπὶ</em></strong></span> <span class='ocrx_word' id='word_1_241' title='bbox 802 1858 883 1913; x_wconf 74' lang='grc' dir='ltr'><strong><em>τήν</em></strong></span> <span class='ocrx_word' id='word_1_242' title='bbox 914 1842 1168 1895; x_wconf 82' lang='grc' dir='ltr'><strong><em>ἐλευθερίαν</em></strong></span> <span class='ocrx_word' id='word_1_243' title='bbox 1197 1841 1271 1884; x_wconf 86' lang='grc' dir='ltr'><strong><em>καὶ</em></strong></span> <span class='ocrx_word' id='word_1_244' title='bbox 1299 1842 1379 1896; x_wconf 79' lang='grc' dir='ltr'><strong><em>τήν</em></strong></span> <span class='ocrx_word' id='word_1_245' title='bbox 1408 1856 1552 1895; x_wconf 83' lang='grc' dir='ltr'><strong><em>φρου-</em></strong></span> 
     </span>
     <span class='ocr_line' id='line_1_33' title="bbox 179 1895 1550 1954; baseline -0.002 -13"><span class='ocrx_word' id='word_1_246' title='bbox 179 1898 401 1954; x_wconf 84' lang='grc' dir='ltr'><strong><em>ρουμένην</em></strong></span> <span class='ocrx_word' id='word_1_247' title='bbox 430 1895 576 1952; x_wconf 78' lang='grc' dir='ltr'><strong><em>ἄκραν</em></strong></span> <span class='ocrx_word' id='word_1_248' title='bbox 605 1898 1018 1954; x_wconf 80' lang='grc' dir='ltr'><strong><em>ἐκπολιορκήσαντες</em></strong></span> <span class='ocrx_word' id='word_1_249' title='bbox 1057 1901 1116 1950; x_wconf 88' lang='grc' dir='ltr'><strong><em>εἰς</em></strong></span> <span class='ocrx_word' id='word_1_250' title='bbox 1151 1896 1419 1952; x_wconf 85' lang='grc' dir='ltr'><strong><em>αὐτονομίαν</em></strong></span> <span class='ocrx_word' id='word_1_251' title='bbox 1449 1896 1550 1939; x_wconf 76' lang='grc' dir='ltr'><strong><em>απο·</em></strong></span> 
     </span>
     <span class='ocr_line' id='line_1_34' title="bbox 175 1947 1634 2026; baseline -0.002 -27.994"><span class='ocrx_word' id='word_1_252' title='bbox 175 1956 445 2026; x_wconf 81' lang='grc' dir='ltr'><strong><em>κατέστησαν</em></strong></span> <span class='ocrx_word' id='word_1_253' title='bbox 473 1955 522 1997; x_wconf 85' lang='grc' dir='ltr'><strong><em>τό</em></strong></span> <span class='ocrx_word' id='word_1_254' title='bbox 552 1956 803 2009; x_wconf 90' lang='grc' dir='ltr'><strong><em>πολίτευμα.</em></strong></span> <span class='ocrx_word' id='word_1_255' title='bbox 850 1956 948 2009; x_wconf 89' lang='grc' dir='ltr'><strong><em>περὶ</em></strong></span> <span class='ocrx_word' id='word_1_256' title='bbox 974 1959 1112 1999; x_wconf 85' lang='grc' dir='ltr'><strong><em>ταῦτα</em></strong></span> <span class='ocrx_word' id='word_1_257' title='bbox 1141 1954 1184 1998; x_wconf 86' lang='grc' dir='ltr'><strong><em>δ’</em></strong></span> <span class='ocrx_word' id='word_1_258' title='bbox 1210 1953 1353 1997; x_wconf 81' lang='grc' dir='ltr'><strong><em>ὄντων</em></strong></span> <span class='ocrx_word' id='word_1_259' title='bbox 1380 1952 1550 1996; x_wconf 88' lang='grc' dir='ltr'><strong><em>τούτων</em></strong></span> <span class='ocrx_word' id='word_1_260' title='bbox 1579 1947 1634 1988; x_wconf 81' lang='grc'><strong><em>20</em></strong></span> 
     </span>
     <span class='ocr_line' id='line_1_35' title="bbox 175 2009 1555 2081; baseline -0.001 -27.996"><span class='ocrx_word' id='word_1_261' title='bbox 175 2009 425 2081; x_wconf 80' lang='grc' dir='ltr'><strong><em>Ἀντίγουος</em></strong></span> <span class='ocrx_word' id='word_1_262' title='bbox 457 2009 660 2065; x_wconf 82' lang='grc' dir='ltr'><strong><em>Τράλλεις</em></strong></span> <span class='ocrx_word' id='word_1_263' title='bbox 681 2010 1063 2081; x_wconf 81' lang='grc' dir='ltr'><strong><em>ἐξεπολιόρκησεν·</em></strong></span> <span class='ocrx_word' id='word_1_264' title='bbox 1097 2013 1159 2063; x_wconf 86' lang='grc' dir='ltr'><strong><em>εἰς</em></strong></span> <span class='ocrx_word' id='word_1_265' title='bbox 1188 2012 1234 2056; x_wconf 86' lang='grc' dir='ltr'><strong><em>δὲ</em></strong></span> <span class='ocrx_word' id='word_1_266' title='bbox 1263 2013 1448 2053; x_wconf 87' lang='grc' dir='ltr'><strong><em>Καυνον</em></strong></span> <span class='ocrx_word' id='word_1_267' title='bbox 1472 2025 1555 2053; x_wconf 84' lang='grc' dir='ltr'><strong><em>πα-</em></strong></span> 
     </span>
     <span class='ocr_line' id='line_1_36' title="bbox 178 2064 1553 2127; baseline -0.001 -16"><span class='ocrx_word' id='word_1_268' title='bbox 178 2066 377 2124; x_wconf 75' lang='grc' dir='ltr'><strong><em>ρελθών,</em></strong></span> <span class='ocrx_word' id='word_1_269' title='bbox 405 2067 481 2112; x_wconf 85' lang='grc' dir='ltr'><strong><em>καὶ</em></strong></span> <span class='ocrx_word' id='word_1_270' title='bbox 508 2066 588 2111; x_wconf 83' lang='grc' dir='ltr'><strong><em>τὸν</em></strong></span> <span class='ocrx_word' id='word_1_271' title='bbox 616 2065 774 2112; x_wconf 88' lang='grc' dir='ltr'><strong><em>στόλον</em></strong></span> <span class='ocrx_word' id='word_1_272' title='bbox 801 2067 1208 2127; x_wconf 77' lang='grc' dir='ltr'><strong><em>μεταπεμψάμενος,</em></strong></span> <span class='ocrx_word' id='word_1_273' title='bbox 1240 2064 1325 2112; x_wconf 87' lang='grc' dir='ltr'><strong><em>εἷλε</em></strong></span> <span class='ocrx_word' id='word_1_274' title='bbox 1354 2066 1427 2111; x_wconf 88' lang='grc' dir='ltr'><strong><em>καὶ</em></strong></span> <span class='ocrx_word' id='word_1_275' title='bbox 1453 2065 1553 2110; x_wconf 85' lang='grc' dir='ltr'><strong><em>ταύ-</em></strong></span> 
     </span>
    </p>
   </div>
   <div class='ocr_carea' id='block_1_6' title="bbox 178 2232 1557 2833">
    <p class='ocr_par' dir='ltr' id='par_1_6' title="bbox 178 2232 1555 2833">
     <span class='ocr_line' id='line_1_37' title="bbox 178 2232 1555 2340; baseline -0.002 -69"><span class='ocrx_word' id='word_1_276' title='bbox 178 2235 504 2340; x_wconf 50' lang='lat' dir='ltr'><strong><em>{afior’vmffqovs</em></strong></span> <span class='ocrx_word' id='word_1_277' title='bbox 525 2237 632 2281; x_wconf 58' lang='lat' dir='ltr'><strong><em>Bas„</em></strong></span> <span class='ocrx_word' id='word_1_278' title='bbox 656 2237 784 2273; x_wconf 76' lang='lat' dir='ltr'><strong>caeteri</strong></span> <span class='ocrx_word' id='word_1_279' title='bbox 810 2234 1022 2284; x_wconf 75' lang='grc' dir='ltr'><strong><em>ἀνοχύρους</em></strong></span> <span class='ocrx_word' id='word_1_280' title='bbox 1174 2235 1232 2271; x_wconf 80' lang='lat'><strong><em>97.</em></strong></span> <span class='ocrx_word' id='word_1_281' title='bbox 1279 2232 1555 2283; x_wconf 75' lang='grc' dir='ltr'><strong><em>δυςβατώτατα]</em></strong></span> 
     </span>
     <span class='ocr_line' id='line_1_38' title="bbox 204 2296 342 2324; baseline -0.014 -5"><span class='ocrx_word' id='word_1_282' title='bbox 204 2297 247 2324; x_wconf 86' lang='grc' dir='ltr'><strong><em>υς</em></strong></span> <span class='ocrx_word' id='word_1_283' title='bbox 273 2296 342 2317; x_wconf 82' lang='grc' dir='ltr'><strong><em>ατα</em></strong></span> 
     </span>
     <span class='ocr_line' id='line_1_39' title="bbox 271 2325 1551 2375; baseline -0.003 -12"><span class='ocrx_word' id='word_1_284' title='bbox 271 2330 416 2364; x_wconf 74' lang='grc'><strong><em>377.1.</em></strong></span> <span class='ocrx_word' id='word_1_285' title='bbox 451 2325 650 2371; x_wconf 74' lang='grc' dir='ltr'><strong><em>’Ἄσανδρος</em></strong></span> <span class='ocrx_word' id='word_1_286' title='bbox 670 2329 941 2375; x_wconf 72' lang='lat' dir='ltr'>VVesselingius:</span> <span class='ocrx_word' id='word_1_287' title='bbox 970 2327 1053 2363; x_wconf 75' lang='lat' dir='ltr'>libri</span> <span class='ocrx_word' id='word_1_288' title='bbox 1080 2325 1324 2369; x_wconf 80' lang='grc' dir='ltr'><strong><em>Κάσσανδρος</em></strong></span> <span class='ocrx_word' id='word_1_289' title='bbox 1475 2328 1551 2360; x_wconf 79' lang='grc' dir='ltr'><strong><em>Κα-</em></strong></span> 
     </span>
     <span class='ocr_line' id='line_1_40' title="bbox 183 2371 1555 2429; baseline -0.003 -20"><span class='ocrx_word' id='word_1_290' title='bbox 183 2375 267 2415; x_wconf 84' lang='grc' dir='ltr'><strong><em>ρίας</em></strong></span> <span class='ocrx_word' id='word_1_291' title='bbox 287 2375 498 2410; x_wconf 70' lang='lat' dir='ltr'>Paimerins:</span> <span class='ocrx_word' id='word_1_292' title='bbox 529 2375 610 2408; x_wconf 81' lang='lat' dir='ltr'>libri</span> <span class='ocrx_word' id='word_1_293' title='bbox 632 2372 747 2416; x_wconf 83' lang='grc' dir='ltr'><strong><em>Ἀσίας</em></strong></span> <span class='ocrx_word' id='word_1_294' title='bbox 959 2375 993 2408; x_wconf 80' lang='lat'><strong><em>3.</em></strong></span> <span class='ocrx_word' id='word_1_295' title='bbox 1040 2373 1301 2429; x_wconf 79' lang='grc' dir='ltr'><strong><em>παραδώσειν]</em></strong></span> <span class='ocrx_word' id='word_1_296' title='bbox 1341 2371 1555 2416; x_wconf 70' lang='grc' dir='ltr'><strong><em>παραδώσει</em></strong></span> 
     </span>
     <span class='ocr_line' id='line_1_41' title="bbox 183 2417 1554 2478; baseline -0.002 -24"><span class='ocrx_word' id='word_1_297' title='bbox 183 2421 264 2454; x_wconf 74' lang='lat' dir='ltr'><strong>Bas.</strong></span> <span class='ocrx_word' id='word_1_298' title='bbox 438 2420 474 2454; x_wconf 83' lang='lat'><strong><em>5.</em></strong></span> <span class='ocrx_word' id='word_1_299' title='bbox 521 2417 704 2478; x_wconf 84' lang='grc' dir='ltr'><strong><em>ἀφήσειν]</em></strong></span> <span class='ocrx_word' id='word_1_300' title='bbox 730 2420 867 2466; x_wconf 82' lang='grc' dir='ltr'><strong><em>ἀφήσει</em></strong></span> <span class='ocrx_word' id='word_1_301' title='bbox 889 2421 918 2454; x_wconf 81' lang='grc' dir='ltr'><strong>Υ</strong></span> <span class='ocrx_word' id='word_1_302' title='bbox 944 2421 1028 2454; x_wconf 82' lang='lat' dir='ltr'><strong>Bas.</strong></span> <span class='ocrx_word' id='word_1_303' title='bbox 1174 2419 1242 2464; x_wconf 78' lang='grc' dir='ltr'><strong><em>τήν</em></strong></span> <span class='ocrx_word' id='word_1_304' title='bbox 1266 2417 1306 2454; x_wconf 78' lang='grc' dir='ltr'><strong><em>δὲ</em></strong></span> <span class='ocrx_word' id='word_1_305' title='bbox 1331 2420 1554 2460; x_wconf 83' lang='grc' dir='ltr'><strong><em>σατραπείαν</em></strong></span> 
     </span>
     <span class='ocr_line' id='line_1_42' title="bbox 182 2461 1554 2521; baseline -0.001 -22"><span class='ocrx_word' id='word_1_306' title='bbox 182 2462 230 2521; x_wconf 84' lang='grc' dir='ltr'><strong><em>ἣν</em></strong></span> <span class='ocrx_word' id='word_1_307' title='bbox 253 2485 299 2490; x_wconf 90' lang='grc'>-</span> <span class='ocrx_word' id='word_1_308' title='bbox 323 2465 489 2510; x_wconf 78' lang='grc' dir='ltr'><strong><em>δωρεάν]</em></strong></span> <span class='ocrx_word' id='word_1_309' title='bbox 529 2465 593 2507; x_wconf 79' lang='grc' dir='ltr'><strong><em>τοὶς</em></strong></span> <span class='ocrx_word' id='word_1_310' title='bbox 629 2466 669 2503; x_wconf 85' lang='grc' dir='ltr'><strong><em>ὸε</em></strong></span> <span class='ocrx_word' id='word_1_311' title='bbox 700 2469 922 2514; x_wconf 81' lang='grc' dir='ltr'><strong><em>σατραπείας</em></strong></span> <span class='ocrx_word' id='word_1_312' title='bbox 949 2461 1093 2511; x_wconf 80' lang='grc' dir='ltr'><strong><em>δωρεάς</em></strong></span> <span class='ocrx_word' id='word_1_313' title='bbox 1121 2462 1166 2507; x_wconf 75' lang='grc' dir='ltr'><strong><em>οἷς</em></strong></span> <span class='ocrx_word' id='word_1_314' title='bbox 1187 2479 1225 2500; x_wconf 87' lang='grc' dir='ltr'><strong><em>π.</em></strong></span> <span class='ocrx_word' id='word_1_315' title='bbox 1250 2477 1278 2501; x_wconf 79' lang='grc' dir='ltr'><strong><em>ε.</em></strong></span> <span class='ocrx_word' id='word_1_316' title='bbox 1303 2466 1434 2509; x_wconf 65' lang='grc' dir='ltr'><strong><em>ΟΤΧΥ</em></strong></span> <span class='ocrx_word' id='word_1_317' title='bbox 1457 2465 1554 2506; x_wconf 66' lang='lat' dir='ltr'><strong><em>Bas„</em></strong></span> 
     </span>
     <span class='ocr_line' id='line_1_43' title="bbox 219 2509 634 2553; baseline 0.002 -7.03"><span class='ocrx_word' id='word_1_318' title='bbox 219 2509 254 2546; x_wconf 76' lang='lat' dir='ltr'><strong><em>&#39;v</em></strong></span> <span class='ocrx_word' id='word_1_319' title='bbox 516 2526 562 2547; x_wconf 87' lang='grc' dir='ltr'><strong><em>αν</em></strong></span> <span class='ocrx_word' id='word_1_320' title='bbox 585 2510 634 2553; x_wconf 72' lang='grc' dir='ltr'><strong><em>ἢν</em></strong></span> 
     </span>
     <span class='ocr_line' id='line_1_44' title="bbox 183 2555 1497 2613; baseline -0.004 -20"><span class='ocrx_word' id='word_1_321' title='bbox 183 2570 249 2600; x_wconf 85' lang='grc' dir='ltr'><strong><em>τας</em></strong></span> <span class='ocrx_word' id='word_1_322' title='bbox 274 2555 314 2592; x_wconf 87' lang='grc' dir='ltr'><strong><em>δε</em></strong></span> <span class='ocrx_word' id='word_1_323' title='bbox 338 2557 558 2598; x_wconf 83' lang='grc' dir='ltr'><strong><em>σατραπείας</em></strong></span> <span class='ocrx_word' id='word_1_324' title='bbox 580 2556 625 2600; x_wconf 70' lang='grc' dir='ltr'><strong><em>οἷς</em></strong></span> <span class='ocrx_word' id='word_1_325' title='bbox 647 2559 677 2593; x_wconf 84' lang='lat' dir='ltr'><strong>F</strong></span> <span class='ocrx_word' id='word_1_326' title='bbox 857 2559 892 2594; x_wconf 87' lang='grc'><strong><em>6.</em></strong></span> <span class='ocrx_word' id='word_1_327' title='bbox 939 2555 1135 2613; x_wconf 81' lang='grc' dir='ltr'><strong><em>καθέξειν]</em></strong></span> <span class='ocrx_word' id='word_1_328' title='bbox 1157 2556 1307 2600; x_wconf 79' lang='grc' dir='ltr'><strong><em>καθέξει</em></strong></span> <span class='ocrx_word' id='word_1_329' title='bbox 1329 2556 1392 2590; x_wconf 73' lang='grc' dir='ltr'><strong><em>ΧΥ</em></strong></span> <span class='ocrx_word' id='word_1_330' title='bbox 1416 2556 1497 2588; x_wconf 75' lang='lat' dir='ltr'><strong>Bas.</strong></span> 
     </span>
     <span class='ocr_line' id='line_1_45' title="bbox 276 2600 1500 2648; baseline -0.004 -10"><span class='ocrx_word' id='word_1_331' title='bbox 276 2603 311 2636; x_wconf 73' lang='grc'><strong><em>7.</em></strong></span> <span class='ocrx_word' id='word_1_332' title='bbox 360 2603 476 2645; x_wconf 75' lang='grc' dir='ltr'><strong><em>δούς]</em></strong></span> <span class='ocrx_word' id='word_1_333' title='bbox 501 2603 636 2640; x_wconf 82' lang='grc' dir='ltr'><strong><em>δέδωκε</em></strong></span> <span class='ocrx_word' id='word_1_334' title='bbox 659 2606 689 2639; x_wconf 85' lang='lat' dir='ltr'>F</span> <span class='ocrx_word' id='word_1_335' title='bbox 871 2606 906 2639; x_wconf 85' lang='lat'><strong><em>9.</em></strong></span> <span class='ocrx_word' id='word_1_336' title='bbox 955 2600 1155 2648; x_wconf 78' lang='grc' dir='ltr'><strong><em>ὁμηρείας]</em></strong></span> <span class='ocrx_word' id='word_1_337' title='bbox 1181 2601 1343 2647; x_wconf 81' lang='grc' dir='ltr'><strong><em>ὁμηρίας</em></strong></span> <span class='ocrx_word' id='word_1_338' title='bbox 1366 2603 1394 2635; x_wconf 82' lang='lat' dir='ltr'>F</span> <span class='ocrx_word' id='word_1_339' title='bbox 1417 2603 1500 2634; x_wconf 75' lang='lat' dir='ltr'><strong>Bas.</strong></span> 
     </span>
     <span class='ocr_line' id='line_1_46' title="bbox 278 2648 1463 2695; baseline -0.002 -14"><span class='ocrx_word' id='word_1_340' title='bbox 278 2648 336 2682; x_wconf 85' lang='lat'><strong><em>10.</em></strong></span> <span class='ocrx_word' id='word_1_341' title='bbox 384 2649 579 2695; x_wconf 82' lang='grc' dir='ltr'><strong><em>Σέλευκον]</em></strong></span> <span class='ocrx_word' id='word_1_342' title='bbox 607 2651 850 2693; x_wconf 88' lang='grc' dir='ltr'><strong><em>Κάσσανδρον</em></strong></span> <span class='ocrx_word' id='word_1_343' title='bbox 872 2650 1032 2684; x_wconf 79' lang='lat' dir='ltr'>FTVW:</span> <span class='ocrx_word' id='word_1_344' title='bbox 1057 2650 1147 2686; x_wconf 74' lang='lat' dir='ltr'><strong>conf.</strong></span> <span class='ocrx_word' id='word_1_345' title='bbox 1172 2651 1216 2684; x_wconf 85' lang='lat' dir='ltr'><strong><em>ad</em></strong></span> <span class='ocrx_word' id='word_1_346' title='bbox 1244 2661 1279 2694; x_wconf 82' lang='lat' dir='ltr'><strong><em>p.</em></strong></span> <span class='ocrx_word' id='word_1_347' title='bbox 1301 2649 1382 2683; x_wconf 76' lang='lat'><strong><em>371.</em></strong></span> <span class='ocrx_word' id='word_1_348' title='bbox 1408 2648 1463 2680; x_wconf 78' lang='lat' dir='ltr'><strong><em>ll.</em></strong></span> 
     </span>
     <span class='ocr_line' id='line_1_47' title="bbox 279 2690 1557 2749; baseline -0.002 -21"><span class='ocrx_word' id='word_1_349' title='bbox 279 2694 339 2728; x_wconf 82' lang='lat'><strong><em>12.</em></strong></span> <span class='ocrx_word' id='word_1_350' title='bbox 377 2695 682 2749; x_wconf 80' lang='grc' dir='ltr'><strong><em>δεινοπαθήσας]</em></strong></span> <span class='ocrx_word' id='word_1_351' title='bbox 716 2694 927 2741; x_wconf 84' lang='grc' dir='ltr'><strong><em>ἀναβοήσας</em></strong></span> <span class='ocrx_word' id='word_1_352' title='bbox 950 2697 1017 2730; x_wconf 78' lang='lat' dir='ltr'><strong><em>&#39;IX</em></strong></span> <span class='ocrx_word' id='word_1_353' title='bbox 1040 2695 1371 2731; x_wconf 74' lang='lat' dir='ltr'><strong>Bas.13</strong></span> <span class='ocrx_word' id='word_1_354' title='bbox 1419 2690 1557 2726; x_wconf 81' lang='grc' dir='ltr'><strong><em>θάλατ-</em></strong></span> 
     </span>
     <span class='ocr_line' id='line_1_48' title="bbox 191 2738 1412 2788; baseline 0.001 -15"><span class='ocrx_word' id='word_1_355' title='bbox 191 2739 284 2784; x_wconf 83' lang='grc' dir='ltr'><strong><em>ταν]</em></strong></span> <span class='ocrx_word' id='word_1_356' title='bbox 305 2740 390 2774; x_wconf 85' lang='lat' dir='ltr'>libri</span> <span class='ocrx_word' id='word_1_357' title='bbox 412 2739 605 2777; x_wconf 80' lang='grc' dir='ltr'><strong><em>θάλασσαν</em></strong></span> <span class='ocrx_word' id='word_1_358' title='bbox 787 2744 844 2776; x_wconf 81' lang='lat'><strong><em>20.</em></strong></span> <span class='ocrx_word' id='word_1_359' title='bbox 898 2741 1095 2788; x_wconf 84' lang='grc' dir='ltr'><strong><em>Τράλλεις]</em></strong></span> <span class='ocrx_word' id='word_1_360' title='bbox 1124 2739 1300 2787; x_wconf 81' lang='grc' dir='ltr'><strong><em>Τράλλεις</em></strong></span> <span class='ocrx_word' id='word_1_361' title='bbox 1322 2751 1360 2775; x_wconf 84' lang='grc' dir='ltr'><strong><em>τε</em></strong></span> <span class='ocrx_word' id='word_1_362' title='bbox 1383 2738 1412 2772; x_wconf 69' lang='grc' dir='ltr'><strong><em>Ι·</em></strong></span> 
     </span>
     <span class='ocr_line' id='line_1_49' title="bbox 190 2786 865 2833; baseline 0.003 -13"><span class='ocrx_word' id='word_1_363' title='bbox 190 2787 251 2822; x_wconf 86' lang='lat'><strong><em>21.</em></strong></span> <span class='ocrx_word' id='word_1_364' title='bbox 297 2787 474 2831; x_wconf 76' lang='grc' dir='ltr'><strong><em>Καῦνον]</em></strong></span> <span class='ocrx_word' id='word_1_365' title='bbox 503 2786 701 2825; x_wconf 78' lang='grc' dir='ltr'><strong><em>Πεύκανον</em></strong></span> <span class='ocrx_word' id='word_1_366' title='bbox 724 2789 865 2833; x_wconf 73' lang='lat' dir='ltr'><strong><em>1²·va</em></strong></span> 
     </span>
    </p>
   </div>
  </div>
 </body>
</html>
