1820 3249
344 146 453 188 1372
708 142 820 186 LIB.
850 141 960 185 XIX.
1018 141 1148 185 GAP.
1176 145 1243 187 34.
1271 145 1340 187 35

260 262 311 302 10
341 250 550 325 δυνάμεσι
578 254 851 326 παρέχεσθαι
908 253 1080 311 ἀπέχειν
1109 257 1155 300 δὲ
1195 256 1421 313 συνέβαινε
1449 256 1528 312 τὴν
1556 256 1698 311 χώραν

340 311 503 382 ταύτην
520 315 606 355 τῶν
631 312 730 366 περὶ
756 310 1001 382 Ἀντίγονον
1030 311 1101 356 διά
1131 313 1210 368 μὲν
1238 318 1313 369 τῆς
1342 313 1610 382 οἰκουμένης
1624 329 1692 357 πο

339 368 559 425 ρευομένῳ
602 367 822 423 σταθμούς
860 370 994 412 εἴκοσι
1032 370 1182 420 πέντε,
1231 370 1302 414 διά
1337 370 1383 413 δὲ
1420 373 1496 425 τῆς
1527 369 1700 430 ἐρήμου

340 426 412 469 καὶ
456 427 572 480 [τῆς]
612 424 806 496 ἀνύδρου
844 425 1065 481 σταθμούς
1102 427 1238 469 ἐννέα.
1299 428 1342 469 οἱ
1372 426 1450 481 μὲν
1489 429 1571 469 οὐν
1606 426 1702 480 περὶ

341 479 519 551 Εὐμένη
557 482 630 525 καὶ
665 480 742 525 τὸν
768 481 1013 537 Ἀντίγονον
1050 486 1264 527 τοσοῦτον
1303 482 1496 551 ἀλλήλων
1533 484 1703 526 διεστώ-

260 540 311 582 15
340 554 407 588 τες
449 537 496 580 έν
534 537 707 588 τούτοις
745 543 835 589 τοῖς
868 538 1016 590 τόποις
1054 542 1362 595 παρεχείμαζον
1401 538 1489 595 άμα
1518 540 1592 582 καὶ
1628 539 1703 590 τὰς

343 593 547 649 δυνάμεις
566 593 887 663 ἀνελάμβανον.

258 654 314 694 35
454 650 577 694 Kato?
615 652 660 695 δὲ
694 651 776 722 τὴν
805 650 1026 707 Εὐρώπην
1056 649 1340 705 Κάσσανδρος
1367 651 1446 707 μὲν
1484 652 1531 695 ἐν
1561 655 1707 722 Πελο-

343 705 559 778 ποννήσῳ
602 707 761 763 Τεγέαν
799 711 1071 761 πολιορκων
1118 708 1192 750 καὶ
1241 708 1490 762 πυθόμενος
1536 725 1616 763 την
1663 724 1708 751 τε

260 769 315 808 20
345 761 635 819 Ὀλυμπιάδος
664 764 861 807 κάθοδον
902 766 960 814 εἰς
991 764 1274 806 Μακεδονίαν
1312 765 1385 807 καὶ
1414 764 1498 835 τὴν
1521 764 1709 816 Εὐρυδί-

349 836 426 875 κης
461 821 534 864 καὶ
575 821 793 864 Φιλίππου
829 827 909 863 τοῦ
945 820 1151 875 βασιλέως
1196 818 1437 872 ἀναίρεσιν,
1476 820 1536 863 ἔτι
1574 821 1619 864 δὲ
1655 820 1708 864 τά

350 877 450 931 περὶ
479 875 698 928 τάδελφοῦ
727 877 799 919 καὶ
820 876 898 919 τὸν
925 876 1088 920 Ἰόλλου
1106 876 1247 945 τάφον
1267 877 1581 948 συμβεβηκότα;
1601 876 1710 929 πρὸς

347 933 427 1001 μὲν
463 931 567 982 τούς
603 932 808 988 Τεγεάτας
851 935 913 976 διε
907 933 1095 985 -λύσατο,
1135 935 1214 989 την
1252 933 1298 975 δὲ
1329 931 1515 1002 δύναμιν
1553 931 1712 975 άναλα-

348 988 440 1045 βων
469 991 660 1044 προῆγεν
697 990 764 1033 ἐπὶ
794 992 1093 1041 Μακεδονίας,
1121 989 1368 1033 καταλιπών
1404 1006 1508 1040 τους
1546 989 1712 1044 συμμά-

265 1048 319 1090 25
346 1061 450 1115 χους
480 1046 527 1089 ἐν
544 1049 706 1117 πολλῇ
726 1051 906 1117 ταραχῇ·
938 1045 1149 1101 ἐφήδρευε
1177 1045 1260 1101 γὰρ
1294 1051 1387 1096 ταῖς
1417 1046 1462 1088 ἐν
1494 1049 1711 1088 Πελοπον-

347 1101 465 1158 νήσῳ
495 1101 672 1146 πόλεσιν
695 1099 972 1158 Ἀλέξανδρος
1002 1102 1025 1146 ὁ
1046 1105 1430 1171 Πολυσπέρχοντος
1459 1102 1566 1158 ἔχων
1591 1114 1713 1157 στρα-

348 1158 547 1202 τόπεδον.
629 1160 815 1202 Αἰτωλοὶ
867 1159 912 1202 δὲ
956 1161 1206 1229 χαρίζεσθαι
1255 1158 1516 1231 βουλόμενοι
1566 1162 1620 1215 τῇ
1668 1174 1712 1201 τε

344 1213 604 1284 Ὀλυμπιάδι
633 1216 704 1258 καὶ
737 1215 1110 1285 Πολυσπέρχοντι,
1146 1215 1199 1259 τὰ
1226 1216 1322 1269 περὶ
1350 1215 1427 1265 τάς
1454 1214 1594 1266 πύλας
1625 1226 1714 1257 στε-

350 1273 407 1315 νὰ
436 1271 724 1327 κατελάβοντο
752 1273 825 1315 καὶ
853 1277 928 1327 τῆς
960 1272 1159 1327 παρόδου
1188 1271 1265 1314 τόν
1293 1271 1586 1325 Κάσσανδρον
1616 1269 1715 1314 άπέ-

268 1333 322 1374 30
351 1334 535 1372 κλεισαν.
595 1327 617 1371 ὁ
667 1328 713 1371 δε
753 1328 980 1384 βιάζεσθαι
1025 1329 1104 1383 μὲν
1141 1327 1251 1382 πρὸς
1294 1327 1457 1378 τόπους
1500 1327 1712 1383 δυςεμβό-

351 1389 458 1436 λους
502 1383 696 1439 ἀπέγνω,
746 1384 1187 1457 παρασκευασάμενος
1236 1384 1280 1427 δὲ
1326 1390 1456 1428 πλοῖα
1505 1385 1576 1427 καὶ
1624 1395 1714 1439 σχε-

353 1444 448 1492 δίας
485 1441 531 1484 ε’κ
569 1457 613 1484 τε
654 1457 728 1496 της
767 1441 962 1509 Εὐβοίας
1002 1443 1072 1486 καὶ
1117 1445 1191 1497 τῆς
1226 1443 1440 1495 Λοκρίδος
1482 1440 1715 1494 ἐπεραίωσε

350 1497 429 1551 τὴν
469 1496 657 1553 δύναμιν
691 1499 750 1548 εἰς
786 1497 866 1552 τὴν
908 1499 1152 1541 Θετταλίαν.
1221 1497 1398 1541 άκούων
1434 1498 1479 1540 δὲ
1508 1498 1607 1552 περὶ
1636 1496 1716 1553 τήν

353 1554 625 1609 Περραιβίαν
661 1559 970 1609 προκαθησθαι
1003 1554 1367 1623 Πολυσπέρχοντα
1397 1554 1501 1609 μετὰ
1532 1566 1718 1608 στρατο-

271 1614 324 1657 35
353 1612 502 1659 πέδου,
523 1612 700 1653 Κάλλαν
728 1612 806 1667 μὲν
836 1611 1050 1655 ἀπέστειλε
1080 1610 1321 1681 στρατηγόν
1349 1627 1453 1666 μετα
1483 1611 1718 1666 δυνάμεως,

353 1665 592 1741 προςτάξας
612 1669 899 1736 διαπολεμεῖν
926 1673 1017 1719 τοῖς
1043 1668 1149 1722 μετα
1183 1669 1580 1722 Πολυσπέρχοντος.
1621 1672 1717 1710 Δει-

354 1727 452 1775 νίας
492 1723 537 1767 δε
573 1723 627 1766 τὰ
671 1724 798 1768 στενα
836 1723 1298 1780 προκαταληψόμενος,
1342 1723 1589 1779 ἀπαντήσας
1628 1728 1720 1773 τοῖς

355 1780 436 1825 ὑπ’
465 1779 755 1836 Ολυμπιάδος
785 1781 1103 1833 ἐξαποσταλεῖσι
1133 1781 1409 1833 στρατιώταις
1438 1780 1603 1848 ε’φθασε
1631 1783 1719 1822 τῶν

273 1842 328 1884 40
357 1836 566 1892 παρόδων
602 1839 843 1891 κυριεύσας.
903 1837 1141 1893 Ὀλυμπιας
1179 1837 1224 1881 δὲ
1256 1837 1482 1899 πυθομένη
1520 1835 1719 1880 Κάσσαν-

357 1898 465 1949 δρον
506 1894 608 1968 μετὰ
637 1894 820 1951 μεγάλης
849 1894 1073 1965 δυνάμεως
1101 1895 1284 1949 πλησίον
1319 1899 1430 1937 εἰναι
1461 1896 1536 1948 τῆς
1563 1897 1720 1936 Μακε-

360 1952 536 2002 δονίας,
564 1950 845 2004 Ἀριστόνουν
879 1953 957 2023 μὲν
987 1950 1176 2002 ἀπέδειξε
1206 1949 1456 2021 στρατηγόν.
1484 1949 1796 1993 κελεύσασα345

361 2010 633 2062 διαπολεμεῖν
672 2013 762 2058 τοῖς
799 2009 897 2061 περὶ
926 2009 1228 2060 Κάσσανδρον.
1288 2006 1396 2062 αὐτὴ
1427 2005 1472 2049 δὲ
1500 2010 1741 2075 παρῆλθεν

278 2080 331 2122 45
360 2066 420 2115 εἰς
452 2048 634 2106 Πύδναν
675 2064 832 2119 ε’χουσα
870 2063 947 2106 τόν
984 2063 1084 2106 υἱὸν
1122 2063 1198 2106 τόν
1224 2061 1504 2131 Ἀλεξάνδρου
1540 2063 1612 2105 καὶ
1640 2078 1721 2117 την

360 2120 524 2178 μητέρα
564 2118 699 2162 αὐτοῦ
734 2118 948 2176 Ῥωξάνην
987 2121 1060 2163 καὶ
1101 2122 1414 2175 Θετταλονίκην
1450 2118 1530 2172 τὴν
1574 2121 1720 2161 Φιλίπ-

361 2194 449 2222 που
498 2180 578 2221 τοῦ
613 2174 826 2233 Ἀμύντου
866 2177 1116 2233 θυγατέρα,
1164 2176 1274 2232 πρός
1314 2176 1359 2220 δὲ
1398 2173 1569 2226 τούτοις
1603 2178 1721 2232 Δηι-

361 2327 396 2361 9.
442 2323 685 2369 παρέχεσθαι]
708 2322 959 2369 παρασχέσθαι
979 2325 1057 2359 FW
1215 2322 1272 2358 11.
1303 2320 1401 2380 διά]
1426 2321 1463 2358 ἐκ
1485 2322 1567 2358 Bas.

359 2372 614 2426 πορευομένῳ]
639 2384 896 2415 πορευομενων
920 2373 1000 2405 Bas.
1190 2369 1248 2404 12.
1296 2367 1431 2412 ἐρήμου
1461 2370 1522 2404 καὶ
1545 2369 1608 2414 τῆς
1632 2365 1721 2403 οινύ-

359 2420 474 2461 δρου]
511 2415 692 2476 ἀνύδρου
712 2419 773 2452 καὶ
808 2416 944 2462 ἐρήμου
977 2417 1024 2450 F:
1069 2416 1157 2448 conf.
1189 2416 1233 2448 ad
1261 2427 1296 2458 p.
1322 2415 1398 2449 198.
1423 2415 1480 2450 26.
1660 2415 1718 2448 21.

359 2464 545 2506 τάδελφοῦ
569 2464 631 2498 καὶ
654 2463 718 2498 τὸν
737 2463 871 2499 Ἰόλλου
896 2462 1038 2506 τάφον]
1071 2459 1136 2495 τὸν
1157 2457 1290 2495 Ἰόλλου
1315 2460 1502 2504 τάδελφοῦ
1525 2460 1613 2515 TX,
1652 2458 1718 2493 τόν

359 2507 474 2545 Ἰόλλα
487 2507 683 2564 τάδελφοῦ
697 2511 796 2544 Bas..
821 2510 1037 2544 scribendum
1054 2508 1188 2540 videtur
1205 2505 1271 2542 τόν
1287 2506 1450 2552 α’δελφὸν
1470 2507 1532 2542 καὶ
1556 2503 1619 2541 τόν
1636 2503 1721 2540 Ἰόλ-

362 2559 427 2593 λου
451 2554 574 2600 τάφον
752 2555 1093 2593 23.]ῑ1ακεδονίας
1114 2554 1368 2593 FVY‚caete1·i
1394 2554 1630 2588 Μακεδονίαν

452 2602 509 2637 32.
555 2601 617 2636 καὶ
639 2602 724 2645 τῆς]
759 2602 821 2638 καὶ
843 2603 873 2636 F
1061 2599 1117 2633 34.
1164 2601 1429 2643 προκαθῆσθαι
1458 2600 1536 2633 Wes
1540 2597 1720 2642 selingius.

366 2647 448 2683 libri
469 2649 756 2693 προς-καθῆσθαι
951 2645 1008 2681 35.
1056 2643 1246 2689 δυνάμεως
1266 2647 1394 2689 FTW,
1418 2645 1545 2681 caeteri
1567 2645 1632 2689 τῆς
1656 2643 1721 2677 δυ-

366 2694 510 2739 νάμεως
688 2694 744 2730 41.
791 2692 885 2730 εἶναι
903 2705 971 2728 om.
995 2693 1024 2725 F

456 2738 536 2774 345.
570 2739 626 2775 46.
671 2742 741 2776 τοῦ
760 2735 955 2786 Ἀμύντου]
987 2735 1163 2782 Ἀμύντου
1186 2738 1268 2772 Bas.
1463 2734 1719 2782 Δηιδάμειαν]

370 2784 612 2831 Δικιδάμειαν
631 2786 711 2822 Bas.
