1820 3249
453 140 1169 186 LIB.XV1.CAP.86.—88.
1391 151 1499 193 1121

121 257 325 308 ἐλάττους
361 258 452 301 τῶν
487 254 718 310 διςχιλίων.
778 251 938 324 ὁμοίως
974 251 1021 296 δὲ
1057 253 1132 297 καὶ
1169 271 1259 299 των
1289 261 1501 306 Βοιωτῶν

119 315 273 358 πολλοὶ
295 313 398 383 μὲν
425 311 729 381 ἀνῃρέθησαν,
780 307 865 354 οὐκ
905 307 1047 379 ὀλίγοι
1087 311 1134 354 δὲ
1173 311 1499 382 ἐζωγρήθησαν

119 372 225 441 μετὰ
267 369 312 414 δε
347 367 427 438 τήν
459 367 601 425 μάχην
637 365 661 411 6
701 367 917 418 Φίλιππος
956 365 1171 421 τρόπαιον
1188 369 1382 426 στήσας,
1423 377 1498 420 καὶ

118 428 221 479 τούς
247 426 432 481 νεκρούς
460 427 520 477 εἰς
547 423 694 495 ταφὴν
723 422 1019 480 συγχωρήσας,
1050 424 1240 470 ἐπινίκια
1261 433 1352 479 τοῖς
1373 436 1495 484 θεοῖς
1523 437 1579 477 20

118 485 249 528 ἔθυσε
285 483 359 527 καὶ
393 481 498 534 τοὺς
534 479 959 538 ἀνδραγαθήσαντας
993 480 1105 525 κατά
1142 481 1223 539 τήν
1262 482 1387 537 ἀξίαν
1416 489 1495 533 ε’τί.

115 553 418 666 μησεΛὲγουσι
458 593 505 639 δέ
519 610 654 666 ,τινες
695 592 764 639 οτι
799 592 874 637 καὶ
910 609 1031 664 παρα
1067 591 1147 638 τόν
1183 595 1322 640 πότον
1349 600 1495 646 πολυν
1521 608 1579 648 87

113 651 474 723 ἐμφορησάμενος
513 649 705 722 άκρατον
743 650 818 694 καὶ
845 649 949 707 μετὰ
989 653 1078 694 τῶν
1107 653 1251 707 φίλων
1285 653 1363 698 τόν
1401 658 1492 702 ἐπι-

112 713 256 754 νίκιον
284 709 414 780 ἄγων
430 713 582 764 κῶμον
613 708 686 753 διὰ
714 708 859 764 μέσων
880 711 969 751 τῶν
992 709 1277 763 αἰχμαλώτων
1296 711 1493 768 ἐβάδιζεν
1520 720 1577 761 25

111 766 303 821 ὑβρίζων
345 765 419 810 δια
462 765 607 836 λόγων
643 763 720 816 τὰς
757 769 846 808 τῶν
863 763 1200 836 ἀκληρούντων
1248 769 1491 840 δυςτυχίας.

108 823 324 894 Δημάδην
353 823 399 868 δὲ
427 822 504 867 τὸν
536 821 702 892 ῥήτορα
731 821 832 866 κατ’
857 821 1028 865 ἐκεῖνον
1055 822 1134 866 τὸν
1154 824 1316 878 καιρόν
1334 827 1382 870 ἐν
1403 833 1493 881 τοῖς

109 880 396 937 αἰχμαλώτοις
423 879 530 924 ὄντα
556 879 804 952 χρήσασθαι
834 878 1080 948 παρῥησία,
1126 881 1200 924 καὶ
1228 880 1365 937 λόγον
1389 883 1494 929 ἀπο-

111 938 388 993 φθέγξασθαι
407 936 654 993 δυνάμενον
673 935 923 980 ἀναστεῖλαι
943 953 1023 993 την
1038 941 1120 981 τοῦ
1138 939 1351 993 βασιλέως
1369 939 1490 986 ἀσέλ-
1518 949 1574 989 30

109 1010 245 1050 γειαν.
303 994 412 1051 φασὶ
439 994 526 1050 γάρ
557 995 693 1038 εἰπεῖν
721 992 878 1046 αὐτόν,
917 996 1130 1046 Βασιλεῦ,
1161 998 1248 1065 τῆς,
1260 995 1390 1054 τύχης
1420 1011 1491 1044 σοι

109 1053 361 1121 περιθείσης
393 1051 629 1106 πρόςωπον
664 1048 986 1121 Ἀγαμέμνονος
1026 1048 1161 1101 αὐτὸς
1192 1049 1277 1096 οὐκ
1306 1054 1491 1126 αἰσχύνῃ

108 1108 311 1162 πράττων
340 1109 444 1178 ἔργα
479 1110 714 1163 Θερσίτους
750 1107 829 1151 τὸν
857 1107 904 1152 δὲ
940 1108 1161 1152 Φίλιππον
1201 1113 1254 1166 τῇ
1284 1114 1360 1166 τῆς
1393 1112 1485 1156 ἑπι-

106 1166 297 1236 πλήξεως
341 1164 541 1235 εὐστοχία
587 1163 824 1235 κινηθέντα
875 1167 1062 1208 τοσοῦτο
1113 1169 1370 1236 μεταβαλεῖν
1407 1185 1491 1226 την

107 1221 216 1278 ὅλην
247 1220 446 1266 διάθεσιν
476 1221 580 1273 ω’ςτε
608 1222 712 1273 τούς
741 1238 820 1292 μεν
850 1221 1096 1291 στεφάνους
1125 1220 1393 1291 ἀπορρῖψαι,
1434 1243 1488 1270 τα
1515 1230 1572 1273 35

107 1279 153 1322 δὲ
203 1282 625 1323 συνακολουθοῦντα
676 1278 788 1323 κατά
834 1277 913 1321 τὸν
961 1282 1114 1328 κῶμον
1163 1278 1360 1350 σύμβολα
1408 1286 1487 1338 τῆς

105 1334 274 1390 ’ὕβρεως
304 1335 646 1390 ἀποτρίψασθαι,
675 1335 756 1380 τόν
785 1332 832 1380 δ’
862 1335 1004 1391 ἄνδρα
1032 1335 1112 1379 τὸν
1130 1336 1405 1408 χρησάμενον
1430 1343 1487 1398 τῇ

106 1392 328 1462 παρρησίᾳ
372 1391 602 1448 θαυμάσαι
647 1392 721 1436 καὶ
762 1397 837 1449 τῆς
873 1394 1166 1464 αἰχμαλωσίας
1203 1384 1487 1440 ἀπολύσαντα

106 1449 217 1502 πρὸς
248 1448 405 1493 ἑαυτὸν
434 1449 670 1505 ἀναλαβεῖν
701 1449 892 1502 ἐντίμως.
947 1450 1071 1501 τέλος
1101 1448 1146 1493 δ’
1176 1448 1266 1494 υπὸ
1293 1457 1378 1496 τοῦ
1393 1459 1482 1523 Δη-
1512 1454 1569 1499 40

105 1504 250 1561 μάδου
279 1506 635 1575 καθομιληθέντα
662 1511 757 1557 ταῖς
781 1504 991 1557 Ἀττικαῖς
1018 1505 1166 1563 χάρισι
1188 1505 1354 1559 πάντας
1381 1508 1489 1554 ἀπο-

103 1565 234 1605 λῦσαι
262 1562 365 1630 τοὺς
402 1562 697 1619 αἰχμαλώτους
725 1562 829 1607 άνευ
859 1562 1044 1618 λύτρων,
1085 1564 1285 1608 καθόλου
1307 1563 1352 1608 δ’
1378 1565 1486 1611 ἀπο-

102 1617 290 1673 θέμενον
319 1621 397 1687 τὴν
425 1620 472 1663 ἐκ
501 1624 578 1675 τῆς
602 1622 735 1690 νίκης
746 1619 1053 1692 ὑπερηφανίαν
1071 1620 1270 1692 πρέσβεις
1288 1619 1486 1668 ἀποστεῖ-

101 1679 214 1723 λαι
201 1675 311 1729 πρὸς
340 1675 418 1720 τὸν
447 1678 590 1733 δῆμον
617 1680 708 1720 τῶν
726 1675 982 1734 Ἀθηναίων,
1012 1677 1086 1721 καὶ
1104 1677 1349 1722 συνθέσθαι
1371 1680 1484 1734 πρὸς

102 1729 264 1784 αὐτους
307 1735 460 1789 φιλίαν
495 1749 540 1776 τε
585 1734 659 1777 καὶ
704 1736 974 1790 συμμαχίαν,
1027 1735 1088 1786 εἰς
1131 1733 1178 1778 δὲ
1215 1733 1293 1786 τάς
1334 1736 1482 1794 Θήβας
1511 1738 1568 1783 45

102 1805 306 1845 φρουραν
344 1788 718 1848 ἐγκαταστησαντα
758 1794 1036 1848 συγχωρῆσαι
1073 1789 1154 1848 τὴν
1182 1791 1362 1850 εἰρήνην
1389 1800 1483 1846 τοῖς

99 1848 354 1947 ΒοιωὸἳιςίΫ
389 1901 614 1973 Ἀθηναῖοι
649 1903 757 1959 μετὰ
798 1903 877 1975 τὴν
919 1897 1057 1963 ἧτταν
1093 1906 1365 1960 Λυσικλέους
1402 1925 1483 1964 μεν
1509 1912 1567 1952 88

99 1961 182 2001 τοῦ
211 1964 456 2017 στρατηγοῦ
483 1961 685 2005 θάνατον
713 1961 993 2019 κατέγνωσαν
1009 1962 1277 2020 Λυκούργου
1305 1968 1386 2009 τοῦ
1408 1965 1484 2022 ῥή-

100 2031 229 2069 τορος
262 2016 651 2090 κατηγορήσαντος.
720 2020 850 2070 οὖτος
894 2018 977 2076 γάρ
1016 2024 1107 2064 τῶν
1145 2021 1244 2065 τότε
1281 2021 1483 2078 ῥητόρων

99 2071 299 2128 μέγιστον
328 2074 437 2144 ε’χων
465 2073 656 2131 ἀξίωμα,
697 2075 771 2118 καὶ
802 2073 971 2120 δώδεκα
999 2094 1081 2132 μεν
1109 2076 1180 2134 ε’τη
1210 2077 1287 2130 τὰς
1314 2081 1479 2151 προςό-
1508 2080 1564 2125 50

99 2130 206 2181 δους
233 2133 310 2185 τῆς
338 2129 502 2183 πόλεως
532 2130 761 2202 διοικήσας
790 2132 1137 2201 ἐπαινουμένως,
1178 2136 1281 2191 βίον
1310 2134 1355 2180 δ
1385 2136 1481 2193 ἐζη-

98 2201 187 2237 κως
209 2186 277 2230 ἐπ’
297 2186 428 2246 ἀρετῇ
448 2188 726 2261 περιβόητον,
757 2189 1021 2261 πικρότατος
1042 2193 1099 2261 ῄν
1121 2190 1186 2246 [ἐν
1203 2197 1295 2244 τοῖς
1315 2191 1479 2250 λόγοις]

98 2241 349 2311 κατήγορος.
404 2249 533 2302 γνοίη
562 2246 606 2290 δ’
635 2245 692 2290 ἄν
720 2263 786 2298 τις
822 2245 964 2291 αὐτοῦ
1001 2265 1082 2319 την
1119 2249 1167 2292 ἐν
1203 2254 1294 2301 τοῖς
1331 2251 1480 2306 λόγοις

99 2296 224 2350 ἀξίαν
252 2302 325 2345 καὶ
353 2305 533 2359 πικρίαν
563 2303 611 2347 ἐν
640 2300 707 2353 οἷς
737 2306 819 2347 τοῦ
839 2304 1108 2356 Λυσικλέους
1128 2311 1388 2376 κατηγορῶν
1415 2309 1480 2352 λέ-
1510 2310 1567 2356 55

97 2370 188 2411 γει,
210 2356 531 2417 Ἑστρατήγεις,
561 2377 596 2404 ω
625 2359 865 2415 Λύσικλες,
895 2363 971 2406 καὶ
997 2364 1150 2418 χιλίων
1177 2363 1257 2420 μὲν
1288 2368 1484 2409 πολιτων

188 2471 360 2512 149.16.
407 2475 482 2510 τῶν
507 2474 596 2533 διςχ.
609 2475 622 2519 ]
660 2474 750 2521 διςχ.
783 2475 866 2511 Bas.
1051 2475 1110 2512 21.
1159 2474 1292 2522 ε’θυσε]
1333 2475 1423 2514 ε’θυε
1453 2479 1484 2513 F

97 2515 180 2553 Bas,
384 2521 441 2554 26.
500 2519 706 2566 ἐνεβάδιζεν
737 2522 822 2556 Bas.
1037 2522 1094 2557 29.
1153 2521 1367 2560 ἀποστεῖλαι
1399 2525 1483 2560 Bas.

280 2564 338 2600 33.
387 2568 591 2613 Θερσίτου]
633 2569 785 2604 Θεσίτου
809 2569 842 2603 Υ
1025 2568 1085 2604 34.
1131 2572 1314 2614 τοσοῦτο]
1347 2573 1482 2606 τοσοῦ-

99 2617 166 2640 τον
190 2606 250 2641 FL
270 2611 354 2647 Bas.
536 2614 594 2648 42.
642 2627 712 2650 υπε
715 2614 926 2660 ρηφανείαν
949 2615 980 2649 F
1164 2616 1221 2650 45.
1263 2616 1479 2662 ἐγκαταστή-

100 2653 237 2698 σαντα]
273 2666 311 2688 eo
337 2659 480 2694 deducto
504 2661 600 2695 addit
623 2661 757 2706 Cospus
942 2660 1001 2695 4.ss
1049 2661 1124 2695 τῶν
1147 2662 1254 2707 τότε]
1287 2665 1361 2698 τῶν
1383 2675 1421 2698 τε
1445 2664 1477 2705 Q

282 2699 338 2734 52
387 2700 425 2736 ἐν
449 2707 527 2746 τοῖς
549 2705 672 2751 λόγοις
695 2711 734 2742 ut
755 2719 798 2741 ex
821 2708 976 2752 sequenti
1000 2718 1104 2740 versu
1128 2707 1227 2743 illata
1251 2709 1367 2745 deleo:
1391 2709 1480 2744 omi-

95 2744 141 2780 sit
163 2745 268 2781 etiam
292 2747 466 2783 Gemistus
646 2752 703 2787 53.
754 2751 876 2790 αὐτου
896 2758 977 2800 post
999 2752 1122 2799 λόγοις
1143 2755 1243 2799 ponit
1266 2756 1297 2790 F

96 2790 155 2829 55.
201 2792 394 2840 Λύσικλες]
420 2797 609 2841 Λνσίκλεις
630 2799 806 2836 Gemistus

1149 2861 1204 2902 72
