1820 3249
1 169 4 210 J
517 157 635 200 Lm.
663 156 811 199 XV111.
870 154 1546 206 CAP.15.16.1271

93 267 460 326 ρεςριεποιήσατο.
503 272 610 312 τῶν
642 267 688 312 δὲ
719 270 946 311 Θετταλῶν
975 267 1140 312 ἱππέων
1161 270 1544 342 προςμαχομὲνων,
1575 278 1630 320 85

169 327 242 371 καὶ
275 327 347 371 διὰ
376 327 454 396 τὴν
483 326 728 394 δυςχωρίαν
757 322 993 380 α’πράκτων
1019 326 1275 382 γινομένων,
1308 330 1352 370 οἱ
1366 328 1444 383 μὲν
1450 328 1545 373 ’Ἐλ-

168 387 296 438 ληνες
334 382 547 436 τρόπαιον
587 381 843 453 στήσαντες
837 381 926 425 καὶ
965 385 1054 424 τῶν
1081 387 1249 454 νεκρῶν
1280 384 1543 438 κυριεύσαν-

167 456 237 491 τες
265 438 576 511 ἀπηλλάγησαν
611 438 658 482 ἐκ
697 442 772 495 τῆς
805 437 962 505 μα’χης.
1012 442 1069 495 τῇ
1096 438 1142 482 δ’
1171 439 1378 512 νστεραία
1406 458 1542 497 παρα-

166 496 427 554 γενηθέντος
458 494 741 565 Ἀντιπάτρου
780 497 886 549 μετὰ
923 498 1003 564 τῆς
1030 494 1256 551 δυνάμεως
1283 498 1356 540 καὶ
1387 501 1541 555 συμμί,
1570 506 1625 547 90

167 557 323 606 ξαντος
337 558 428 605 τοῖς
442 551 714 608 ηττημὲνοις,
744 554 849 607 μίαν
872 553 936 595 οἱ
944 551 1101 604 πάντες
1119 553 1373 623 Μακεδόνες
1395 554 1541 612 ἐποιή-

167 622 301 654 σαντο
329 609 410 665 τήν
438 610 825 666 στρατοπεδείαν,
815 609 889 652 καὶ
918 625 998 663 την
1030 613 1118 652 τῶν
1146 609 1261 653 ὅλων
1279 614 1542 682 στρατηγίαν

163 667 407 737 παρέλαβεν
431 665 722 720 Ἀντίπατρος.
770 667 898 717 οὑτος
927 667 974 710 δὲ
1003 668 1155 720 κρίνας
1185 666 1253 710 ἐπὶ
1276 673 1356 711 τοῦ
1379 669 1539 723 παρόν-

162 736 238 775 τὀς
265 723 449 793 ἡσυχίαν
479 724 601 780 ε’χειν,
630 724 704 768 καὶ
732 727 915 777 θεωρῶν
942 722 1046 774 τούς
1075 725 1347 777 πολεμίους
1330 741 1538 795 ιπποκρα-

161 783 360 833 τοῦντας,
392 780 473 838 τὴν
502 781 580 836 μὲν
611 779 682 823 δια
711 783 799 823 τῶν
829 778 1008 834 ὁμαλῶν
1037 779 1317 852 ἀποχώρησιν
1346 779 1534 837 ἀπέγνω,
1565 782 1621 824 95

160 837 234 881 διὰ
273 837 320 882 δὲ
355 841 431 894 τῆς
471 839 710 892 δυςχωρίας
747 838 971 906 προάγων
997 837 1071 880 καὶ
1111 854 1215 888 τους
1259 835 1567 909 ὑπερδεξίους

160 891 324 945 τόπους
369 894 898 963 προκαταλαμβανόμενος
948 891 1223 964 ἀπεχώρησεν
1270 894 1316 938 ἐκ
1368 895 1537 940 τούτων

159 954 251 995 τῶν
288 949 446 995 τόπων
502 950 744 1021 Ἀντίφιλος
782 951 827 994 δὲ
869 948 892 994 ὁ
929 954 1017 994 τῶν
1048 949 1278 1021 Ελλήνων
1296 952 1534 1009 στρατηγός

158 1005 364 1062 ἐπιφανεῖ
390 1025 504 1065 μαχῃ
533 1007 713 1063 νικήσας
742 1023 843 1058 τους
874 1005 1158 1059 Μακεδόνας,
1197 1006 1409 1063 ἐφήδρευε
1437 1011 1533 1066 περὶ
1565 1016 1647 1058 100

160 1065 395 1107 Θετταλίαν
425 1066 663 1135 διατρίβων
691 1064 764 1106 καὶ
800 1066 1071 1118 καραδοκῶν
1090 1063 1171 1121 τὴν
1199 1068 1286 1107 τῶν
1314 1068 1535 1137 πολεμίων

156 1117 312 1192 ὁρμήν.
375 1121 447 1164 καὶ
486 1120 539 1164 τὰ
577 1137 656 1176 μεν
689 1137 803 1164 κατα
843 1119 985 1171 τούς
978 1120 1192 1189 Ἕλληνας
1229 1121 1276 1164 ἐν
1312 1122 1534 1176 τοιαύταις

155 1176 404 1249 εὐημερίαις
431 1176 608 1233 υπῆρχε.
657 1181 745 1219 τῶν
765 1176 811 1220 δὲ
828 1175 1106 1220 Μακεδόνων
1124 1181 1533 1234 θαλαττοκρατούν-

153 1249 262 1286 των,
302 1235 347 1277 οἱ
373 1232 596 1290 Ἀθηναῖοι
624 1232 734 1288 πρὸς
762 1238 855 1284 ταῖς
882 1233 1182 1290 ὑπαρχούσαις
1211 1237 1369 1279 ναυσὶν
1399 1235 1535 1290 ἄλλας

150 1288 489 1339 κατεσκεύασαν
521 1291 623 1342 ὤςτε
651 1290 856 1346 γενέσθαι
888 1291 963 1341 τὰς
993 1291 1136 1342 πασας
1165 1291 1321 1335 εκατόν
1352 1292 1529 1367 ἑβδομή·
1557 1291 1584 1333 5

150 1364 299 1392 κοντα.
355 1352 444 1392 τῶν
473 1348 519 1391 δὲ
549 1350 868 1391 Μακεδονικῶν
896 1347 1045 1391 οὐσῶν
1062 1351 1176 1391 νεῶν
1196 1351 1434 1393 διακοσίων
1454 1351 1530 1394 καὶ

150 1420 470 1459 τετταρακοντα
514 1404 599 1475 τήν
638 1407 883 1474 ναυαρχίαν
929 1404 1012 1460 εἶχε
1054 1408 1244 1456 Κλεῖτος.
1313 1408 1463 1479 οὗτος
1479 1405 1527 1452 δὲ

150 1461 433 1517 ναυμαχήσας
461 1461 570 1515 πρὸς
589 1460 795 1504 Ἠετίωνα
827 1460 904 1504 τὸν
929 1461 1173 1517 Ἀθηναίων
1199 1461 1425 1519 ναύαρχον
1438 1465 1526 1508 ενί-

149 1530 254 1574 κησε
285 1519 386 1562 δυσὶ
413 1520 695 1590 ναυμαχίαις,
734 1518 807 1561 καὶ
838 1518 997 1573 συχνὰς
1034 1523 1122 1561 τῶν
1157 1521 1375 1574 πολεμίων
1409 1525 1532 1568 νεῶν

150 1575 381 1655 διέφθειρε
403 1575 502 1631 περὶ
527 1575 603 1626 τὰς
631 1575 840 1631 καλουμέῑ
843 1592 902 1627 ·ας
926 1574 1153 1632 Ἐχινάδας
1180 1575 1356 1632 νήσους
1554 1577 1607 1618 10

249 1677 386 1745 ’Ἅμα
392 1678 438 1722 δὲ
466 1677 638 1729 τούτοις
666 1676 981 1733 πραττομένοις
1012 1679 1257 1732 Περδίκκας
1287 1678 1393 1735 ε’χων
1418 1676 1523 1751 μεθ’
1554 1671 1609 1709 1⁶

146 1733 306 1780 εαυτοῦ
337 1733 413 1778 τόν
443 1751 487 1778 τε
516 1734 695 1790 βασιλέα
733 1736 953 1777 Φίλιππον
981 1735 1056 1777 καὶ
1081 1735 1160 1789 τὴν
1189 1736 1420 1793 βασιλικὴν
1447 1736 1522 1780 δύ

146 1808 280 1861 ναμιν
308 1791 586 1850 ἐστράτευσεν
614 1792 684 1835 ἐπὶ
711 1789 978 1861 Ἀριαραθην
1006 1790 1084 1835 τόν
1105 1794 1419 1844 Καππαδοκίας
1448 1796 1520 1837 δυ-

145 1847 320 1920 ναστην.
378 1850 518 1905 οὗτος
541 1864 628 1904 γαρ
670 1845 725 1892 οὐ
754 1848 981 1917 προςέχων
1020 1853 1113 1900 τοῖς
1140 1848 1396 1919 Μακεδόσιν
1430 1849 1519 1895 ὑπὸ
1551 1838 1602 1880 15

147 1921 228 1961 μεν
251 1896 533 1958 Ἀλεξάνδρου
561 1903 824 1975 παρεωραθη
855 1905 928 1948 δια
957 1904 1062 1956 τούς
1084 1905 1184 1959 περὶ
1201 1911 1392 1958 Δαρεῖον
1409 1904 1518 1962 αγῶ-

147 1978 227 2014 νας
254 1962 328 2006 καὶ
356 1961 693 2017 περισπασμούς,
724 1959 1011 2018 ἀναστροφήν
1033 1961 1078 2032 δὲ
1097 1960 1317 2018 πολυχρόι
1321 1980 1393 2034 ⁶⁰3¹
1412 1963 1516 2019 ε’σχε,

145 2017 367 2074 κυριεύων
394 2023 481 2088 τῆς
497 2020 822 2069 Καππαδοκίας.
883 2020 951 2062 διὸ
982 2019 1055 2062 καὶ
1083 2019 1223 2062 πολλὰ
1251 2019 1329 2075 μὲν
1359 2020 1405 2063 ἐκ
1427 2024 1517 2064 τῶν

141 2075 372 2130 προςόδων
399 2073 597 2144 χρήματα
624 2074 832 2147 ἤθροισε,
869 2074 1075 2146 δυνάμεις
1104 2075 1148 2119 δ’
1177 2075 1413 2132 ἐγχωρίους
1441 2077 1515 2122 καὶ

141 2131 314 2184 ξενικας
350 2131 535 2203 μεγάλας
565 2131 868 2193 συνεστήσατο.
927 2131 996 2176 διδ
1031 2132 1106 2175 καὶ
1140 2134 1360 2187 βασιλείας
1393 2133 1512 2176 ἄντι-
1542 2125 1596 2165 20

141 2189 404 2247 ποιούμενος
441 2188 612 2246 ἕτοιμος
641 2193 696 2246 ην
725 2189 836 2245 πρὸς
873 2189 952 2234 τὸν
983 2190 1236 2245 Περδίκκαν
1269 2192 1516 2248 διαγωνίζε-

233 2380 314 2417 269.
342 2380 403 2416 86.
451 2394 515 2416 και
544 2382 632 2437 διὰ]
669 2380 733 2418 διαὶ
764 2383 840 2417 Wv
1024 2381 1079 2417 95.
1129 2378 1302 2429 ὁμαλῶν]
1331 2385 1511 2427 legebatur

143 2423 266 2461 ὅπλων
447 2424 706 2482 ἀποχώρησιν]
730 2439 988 2474 προςχωρησιν
1010 2429 1151 2471 me
1319 2430 1377 2466 97.
1423 2429 1510 2466 ἀπε-

142 2471 326 2527 χώρησεν]
349 2469 579 2530 ὑπεχώρησεν
603 2476 695 2519 rm
703 2476 744 2508 W
926 2475 983 2509 99.
1030 2473 1235 2519 ἐφήδρευε]
1259 2473 1453 2520 ἐφέδρευσε
1476 2477 1506 2511 F

231 2519 266 2555 5.
291 2517 436 2575 ἑκατὸν]
457 2521 647 2561 διακοσίας
666 2523 764 2555 Wcss
767 2521 916 2566 elingius
1052 2521 1086 2556 6.
1111 2523 1233 2556 ου’σῶν
1249 2523 1355 2566 νεῶν]
1380 2522 1505 2557 malim

140 2566 236 2599 νεῶν
259 2563 381 2599 ου’σῶν
513 2567 781 2611 τετταράκοντα
806 2548 857 2605 ΕΟ
868 2580 893 2608 μ
918 2569 1012 2608 Bam.⁹
1032 2566 1300 2610 τεσσαράκοντα
1323 2569 1450 2603 caeteri

233 2610 267 2646 7.
289 2611 539 2656 ναυμαχήσας]
551 2612 882 2668 vavaqzrjoagkw
1021 2613 1054 2647 8.
1077 2612 1220 2669 ἐνίκησε
1238 2614 1504 2656 Fvu‚caete1·i

142 2657 323 2700 vsviunne:
353 2658 444 2693 conf.
469 2670 503 2703 p.
526 2658 932 2694 255.25.10
969 2656 1182 2716 Ἐχινάδας]
1206 2657 1403 2705 ’Ἑχινωδας
1427 2662 1458 2694 X

235 2703 292 2738 16.
315 2698 568 2764 ἀναστροφὴν]
583 2703 896 2752 καὶᾶναστροφήν
909 2707 951 2738 W
954 2706 1039 2747 ,qui
1053 2704 1104 2740 δὲ’
1108 2707 1267 2740 omittere
1280 2719 1346 2740 non
1359 2713 1391 2740 tr
1393 2706 1506 2739 audiun

233 2748 291 2782 17.
337 2747 426 2793 ἔσχε]
451 2755 522 2795 εἶχε
544 2752 607 2786 ΧΥ
631 2750 1152 2808 Βειε.18.ήθροισε]
1178 2754 1322 2795 περιῆγε
1347 2753 1396 2793 F,
1421 2751 1507 2785 iilud

143 2794 177 2829 iu
202 2805 314 2840 marg.
340 2806 466 2839 ponens
648 2798 705 2834 19.
752 2797 932 2844 μεγαλας]
959 2799 1019 2834 καὶ
1049 2797 1210 2846 μεγάλας
1241 2800 1322 2834 Bas.
