1820 3249
529 125 651 178 mn.
680 127 770 176 xv.
827 118 958 176 GAP.
978 137 1026 176 ο.
1055 136 1095 177 7.
1416 131 1501 178 953

134 243 219 294 οὖν
246 246 319 293 διοὲ
314 246 424 318 τὴν
466 232 753 302 εὐτραπελίαν
778 248 867 290 τῶν
902 244 1047 301 λόγων
1074 245 1298 301 μειδιάσας
1327 244 1352 290 6
1382 249 1500 290 Διο-

129 305 281 357 νύσιος
305 303 458 362 ἤνεγκε
486 303 568 361 τήν
581 304 868 377 παῤῥησίαν,
909 306 990 346 τοῦ
1019 302 1204 376 γέλωτος
1232 303 1328 373 τὴν
1341 302 1502 359 μέμψιν
1530 308 1584 347 30

130 361 452 421 ἀμβλύνοντος·
497 378 572 418 μετ
633 360 785 432 ὀλίγον
821 360 867 404 δὲ
903 362 994 428 τῷν
1027 362 1281 429 γνωρίμων
1301 359 1390 413 ἅμα
1429 360 1504 402 καὶ

127 423 211 490 τοῦ
235 421 494 463 Διονυσίου
510 417 872 473 παραιτουμένων
899 417 980 473 τήν
1017 417 1204 472 α’καιρον
1242 416 1502 471 παρρησίαν,

128 473 154 519 6
196 474 429 528 Φιλόξενος
470 475 748 532 ἐπηγγείλατο
791 473 1043 530 παράδοξόν
1086 491 1185 517 τινα
1229 473 1499 546 ἐπαγγελίαν.
1544 525 1583 529 ..

128 532 213 589 εφη
239 532 328 598 ’γαρ
360 533 433 577 δια
464 535 554 604 τῆς
566 533 834 587 ἀποκρίσεως
861 531 1066 587 τηρήσειν
1090 530 1180 587 ἅμα
1205 531 1278 575 καὶ
1302 531 1383 599 τήν
1393 528 1504 585 αλή-

117 594 277 659 Γθειαν
284 591 358 634 καὶ
395 588 476 646 τὴν
505 587 741 660 ευδόκησιν
768 592 847 633 τοῦ
877 590 1148 635 Διονυσίου
1208 589 1282 632 καὶ
1321 584 1382 632 οὐ
1417 589 1504 630 διε-“
1534 581 1588 625 35

125 644 311 720 ψεύσθη.
369 651 450 690 τοῦ
487 645 570 702 γὰρ
608 645 832 717 τυροῖννου
861 645 1239 701 προενεγκαμένου
1269 661 1392 695 τινας
1422 645 1505 686 στί-

123 718 231 761 χους
261 704 437 760 ε’χοντας
467 701 628 748 ελεεινα
659 703 794 766 παθη,
826 719 898 746 και
929 702 1229 771 ἐρωτήσαντος
1259 700 1377 745 Ποῖα
1405 717 1506 743 τινα

118 762 122 769 ’
163 762 327 806 θείνεται
354 778 407 832 τα
436 759 683 831 ποιήματα,·
727 767 844 804 εἰπεν
876 758 1062 830 Οἰκτροὲ,
1097 759 1170 802 δια
1198 762 1274 829 τῆς
1306 757 1506 813 ἀμφιβο-

117 816 120 824 '
153 818 221 868 ίας
251 816 476 873 αμφότερα
515 817 716 873 τηρήσας.
777 816 801 860 6
842 834 922 873 μεν
951 834 1032 872 γαρ
1064 815 1304 867 Διονύσιος
1334 815 1504 866 ἐδέξατο

116 872 192 918 ’τα-
208 873 387 937 οἴκτρα
397 880 506 919 εἰναι
543 874 727 918 ἐλεεινὰ
740 874 814 918 καὶ
854 875 1129 946 συμπαθείας
1164 871 1330 943 πλήρη,
1371 871 1424 915 τὰ
1459 871 1505 914 δὲ
1535 865 1589 907 40

123 935 306 975 τοιαῦτα
346 930 458 976 εἶναι
497 948 690 988 ποιητων
728 931 911 986 οἷγαθῶν
951 930 1257 1002 ἐΗπιτεύγματα·
1300 929 1415 972 ὅθεν
1446 927 1506 978 ὡς

123 987 370 1060 επῃνεκότα
394 988 530 1060 αὐτὸν
554 989 830 1044 απεδέχετο·
847 1005 891 1032 οι
930 988 987 1032 δ’-
1009 987 1134 1031 ἄλλοι
1156 1005 1245 1058 ἔην
1288 985 1505 1056 ἀληθινήν

116 1047 324 1094 ,διανοιαν
352 1036 627 1102 εκδεξαμενοι
654 1050 743 1089 πᾶν
771 1045 821 1090 τὸ
851 1044 1032 1100 οἰκτρόν
1062 1043 1391 1114 αποτεύγματος
1422 1041 1509 1114 φύ-

121 1112 194 1146 σιν
222 1105 426 1158 εἰρῆσθαι
455 1103 762 1173 διελάμβανον.
818 1102 1127 1158 παραπλήσιον
1165 1102 1210 1146 δὲ
1241 1101 1400 1157 συνέβη
1429 1099 1504 1143 καὶ
1533 1101 1587 1145 45

119 1159 223 1215 περὶ
247 1159 472 1204 Πλατωνα
501 1160 579 1204 τόν
608 1159 860 1217 φιλόσοφον
888 1159 1106 1215 γενέσθαι
1168 1157 1504 1230 μεταπεμψάμε-
1561 1161 1589 1200 7

114 1233 199 1288 ,νος
235 1217 319 1273 γὰρ
359 1216 436 1262 τὸν
474 1217 618 1273 ἄνδρα
657 1221 819 1261 τοῦτον
852 1217 907 1260 τό
950 1218 1029 1273 μὲν
1068 1221 1246 1270 πρῶτον
1285 1215 1505 1285 ἄποδοχης

120 1271 246 1329 ἠξίου
274 1278 351 1331 τῆς
372 1276 583 1344 μεγίστης,
616 1274 732 1329 ὁρῶν
762 1273 898 1347 αὐτον
927 1274 1176 1346 παῤῥησίαν
1200 1274 1353 1330 ε’χοντα
1379 1270 1506 1322 ἀξίαν

114 1334 197 1401 ,τῆς
229 1334 518 1387 φιλοσοφίας·
548 1331 735 1385 ’ὕστερον
766 1332 807 1375 6'
838 1331 885 1375 ἐκ
914 1348 1049 1375 τινων
1079 1331 1222 1387 λόγων
1248 1327 1505 1399 προςκόψας
1536 1332 1590 1376 50

122 1386 259 1446 αὐτῷ
271 1393 494 1440 παντελως
534 1387 902 1459 ἀπηλλοτριώθη,
940 1389 1016 1432 καὶ
1052 1388 1322 1446 προαγαγών
1360 1389 1423 1438 εἰς
1456 1385 1505 1429 τὸ

118 1431 363 1499 πρατήριον
393 1445 451 1496 ὦς
481 1444 767 1498 ανδραποδον
795 1445 984 1489 απέδοτο
1018 1451 1142 1501 ’μνων
1171 1448 1349 1490 εἴκοσιν.
1396 1442 1507 1487 ἀλλα

120 1505 282 1544 τοῦτον
320 1518 399 1556 μεν
435 1503 490 1545 οἷ
518 1501 764 1573 φιλόσοφοι
801 1501 1089 1554 συνελθόντες
1128 1501 1394 1558 έξηγόρασαν
1433 1501 1509 1544 καὶ

118 1555 417 1609 εξαπέστειλαν
456 1559 516 1609 εἰς
551 1558 633 1615 τὴν
664 1558 873 1612 Ἑλλάδα,
918 1559 1099 1629 φιλικὴν
1137 1561 1381 1603 νουθεσίαν
1420 1558 1506 1601 έπι-
1537 1564 1592 1608 55

118 1617 259 1684 φθεγξ
261 1630 415 1685 αμενοι
450 1614 567 1668 διότι
608 1617 676 1658 δει
710 1614 790 1658 τὸν
819 1617 965 1687 σοφόν
1005 1634 1097 1668 τοις
1125 1633 1363 1669 τυραννοις
1390 1634 1417 1671 η
1449 1613 1508 1665 ὡς

114 1670 278 1740 ,ἥκιστα
308 1670 339 1742 ἦ
378 1688 437 1723 ως
461 1665 632 1727 ᾕδιστα
673 1668 855 1743 ὁμιλεῖν.
916 1672 940 1716 6
984 1673 1029 1717 δὲ
1059 1673 1302 1724 Διονύσιος
1340 1676 1417 1742 τῆς
1448 1673 1508 1722 εἰς

112 1744 174 1775 ,τα
214 1727 435 1798 ποιήματα
478 1725 707 1798 σπουδης
724 1728 832 1772 οὐκ
843 1724 1148 1800 αφισταμενος
1196 1731 1255 1780 εἰς
1309 1746 1388 1785 μεν
1429 1727 1511 1784 τὴν

117 1782 419 1856 Ὀλυμπιακὴν
446 1783 697 1841 πανήγυριν
727 1785 992 1837 ἐξαπέστειλε
1029 1787 1136 1838 τούς
1167 1786 1511 1859 εὖφωνοτατους

119 1845 209 1886 τῶν
235 1841 492 1912 ὖποκριτων
523 1844 874 1913 διαθησομένους
903 1843 951 1887 έν
980 1849 1071 1896 τοῖς
1091 1843 1236 1914 ὄχλοις
1266 1842 1359 1913 μετ’
1392 1842 1508 1914 ᾠδῆς
1538 1847 1591 1886 60

118 1897 174 1942 τὰ
201 1897 436 1971 ποιήματα.
465 1953 468 1958 ,
497 1894 621 1944 οὗτοι
652 1899 697 1945 δὲ
726 1899 775 1943 τὸ
786 1916 886 1971 μεν
924 1904 1102 1957 πρῶτον
1142 1900 1216 1945 δια
1256 1917 1338 1969 την
1368 1900 1509 1972 εὔφω-

119 1957 223 2000 νίαν
251 1955 504 2027 ἐξέπληττον
541 1972 649 2008 τους
688 1955 955 2009 ἀκούοντας’
992 1958 1098 2021 μετὰ
1138 1958 1185 2002 δε
1226 1960 1364 2001 ταῦτα
1403 1974 1508 2001 ανα-

119 2010 375 2083 θεωρήσεως
401 2011 635 2085 γενομένης
671 2014 1078 2087 κατεφρονηθησαν
1108 2014 1180 2059 καὶ
1218 2014 1363 2059 πολὺν
1401 2030 1510 2070 απη-

117 2069 327 2140 νέγκαντο
366 2072 544 2127 γέλωτα.
608 2070 633 2114 6
678 2070 724 2115 δὲ
763 2071 1004 2123 Διονύσιος
1053 2071 1247 2123 ακούσας
1294 2088 1376 2128 την
1416 2075 1507 2115 τῶν

118 2142 376 2198 ποιηματων
403 2125 758 2199 καταφρόνησιν,
801 2129 999 2196 ἐνέπεσεν
1030 2132 1090 2182 εἰς
1128 2129 1382 2185 υπερβολὴν
1421 2128 1506 2172 λύ-
1534 2123 1589 2167 65

117 2199 226 2240 πης·
299 2183 366 2229 αεὶ
417 2184 463 2229 δε
513 2189 681 2241 μᾶλλον
720 2189 803 2229 τοῦ
826 2184 1026 2238 πάθους
1084 2187 1282 2230 ἐπίτασιν
1333 2184 1506 2255 λαμβα-

118 2254 305 2294 νοντος,
360 2232 586 2298 μανιώδης
622 2241 834 2294 διαθεσις
871 2243 1057 2314 κατέσχε
1105 2260 1187 2300 την
1229 2244 1377 2313 ψυχὴν
1427 2259 1509 2286 αυ-

119 2300 227 2353 τοῦ,
266 2298 341 2343 καὶ
369 2304 560 2356 φθονεῖν
589 2298 711 2358 αὐτῷ
742 2298 929 2359 φασκων
970 2300 1171 2354 ἅπαντας
1209 2317 1318 2353 τους
1346 2300 1507 2357 φίλους

120 2478 180 2514 28.
205 2476 464 2527 εὐτραπελίαν]
486 2472 744 2526 εὖτραπελείαν
761 2484 789 2518 Α
975 2483 1033 2519 30.
1059 2484 1129 2519 τοῦ
1153 2483 1324 2540 γέλωτος
1330 2479 1398 2526 τήν
1420 2480 1510 2526 μέμ-

121 2527 215 2571 ψιν]
248 2527 316 2574 τὴν
351 2528 492 2574 μέμψιν
516 2531 585 2566 τοῦ
609 2530 764 2574 γέλωτος
786 2530 818 2564 F
1005 2528 1275 2577 αμβλυνοντος]
1302 2528 1509 2576 αμύνοντος

120 2572 153 2605 A
334 2575 392 2610 31.
419 2575 560 2621 ὀλίγον]
589 2575 722 2620 ὀλίγων
745 2575 843 2612 AFK
1042 2579 1118 2612 ταῖν
1143 2589 1211 2613 om.
1236 2579 1267 2612 F
1450 2575 1509 2610 36-

121 2629 308 2666 προενεγκ
317 2621 331 2665 ]
356 2634 565 2675 προςενεγκ.
587 2624 702 2658 AFIK
885 2619 944 2657 55.
968 2625 1188 2668 νουθεσίαν]
1215 2623 1448 2682 νομοθεσίαν
1471 2621 1508 2655 Η

271 2665 394 2712 σοφόν
417 2670 568 2714 AHLQ,
593 2669 722 2704 caeteri
746 2667 960 2714 φιλόσοφον
1145 2670 1200 2705 56.
1225 2669 1254 2717 ἢ
1268 2671 1365 2716 prius
1387 2680 1457 2705 om.
1477 2667 1509 2702 F

210 2746 244 2782 9.
270 2747 326 2782 63
352 2749 722 2796 κατεφρονήθησαν]
748 2746 1032 2795 κατεφρόνησαν
1055 2750 1183 2786 AFKL
