1820 3249
447 194 568 236 Lm.
602 192 707 234 xv1.
767 191 894 233 cAP.
928 195 1142 234 nat—20.
1369 197 1477 238 1259

120 308 232 350 νεῶν
258 302 509 375 κατέδυσανζ
543 306 676 347 τινῶν
705 301 749 346 δ’
778 301 995 357 ἐγκρατεῖς
1023 303 1297 358 κατέστησαν,
1326 305 1400 353 τὰς
1428 305 1474 348 δὲ

118 363 272 414 λοιπὰς
297 361 407 416 πρὸς
433 361 511 417 τὴν
537 377 620 417 γην
643 360 914 411 κατεδίωξαν
966 360 1320 414 μετεωρισθέντες
1345 360 1386 403 6'
1408 361 1474 404 ἐπὶ

118 423 193 488 τῷ
208 418 495 474 προτερήματι
513 447 522 465 ,
572 422 664 469 τοῖς
693 433 770 486 μεν
798 420 917 466 θεοῖς
944 420 1280 487 μεγαλοπρεπῶς
1308 416 1470 460 ἔθυσαν
1499 421 1550 461 35

115 474 321 525 ἐπινίκια,
355 475 510 518 αυτοὶ
524 472 566 517 δ’
597 476 654 525 εἰς
683 472 863 528 εὐωχίας
891 487 962 516 και
992 489 1154 525 ποι-ους
1179 473 1472 549 τεκτραῖτ;’;’τίς,

100 535 492 599 καταφρονοῦντες
529 534 617 573 τῶν
644 528 894 602 ηττημένων
920 546 973 586 ρς.
962 529 1128 585 θύμως
1153 537 1268 586 εἰχον
1295 531 1348 576 τοὶ
1376 536 1471 603 περὶ

112 603 191 637 τας
219 588 427 657 φυλακάς.
487 587 665 637 Νύψιος
695 585 794 631 δ’ὁ
820 590 906 629 τῶν
929 586 1220 642 μισθοφόρων
1240 592 1472 657 στρατηγὸς
1502 595 1553 633 19

111 641 466 712 ἀναμαχέσασθαι
508 644 583 687 καὶ
626 642 860 699 ἀναλαβεῖν
901 643 1166 698 βουλόμενος
1207 646 1286 700 τήν
1323 647 1467 700 ἧτταν,
1499 652 1551 692 40

109 699 265 753 νυκτὸς
292 700 571 757 ἐκτεταγμένῃ
599 716 651 756 τη
683 700 863 753 δυνάμει
890 699 1142 753 παραδόξως
1161 701 1391 756 προςέπεσε
1409 708 1470 760 τῷ

109 758 485 826 κατεσκευασμένῳ
512 759 646 812 τείχει.
691 755 831 808 εὑρών
859 756 903 799 δὲ
931 756 1034 807 τούς
1063 758 1264 811 φύλακας
1292 760 1363 802 δια
1392 776 1469 814 την

107 813 437 883 καταφρόνησιν
464 831 535 857 και
566 814 705 870 μέθην
733 815 791 864 εἰς
819 811 962 856 ὕπνον
988 814 1317 868 τετραμμένους,
1345 832 1468 887 προς

107 868 246 924 έθηκε
267 870 347 921 τὰς
368 871 785 943 παρεσκευασμένας
814 871 1023 923 κλίμακας
1059 870 1171 922 πρός
1199 888 1280 942 την
1306 875 1465 926 χρείαν.
1496 874 1549 916 45

107 925 180 968 διὰ
217 926 273 970 δε
299 925 467 970 τούτων
495 929 538 970 οἱ
564 927 788 981 κράτιστοι
815 930 904 969 τῶν
933 926 1225 995 μισθοφόρων
1253 926 1468 999 ανέβησαν

105 980 174 1024 ἐπὶ
202 982 251 1026 τό
279 989 437 1039 τεῖχος,
483 984 557 1027 καὶ
592 983 695 1035 τούς
725 982 945 1037 φύλακας
944 983 1248 1038 φονεύσαντες
1277 983 1468 1041 ανὲωξαν

104 1038 181 1089 τὰς
206 1037 358 1090 πύλας.
415 1039 696 1091 εἰςπεσόντων
726 1040 771 1082 δὲ
799 1043 887 1082 τῶν
916 1044 1189 1091 στρατιωτῶν
1212 1043 1270 1091 εἰς
1294 1041 1372 1096 τὴν
1392 1042 1467 1085 πό-

103 1099 203 1144 λιν,·
247 1098 292 1139 οἱ
325 1097 405 1151 μὲν
440 1098 668 1152 στρατηγοὶ
706 1101 794 1139 τῶν
830 1097 1121 1149 Συρακοσίων
1158 1098 1214 1140 ἐκ
1230 1098 1468 1168 τῆςμέθης

103 1150 338 1206 μεθύοντες
363 1153 594 1206 ἐπειρῶντο
623 1156 817 1222 βοηθεῖν
844 1152 1170 1207 ἐμποδιζόμενοι
1198 1153 1246 1197 δὲ
1272 1160 1367 1205 ταῖς
1396 1153 1466 1210 ὁρ·
1495 1157 1548 1200 50

102 1213 201 1262 μαῖς
230 1208 302 1252 διὰ
331 1209 408 1253 τὸν
437 1216 582 1261 οινον,
622 1211 664 1253 οί
691 1226 769 1262 μεν
799 1207 1102 1265 ανῃρέθησαν,
1141 1211 1183 1253 οἱ
1212 1209 1256 1254 6'
1286 1211 1466 1280 ἔφυγον.

96 1267 432 1322 κατειλημμένης
461 1267 507 1310 δὲ
539 1269 614 1322 τῆς
641 1265 829 1317 πόλεως,
877 1266 948 1308 καὶ
983 1282 1072 1308 των
1101 1266 1148 1309 ἐκ
1176 1271 1251 1322 τῆς
1280 1266 1466 1323 ακροπό-

99 1325 205 1371 λεως
232 1328 506 1395 στρατιωτῶν
529 1322 689 1378 σχεδόν
718 1321 919 1365 απάντων
943 1322 1226 1372 ειςπεσόντων
1247 1323 1366 1376 ἐντός
1386 1330 1465 1370 τοῦ

98 1382 484 1450 περιτειχίσματος,
524 1384 612 1423 τῶν
641 1380 687 1423 δε
716 1381 1008 1433 Συρακοσίων
1038 1379 1111 1422 δια
1139 1379 1197 1423 τὸ
1212 1381 1465 1436 παραδοξον
1495 1381 1546 1423 55

100 1435 171 1477 καὶ
209 1437 289 1489 τὴν
326 1435 503 1488 α’ταξίαν
515 1436 906 1506 ἐκπεπληγμένων,
947 1435 1087 1486 πολύς
1117 1436 1283 1491 ἐγένετο
1313 1439 1462 1494 φόνος.

97 1494 187 1534 τῶν
221 1492 268 1535 δὲ
300 1497 382 1536 τοῦ
416 1492 640 1546 τυράννου
678 1496 952 1547 στρατιωτῶν
983 1492 1198 1536 πλειόνων
1233 1512 1260 1548 η
1296 1497 1463 1550 μυρίων

99 1546 240 1591 ὄντων
273 1550 346 1592 καὶ
385 1548 743 1606 συντεταγμένων
765 1552 929 1599 καλῶς,
972 1547 1116 1599 οὐδεὶς
1144 1549 1193 1592 τὸ
1225 1551 1361 1605 βάρος
1388 1552 1461 1594 αύ-

98 1607 186 1646 τῶν
218 1603 454 1659 ὑπομεῖναι
494 1605 680 1655 δυνατός
716 1607 794 1674 ἠν,
846 1604 918 1647 ἅτε
946 1608 1026 1647 τοῦ
1054 1605 1256 1676 ’θορύβου
1286 1609 1360 1649 καὶ
1386 1612 1461 1678 τῆς

95 1677 282 1718 ,ταραχης
311 1662 371 1705 ἔτι
401 1663 447 1706 δὲ
477 1661 686 1717 ἀναρχίας
712 1661 818 1711 τούς
847 1661 1184 1730 ἐλαττουμένους
1211 1662 1459 1716 ἐμποδιζού-
1490 1671 1542 1711 60

96 1729 185 1773 σης.
215 1720 527 1790 κρατηθείσης
552 1719 597 1762 δὲ
626 1723 701 1774 τῆς
729 1718 892 1785 αγορᾶς
923 1716 1006 1760 ὑπὸ
1033 1721 1121 1760 τῶν
1149 1721 1369 1774 πολεμίων
1396 1719 1462 1763 εύ-

95 1775 181 1824 θύς
209 1773 278 1817 ἐπὶ
305 1792 382 1827 τας
413 1777 552 1825 οἰκίας
582 1777 625 1818 οῖ
651 1772 923 1844 νενικηκότες
945 1773 1175 1842 ὥρμησαν’
1226 1776 1298 1818 καὶ
1323 1775 1462 1820 πολλὰ

95 1847 172 1885 μεν
199 1830 394 1888 χρήματα
423 1835 679 1901 διεφορεῖτο,
711 1829 792 1874 οὐκ
827 1829 951 1884 ὀλίγα
971 1831 1016 1872 ὁε
1041 1830 1217 1885 σώματα
1237 1837 1462 1887 γυναικῶν

94 1888 168 1930 καὶ
205 1891 374 1932 παίδων
411 1888 472 1932 ἔτι
508 1887 553 1932 6⁷
593 1890 773 1932 οἰκετῶν
815 1887 1210 1955 ἐξηνδραποδίζετο.
1267 1905 1385 1931 κατα
1410 1889 1460 1932 δὲ

91 1943 196 1994 τούς
236 1940 479 1996 στενωποὺς
522 1945 596 1988 καὶ
630 1961 707 1995 τας
748 1942 880 1994 αλλας
919 1941 1050 1993 ὁδούς
1089 1942 1458 2014 αντιταττομένων
1486 1950 1537 1992 65

94 2004 384 2055 Συρακοσίων
421 2002 615 2072 ἐγίνοντο
652 2005 841 2056 συνεχεῖς
881 2001 1146 2054 συμπλοκαί,
1193 2001 1267 2044 καὶ
1303 2002 1459 2046 πολλοὶ

93 2057 171 2111 μὲν
212 2057 526 2120 &mammeam
561 2056 643 2102 οὐκ
676 2057 815 2112 ὀλίγοι
847 2056 893 2099 δὲ
921 2055 1138 2126 τραύμασι
1164 2057 1456 2110 περιέπιπτον.

90 2114 171 2170 τήν
203 2132 283 2171 μεν
311 2120 393 2159 οὐν
421 2115 558 2159 νύκτα
590 2114 825 2158 διετέλεσαν
856 2111 931 2155 αλλ
933 2111 1064 2168 η’λους
1093 2110 1376 2166 αναιροῦντες
1396 2131 1455 2165 ως
1483 2147 1536 2186 70

90 2171 230 2241 ἔτυχε
239 2171 310 2215 διαὶ
338 2171 386 2215 τὸ
417 2170 582 2222 σκότος,
613 2172 687 2214 καὶ
715 2175 799 2222 πᾶς
828 2169 961 2218 τόπος
988 2173 1158 2223 νεκρῶν
1176 2169 1332 2238 ε’γεμεν
1364 2170 1476 2226 ἅμα
1481 2202 1536 2240 20

92 2224 141 2270 6'
167 2228 305 2286 ἡμέρᾳ
333 2229 397 2273 τὸ.
410 2245 488 2284 μεν
516 2232 590 2283 τῆς
620 2240 851 2282 συμφορας
879 2225 1062 2280 μέγεθος
1073 2225 1371 2295 συνεωραθ-η,
1410 2229 1454 2270 οἱ

85 2285 138 2327 δὲ
157 2273 438 2338 Συρακόσιοι,
470 2287 574 2340 μίαν
605 2284 769 2339 ἔχοντες
795 2283 1015 2356 σωτηρίαν
1036 2281 1114 2336 τὴν
1134 2281 1218 2326 ἀπὸ
1239 2287 1321 2325 τοῦ
1343 2284 1453 2325 Δίω-

81 2355 168 2390 -νος
195 2341 419 2397 βοήθειαν,
465 2341 763 2393 ἐξαπέστειλαν
792 2342 930 2388 ἱππεῖς
960 2339 1019 2388 εἰς
1047 2340 1324 2389 Λεοντίνους,
1353 2338 1452 2382 δεό-

91 2412 212 2483 μενοι
239 2402 331 2443 τοῦ
342 2401 519 2449 Δίωνος
548 2397 606 2455 μὴ
633 2399 843 2454 περιιδεῖν
868 2411 949 2452 την
976 2396 1164 2450 πατρίδα
1184 2394 1452 2451 δοριάλωτον
1481 2399 1533 2440 75

91 2555 147 2588 36.
193 2554 346 2603 πότους]
383 2557 521 2599 τόπους
543 2559 624 2594 Bas.
808 2554 865 2589 37.
912 2566 958 2587 τα
981 2564 1049 2588 om.
1074 2554 1145 2595 FL,
1168 2553 1329 2589 asterisco
1352 2557 1450 2589 nota-

91 2602 143 2634 vit
175 2602 366 2648 Stephanus
543 2605 600 2640 39.
651 2599 828 2645 Νύψιος]
864 2602 1018 2643 Ννψιάς
1045 2600 1076 2641 Q
1266 2597 1449 2656 9ι’)ἔνοιιιιαχέ-

93 2645 229 2683 micam
234 2616 312 2685 Ρκαὶ
334 2649 553 2695 ἀναλαβεῖν]
587 2647 785 2693 ἀναλαβεῖν
808 2647 871 2681 καὶ
893 2645 1121 2690 μαχέσασθαι
1143 2646 1225 2686 FY,
1251 2643 1448 2701 αναλαβεῖν

90 2693 152 2728 καὶ
174 2693 359 2739 μάχέσθαι
379 2697 430 2731 sic
448 2699 547 2730 Basa
571 2697 629 2730 sed
652 2705 776 2738 margo
799 2693 844 2727 ad
864 2692 1048 2737 μάχέσ-θαι
1065 2691 1206 2734 apponit
1219 2691 1448 2736 μαχέσασθαι

271 2741 328 2775 44.
372 2754 533 2785 παρασκε
534 2740 717 2785 υασμένας
750 2741 887 2773 Bas..
971 2737 1029 2772 ’19-
1068 2735 1293 2794 μεθύοντες]
1329 2749 1449 2771 vocem

89 2790 286 2831 corruptam
306 2788 490 2822 nemodum
516 2787 744 2833 probabiliter
763 2784 910 2819 con-exit
1090 2782 1147 2817 56.
1191 2781 1329 2827 ἐγένετο
1354 2783 1449 2816 FL'l

89 2833 184 2874 Bas,
207 2834 337 2870 caeteri
354 2832 489 2879 ἐγίνετο
622 2833 679 2868 75.
704 2829 932 2878 δοριάλωτον
947 2829 1028 2864 Bas,
1019 2852 1041 2871 .‚
1066 2829 1194 2863 caeteri
1217 2828 1450 2875 δορνάλωτον

1063 2882 1176 2925 68*
