1820 3249
513 187 765 230 LlB.X1X.
813 187 959 229 cAP.
995 190 1060 229 1⁰.
1094 190 1160 229 11.
1414 192 1524 231 1345

149 319 258 358 παρ
311 299 460 347 αὐτῶν
472 299 666 369 ἔλαβον..
734 299 1027 354 προςέθηκαν
1049 299 1095 344 δὲ
1141 299 1213 344 καὶ
1252 298 1333 344 δύο
1343 300 1522 388 Οφυλάς

149 366 253 411 ταῖς
262 355 659 428 προυπαρχούσαις
685 355 766 410 τήν
792 371 837 398 τε
869 359 1115 411 Φαλερῖναν
1136 357 1209 400 καὶ,
1228 357 1306 413 τὴν
1331 355 1521 413 Ὠφεντῖ
1553 362 1578 404 5

149 433 245 460 ναν.
304 415 394 471 ἅμα
432 415 478 458 δὲ
515 412 690 463 τούτοις
727 413 1040 466 πραττομένοις
1070 416 1373 467 Κροτωνιᾶται
1412 415 1525 469 πρὸς

72 483 139 517 325
152 474 252 529 μὲν
262 473 521 539 Βρεττίους
533 467 806 519 διελύσαντο,
851 468 962 522 πρὸς
991 470 1037 512 δὲ
1063 471 1168 521 τούς
1198 470 1524 523 εκπεπτωκότας

150 546 240 573 των
265 532 458 573 πολιτῶν
493 525 582 569 υπό
615 529 691 581 τῆς
729 527 1022 581 δημοκρατίας
1051 528 1123 569 διά
1152 526 1230 598 τὴν
1260 526 1372 582 πρός
1395 527 1521 581 Πρα-

148 588 295 642 κλείδη
298 602 324 629 ν
350 585 422 630 καὶ
451 585 762 636 Σωσίστρατον
792 584 1042 634 κοινωνίαν,
1073 583 1172 638 περὶ
1202 585 1253 639 ῆς
1283 584 1330 626 ἐν
1358 601 1410 639 τῃ
1435 584 1521 650 πρὸ
1558 591 1610 631 10

149 643 310 698 ταύτης
341 643 477 701 βίβλῳ
506 638 558 682 τά
591 639 701 684 κατὰ
730 639 862 693 μέρος
892 616 1153 695 διήλθομεν,
1197 638 1403 694 δεύτερον
1433 641 1528 691 ἐτος

148 699 233 756 ἤδη
255 697 583 764 πολεμοῦντες,
623 696 819 749 Πάρωνα
848 696 922 738 καὶ
951 696 1215 752 Μενέδημον
1245 696 1410 751 ἄνδρας
1440 698 1530 740 ε’πι-

148 760 313 825 φανεῖς
325 752 595 823 στρατηγούς
613 752 956 824 ἐχειροτόνησαν.
1005 755 1049 797 οἱ
1068 753 1113 796 δὲ
1132 752 1365 820 φυγάδες’
1349 770 1395 796 εκ
1419 757 1530 796 Θου

148 814 258 866 ρίων
289 808 558 866 ὁρμήσαντες
595 810 673 853 καὶ
717 808 1038 864 προςλαβόντες
1070 807 1382 864 μισθοφόρους
1411 826 1528 864 τρια·

147 869 330 918 κοσίους
364 867 663 935 ἐπεχείρησαν
689 882 767 921 μεν
805 866 965 916 νυκτὸς
1005 869 1331 919 παρειςπίπτειν
1360 868 1420 916 εἰς
1447 867 1528 922 tr'v
1563 868 1613 908 15

147 926 352 978 πατρίδα,
384 921 761 977 ἀποκρουσθέντες
789 921 833 966 δ’
856 921 942 966 ὑπὸ
962 927 1051 965 τῶν
1072 926 1393 976 Κροτωνιατῶν
1411 939 1530 966 κατε-

150 979 527 1034 στρατοπέδευσαν
556 980 622 1022 ἐπὶ
653 995 742 1022 των
770 981 993 1034 μεθορίων
1021 983 1097 1035 τῆς
1125 981 1343 1032 Βρεττίων
1361 979 1526 1034 χώρας·

149 1037 241 1093 μετ’
264 1036 424 1091 ὀλίγον
453 1038 499 1080 δὲ
527 1039 603 1091 τῆς
631 1039 853 1104 πολιτικῆς
882 1035 1108 1091 δυνάμεως
1137 1035 1407 1093 επελθούσης
1426 1040 1529 1079 πολ-

148 1094 391 1137 λαπλασίου
417 1091 576 1142 πάντες
603 1090 839 1160 μαχόμενοι
867 1093 1213 1163 κατεσφάγησαν.

153 1188 159 1196 k
257 1148 402 1204 Ἡμεῖς
426 1147 467 1193 δ’
490 1149 578 1191 ἐπεὶ
599 1147 651 1190 τὰ
681 1148 780 1202 περὶ
810 1150 1020 1190 Σικελίαν
1041 1151 1113 1192 καὶ
1132 1150 1221 1218 τὴν
1238 1147 1425 1192 Ἰταλίαν
1445 1150 1526 1192 διε-
1558 1154 1612 1192 20

149 1167 422 1260 ληλύθαμεν,
463 1203 780 1274 διαβιβάσομεν
807 1203 886 1247 τὸν
911 1203 1044 1260 λόγον
1073 1205 1142 1248 ἐπὶ
1170 1204 1224 1248 τά
1258 1205 1390 1249 λοιπά
1423 1206 1530 1262 με’ρη

149 1267 225 1318 τῆς
261 1261 495 1318 Εὐρώπης.
554 1260 665 1305 κατὰ
711 1259 797 1317 γάρ
842 1260 922 1315 τὴν
967 1263 1251 1305 Μακεδονίαν
1299 1261 1529 1333 Εὐρυδίκη
1561 1265 1612 1304 11

149 1323 227 1390 τῆς
255 1321 474 1375 βασιλείας
501 1322 796 1373 προεστηκυῖα
825 1319 897 1360 καὶ
928 1317 1242 1387 πυνθανομένη
1270 1318 1350 1374 τὴν
1371 1318 1528 1389 Ὀλυμ-

149 1375 286 1420 πιάδα
321 1374 726 1431 παρασκευάζεσθαι
765 1373 876 1426 πρὸς
915 1374 996 1443 τὴν
1033 1375 1249 1426 κάθοδον,
1300 1374 1410 1430 πρὸς
1449 1377 1529 1431 μὲν
1559 1378 1613 1420 25

150 1431 444 1486 Κάσσανδρον
483 1433 542 1482 εἰς
580 1428 923 1486 Πελοπόννησον
961 1430 1182 1474 άπέστειλε
1220 1417 1528 1502 βιβλιαφόρον,

151 1487 336 1540 ἀξιοῦσα
361 1475 541 1545 βοηθεῖν
568 1503 648 1557 την
676 1489 893 1541 ταχίστην
942 1491 1032 1530 τῶν
1063 1487 1108 1531 δὲ
1129 1487 1405 1532 Μακεδόνων
1423 1488 1530 1540 τούς

151 1546 531 1600 πρακτικωτάτους
578 1542 911 1613 ἀνακαλουμένη
963 1546 1145 1596 δωρεαῖς
1194 1543 1267 1587 καὶ
1323 1543 1529 1605 μεγάλαις

151 1601 426 1670 επαγγελίαις
445 1603 584 1651 ἰδίους
600 1605 693 1650 ταῖς
713 1598 905 1650 εὐνοίαις
932 1600 1223 1654 κατεσκεύαζε.
1278 1599 1529 1670 Πολυσπὲρ-
1559 1607 1614 1647 30

90 1712 94 1719 Ι
152 1675 241 1714 χων
279 1659 324 1702 δὲ
365 1657 554 1714 δύναμιν
591 1657 773 1712 ἤθροισε
791 1657 1163 1727 προςλαβόμενος
1199 1659 1413 1712 Αἰακίδην
1452 1658 1532 1704 τὸν

146 1713 438 1784 Ἠπειρωτην,
480 1715 554 1758 καὶ
582 1718 768 1783 κατῆγεν
791 1711 1078 1784 Ὀλυμπιάδα
1093 1713 1219 1772 μετὰ
1225 1718 1306 1757 τοῦ
1333 1712 1530 1766 Ἀλεξάν-

152 1774 266 1828 δρου
295 1771 450 1827 παιδὸς
480 1772 548 1814 ἐπὶ
577 1769 656 1826 τὴν
685 1772 922 1839 βασιλείαν.
967 1768 1144 1814 ἄκου’ων
1167 1772 1249 1814 οὐν
1269 1769 1532 1827 Εὐρυδίκην

153 1830 200 1873 ἐν
237 1827 390 1880 Εὐίοις
427 1831 501 1899 τῆς
539 1829 822 1877 Μακεδονίας
862 1822 1003 1870 οὖσαν
1041 1844 1147 1895 μετα
1179 1831 1256 1883 τῆς
1293 1828 1530 1898 δυνάμεως,

154 1882 356 1940 ω’ρμησεν
385 1882 454 1928 ἐπ’
487 1882 644 1936 αὐτήν,
682 1883 886 1926 σπεύδων
914 1887 992 1953 μιᾷ
1022 1883 1136 1940 μάχῃ
1166 1890 1313 1937 κρῖναι
1340 1884 1393 1928 τά
1421 1884 1530 1937 πρά·
1561 1885 1615 1929 35

153 1957 308 1997 γματα.
367 1940 714 2010 ἀντιταχθέντων
755 1939 798 1983 δ’
839 1938 1050 2012 άλλήλοις
1079 1957 1168 1983 των
1209 1943 1528 2009 στρατοπέδων,

155 1999 200 2042 οἱ
215 1996 485 2070 Μακεδόνες
521 1996 800 2053 ἐντραπέντες
839 1996 889 2039 τὸ
930 2001 1004 2052 τῆς
1039 1995 1333 2052 Ὀλυμπιάδος
1363 1995 1532 2067 άξίωμα

155 2055 231 2099 καὶ
258 2059 347 2098 τῶν
376 2053 633 2110 εὐεργεσιῶν
663 2052 1089 2123 ἀναμιμνησκόμενοι
1131 2071 1220 2096 των
1247 2052 1531 2125 Ἀλεξάνδρου

156 2110 458 2169 μετεβάλοντο.
509 2112 739 2160 Φίλιππος
770 2110 850 2166 μὲν
879 2112 962 2154 οὐν
988 2110 1011 2154 ὁ
1041 2110 1244 2168 βασιλεὺς
1273 2109 1412 2162 εὐθύς
1439 2110 1530 2168 ἥλω
1561 2113 1616 2157 40

154 2235 190 2272 5.
242 2237 449 2277 Φαλερῖναν
473 2235 657 2280 Sigonius:
682 2234 763 2269 libri
786 2234 975 2280 Φαλέρναν
1134 2233 1378 2282 Ὠφεντῖναν]
1404 2233 1533 2280 Ὠφεν-

156 2283 261 2318 τῖναν
285 2283 376 2322 Fw,
406 2284 535 2317 caeteri
557 2279 772 2326 ’.Ωφελτίναν

246 2327 533 2375 325.10.πρὸ
559 2328 719 2374 ταύτης]
744 2325 906 2376 προτέρα
928 2329 957 2362 Y
983 2328 1067 2362 Bas.
1247 2329 1303 2363 ll.
1351 2325 1535 2372 Πάρωνα]

153 2387 174 2408 τ

157 2417 334 2463 παρωνάν
364 2419 395 2452 F
588 2420 645 2457 12.
693 2418 911 2464 ἐπιφανεῖς]
947 2417 1139 2461 ἐπιφανεῖς
1162 2420 1213 2459 εἰς
1236 2420 1284 2454 w
1478 2419 1536 2453 17.

160 2465 308 2510 ὀλίγον]
338 2462 470 2522 ὀλίγων
492 2467 523 2501 F
709 2467 764 2501 18.
813 2466 1108 2510 πολλαπλασίου]
1136 2466 1411 2505 πολλαπλασίας
1434 2465 1494 2498 Fv

250 2510 307 2544 19.
357 2508 396 2545 6’
425 2512 455 2545 F
636 2513 692 2547 2⁰.
741 2511 1037 2557 διεληλύθαμεν]
1063 2511 1267 2556 διήλθομεν
1293 2513 1399 2546 Fvw

157 2556 215 2591 21.
263 2555 551 2613 διαβιβάσομεν]
589 2558 868 2614 διαβιβάσωμεν
896 2557 925 2591 F
1126 2558 1183 2592 24.
1232 2572 1276 2603 τη
1280 2572 1301 2592 ν
1331 2556 1385 2594 ’.Ο
1415 2570 1533 2601 παρα·

162 2602 428 2659 σκευάζεσθαι]
461 2604 803 2660 παρασκευάζεσθαι
826 2603 894 2649 τὴι
917 2602 968 2639 ’.Ο
995 2605 1026 2638 F
1219 2605 1278 2640 26.
1326 2604 1532 2648 ἀπέστειλε]

162 2647 340 2684 ἐπέστειλε
373 2650 402 2682 F
593 2649 862 2707 βιβλιαφόρον]
907 2663 927 2685 ο
953 2663 1058 2695 super
1082 2663 1105 2684 α
1126 2650 1222 2693 ponit
1247 2652 1275 2684 F
1472 2650 1530 2684 28.

160 2693 501 2737 πρακτικωτάτους]
535 2697 833 2740 πρατικωτάτους
856 2697 910 2740 Τ,
943 2694 1240 2742 πατρικωτάτους
1264 2697 1346 2733 Bas.

160 2742 218 2778 31.
266 2743 420 2786 number!
443 2742 574 2783 FVW,
606 2744 734 2778 caeteri
764 2755 967 2800 κατηγαγεν
1157 2743 1219 2776 ῧέΙ.
1261 2739 1529 2797 μετεβάλοντο]

160 2787 420 2869 μετεβάλλοέτο
444 2788 475 2821 1¹¹
607 2813 611 2819 ,
662 2785 682 2825 6
702 2788 870 2836 βασιλεύς
893 2790 946 2830 Τ,
973 2789 1102 2824 caeteri
1125 2789 1295 2851 βασιλευς
1359 2832 1361 2834 q
1480 2784 1537 2822 εὐ-

160 2833 236 2874 θύς
259 2845 315 2868 om
1362 2838 1366 2848 ¹
1443 2836 1447 2843 “

1207 2896 1264 2934 86
