1820 3249
516 173 1514 222 Lln.xlx.cAP.67.68.140⁸1

153 291 284 336 πόλιν
310 288 590 364 συνῳκησαν,
623 285 899 359 ὀχυρωτάτην
927 304 981 331 ου
964 284 1065 331 σαν
1089 288 1162 332 καὶ
1188 287 1403 344 μεγίστην,
1440 290 1517 332 Οἰ-

153 349 304 393 νιάδαι
341 350 387 393 δὲ
415 349 489 392 καί
516 362 628 397 τινες
666 346 788 388 ἄλλοι
818 349 1041 400 συνηλθον
1077 345 1145 389 ἐπι
1174 347 1398 396 Σαυρίαν,
1431 351 1516 388 Λε-

154 411 260 459 ριεῖς
295 406 341 451 δὲ
364 403 476 461 μεθ’
508 402 664 458 ἑτέρων
705 403 765 453 εἷς
801 373 1027 457 Ἀγρίνιον.
1084 403 1107 446 ὁ
1146 404 1190 446 δὲ
1229 403 1516 455 Κάσσανδρος

74 462 378 507 371ἀπολιπων
398 459 653 531 στρατηγόν
689 461 910 502 Λυκίσκον
939 459 1042 513 μετά
1072 464 1160 502 τῶν
1197 461 1361 502 ἱκανῶν
1390 471 1515 511 στρα-
1545 460 1599 503 85

149 525 336 572 τιωτών,
366 518 507 587 τούτῳ
537 518 625 573 μὲν
643 515 901 571 παρήγγειλε
930 519 1107 571 βοηθεῖν
1131 514 1410 569 Ἀκαρνᾶσιν,
1443 514 1517 558 αὕ-

149 575 225 626 τὸς
252 577 297 619 δὲ
314 575 432 630 μετοὶ
462 574 684 628 δυνάμεως
711 572 936 626 παρελθὼν
965 572 1032 615 ἐπὶ
1061 572 1264 616 Λευκάδα
1291 572 1369 627 τὴν
1393 571 1518 615 πόλιν

150 633 223 676 διὰ
251 633 479 702 πρεσβείας
519 629 827 697 προςηγάγετο.
886 629 990 684 μετὰ
1019 630 1063 672 δὲ
1101 633 1238 672 ταῦτα
1266 628 1346 683 τὴν
1376 627 1519 684 ὁρμὴν

142 688 219 732 ἐπὶ
247 689 323 732 τὸν
345 687 518 757 Ἀδρίαν
545 685 835 742 ποιησάμενος
860 686 1149 729 Ἀπολλωνίαν
1179 687 1220 737 ἐξ
1245 685 1413 740 ἐφόδου
1442 701 1517 728 πα·
1543 689 1598 729 90

133 745 363 815 ρέλαβεν.
380 746 439 795 εἰς
466 743 512 787 δὲ
540 744 619 800 τὴν
651 745 856 797 Ιλλυρίδα
884 741 1125 797 προελθών,
1154 743 1227 785 καὶ
1257 742 1411 796 διαβάς
1440 742 1518 785 τὸν

133 799 299 856 ’Έβρον
325 800 544 856 ποταμόν,
581 799 847 853 παρετάξατο
879 799 989 854 πρὸς
1024 801 1248 842 Γλαυκίαν
1276 797 1355 841 τόν
1386 797 1518 840 Ἰλλυ-

146 862 256 913 ριών
295 859 483 926 βασιλέα
548 857 879 912 περιγενόμενος
916 857 961 899 δὲ
996 859 1063 927 τῇ
1101 856 1254 926 μάχῃ,Ι
1283 853 1394 908 πρὸς
1438 870 1517 910 μεν

144 917 306 957 τοῦτον
335 913 562 985 συνθήκας
588 913 829 985 ἐποιήσατο
853 911 959 956 καθ’
978 912 1028 963 ἃς
1059 911 1140 956 οὐκ
1169 913 1271 982 ἐξῆν
1296 916 1357 968 τῷ
1376 915 1516 954 Γλαυ-

144 972 220 1027 κίᾳ
261 970 508 1024 στρατεύειν
545 970 614 1013 ἐπὶ
653 969 757 1020 τούς
796 968 1088 1023 Κασσάνδρου
1125 956 1403 1040 συμμάχους·
1438 967 1517 1022 τὴν
1547 966 1601 1008 95

144 1014 208 1071 δὲ
221 1031 310 1070 τῶν
332 1025 628 1098 Ἐπιδαμνίων
657 1025 786 1069 πόλιν
804 1025 1183 1082 προςαγαγόμενος
1212 1027 1285 1069 καὶ
1311 1024 1515 1080 φρουρὰν

142 1080 470 1151 ἐγκαταστήσας
490 1083 736 1138 ἐπανῆλθεν
769 1084 827 1132 εἰς
856 1085 1172 1125 Μακεδονίαν.Ι
1195 1081 1514 1137 ἀπαλλαγέντος
1545 1082 1603 1120 68

143 1139 202 1182 δὲ
219 1139 272 1182 ἐκ
291 1155 384 1195 της
397 1141 611 1189 Αἰτωλίας
641 1142 720 1181 τοῦ
748 1137 1045 1191 Κασσάνδρου
1081 1140 1400 1210 συστραφέντες
1428 1143 1516 1182 τῶν
1547 1140 1627 1178 100

140 1197 361 1239 Αἰτωλῶν
378 1197 438 1247 εἰς
466 1196 723 1250 τριςχιλίους
749 1195 822 1237 καὶ
851 1194 1277 1249 περιχαρακωσαντες
1292 1194 1515 1265 Ἀγρίνιον

139 1251 463 1306 ἐπολιόρκουν,
471 1268 561 1296 των
591 1252 638 1295 δὲ
659 1250 984 1295 κατοικούντων
1013 1250 1060 1294 τὸ
1089 1253 1251 1307 χωρίον
1281 1250 1516 1323 ὁμολογίας

134 1309 473 1364 ποιησαμένων,
508 1307 612 1360 ω’ςτε
641 1307 719 1373 τὴν
748 1308 827 1363 μὲν
862 1306 991 1350 πόλιν
1029 1310 1333 1366 παραδοῦναι
1363 1313 1438 1364 τῆς
1460 1307 1512 1352 δ’

141 1365 395 1434 ἀσφαλείας
405 1364 615 1420 τυχόντας
645 1364 806 1414 αὐτοὺς
834 1363 1156 1436 ἀπαλλαγῆναι,
1190 1367 1314 1408 οὑτοι
1343 1381 1463 1421 μεν
1450 1374 1514 1408 πι-

139 1420 379 1472 στεύοντες
390 1427 486 1473 ταῖς
515 1422 726 1472 σπονδαῖς
749 1420 975 1494 ἀπηεσαν,
1010 1423 1055 1463 οἱ
1085 1420 1132 1464 δ’
1160 1422 1349 1466 Αἰτωλοὶ
1377 1438 1515 1476 παρα·
1544 1419 1572 1462 5

137 1477 293 1536 βάντες
319 1476 398 1530 τοὶς
426 1477 660 1535 συνθήκας,
689 1477 764 1521 καὶ
785 1476 1133 1547 καταδιώξαντες
1160 1478 1262 1530 τούς
1293 1477 1425 1522 ουδὲν
1449 1479 1516 1522 έλ-

138 1537 340 1588 πίζοντας
369 1537 595 1579 πείσεσθαι
625 1533 783 1586 δεινόν,
801 1531 913 1590 πλὴν
943 1532 1102 1589 ὀλίγων
1129 1533 1294 1586 πάντας
1324 1533 1516 1597 ἀπέσφα-

131 1593 263 1644 ξαν.
289 1590 327 1636 6
344 1593 390 1635 δὲ
419 1592 708 1646 Κάσσανδρος
735 1590 1088 1659 παραγενόμενος
1125 1592 1184 1642 εἰς
1211 1590 1514 1645 Μακεδονίαν,

137 1648 212 1692 καὶ
240 1646 492 1704 πυθόμενος
533 1653 816 1703 πολεμεῖσθαι
855 1646 932 1698 τάς
973 1647 1021 1691 έν
1052 1650 1200 1720 Καρίᾳ
1232 1649 1377 1700 πόλεις
1413 1648 1516 1692 ὅσαι
1546 1649 1600 1689 10

139 1705 416 1772 συνεμάχουν
458 1710 549 1754 τοῖς
583 1705 680 1759 περὶ
712 1707 988 1758 Πτολεμαῖον
1027 1705 1098 1747 καὶ
1140 1704 1385 1753 ὶέλευκον,
1425 1704 1514 1757 ἐξέ-

135 1769 275 1817 πεμψε
314 1760 505 1817 δύναμιν
540 1762 600 1811 εἰς
643 1761 724 1817 τὴν
761 1763 960 1830 Καρίαν,
1005 1760 1095 1830 ἅμα
1128 1761 1207 1816 μὲν
1245 1762 1515 1816 βουλόμενος

130 1821 324 1888 ,βοηθεῖν
353 1823 464 1869 τοῖς
476 1816 738 1890 συμμάχοις,
777 1818 865 1872 ἅμα
897 1818 943 1862 δὲ
976 1816 1176 1861 σπεύδων
1214 1820 1273 1870 εις
1301 1832 1513 1875 περισπα-

139 1873 278 1929 σμους
307 1874 508 1942 ἐμβαλεῖν
531 1873 806 1946 Ἀντίγονον,
842 1875 921 1917 ι’να
955 1874 1012 1931 μή
1045 1875 1202 1947 σχολὴν
1240 1877 1312 1935 ἔχῃ
1344 1880 1510 1934 διαβαί-

124 1946 253 1973 nvem·
263 1932 323 1980 εἰς
355 1929 436 1985 την
457 1928 696 1987 Ευρσόπην.
746 1930 906 1985 ἔγραψε
937 1932 983 1974 δὲ
1011 1933 1085 1974 καὶ
1113 1931 1222 2000 πρὸς
1255 1936 1511 2003 Δημήτριον
1543 1933 1596 1974 15

135 1986 216 2030 τόν
236 1988 445 2049 Φαληρέα
473 1988 546 2030 καὶ
579 1986 823 2046 Διονύσιον
851 1987 930 2032 τόν
959 1993 1250 2043 φρουροῦντα
1277 1991 1357 2062 τὴν
1387 1996 1510 2037 Μου-

135 2045 312 2113 νυχίαν,
340 2042 640 2115 προςτάττων
658 2046 797 2088 εἴκοσι
833 2048 942 2095 ναῦς
973 2047 1032 2095 εἰς
1059 2049 1244 2114 Λῆμνον
1281 2047 1507 2116 ἐκπέμψαι

134 2097 485 2170 ἀποστειλάντων
513 2099 555 2147 δ’
569 2099 730 2145 αὐτων
758 2099 895 2159 ευθῦς
923 2100 976 2144 τὰ
1005 2100 1152 2158 σκάφη
1181 2103 1253 2146 καὶ
1281 2104 1508 2161 ναύαρχον

135 2155 214 2199 ἐπ’·
236 2155 385 2200 αὐτῶν
406 2155 702 2226 Ἀριστοτέλη,
740 2159 871 2207 οὗτος
899 2174 978 2211 μεν
1005 2160 1300 2210 καταπλεύσας
1331 2164 1390 2212 είς
1422 2166 1507 2216 Λῆ-
1536 2164 1590 2207 20

134 2222 266 2267 μνον,
296 2214 370 2258 καὶ
396 2213 785 2283 μεταπεμψάμενος
814 2217 1034 2272 Σέλευκον
1065 2231 1172 2273 μετα
1201 2217 1374 2270 στόλου,
1403 2235 1509 2270 τους

133 2358 191 2393 82.
238 2358 473 2407 συνῴκησαν]
500 2357 646 2407 ᾤκησαν
671 2362 703 2396 F
884 2361 939 2397 83.
989 2365 1146 2409 Δεριεῖς]
1174 2367 1322 2409 Δοριεῖς
1346 2366 1402 2408 W,
1434 2366 1510 2400 Θυ-

133 2409 224 2449 ριεῖς
245 2407 313 2449 Iao,
337 2408 534 2442 Gronovius

212 2451 306 2487 'm
338 2451 400 2487 87.
440 2452 626 2501 Λευκάδα]
659 2452 842 2498 legebatur
864 2453 1055 2495 Λευκάδος
1225 2455 1307 2491 1⁰0.
1355 2468 1511 2501 συστρα-

135 2496 288 2540 φέντες]
315 2495 645 2543 συστραφέντωνΕ
827 2500 887 2534 3.·
910 2513 977 2542 μεν
1001 2512 1070 2535 οιιι.
1096 2501 1180 2536 Bas.
1304 2515 1318 2533 .·
1363 2505 1396 2538 4.
1442 2502 1510 2548 μεν

132 2542 195 2577 W
195 2549 253 2578 et·
260 2544 320 2587 qui
343 2543 617 2588 ἐμπιστεύοντες
640 2547 692 2588 F,
731 2546 858 2580 caeteri
882 2548 1012 2581 addunt
1037 2541 1118 2588 οὖν
1143 2547 1235 2591 qnod
1257 2549 1422 2583 asterisco
1446 2562 1510 2583 ιιο-

131 2589 220 2624 tavit
242 2589 325 2648 Scep
328 2591 439 2625 hanun
502 2611 504 2613 ·
529 2596 542 2614 ·'
619 2592 654 2627 7.
687 2591 919 2649 πείσεσθαι]
927 2592 1123 2638 πήσεσθαι
1134 2594 1164 2627 F
1347 2596 1380 2629 8.
1415 2594 1510 2630 πάν-

131 2635 252 2679 τας]’
257 2633 422 2678 ἅπαντας
444 2637 482 2672 1¹·
655 2639 711 2671 11.
760 2615 976 2681 Σέλευκον]
1011 2637 1256 2683 Κάσσανδρον
1280 2640 1388 2674 Fw·
1413 2642 1504 2674 conf.

132 2681 179 2716 ad
202 2693 234 2725 p.
259 2682 338 2718 377.
363 2684 420 2717 1⁰.
569 2681 770 2728 ἐξέπεμψε]
797 2683 933 2730 ἔπεμψε
958 2686 1001 2720 W
1140 2686 1195 2719 16.
1246 2688 1504 2730 φρουροῦντα]

132 2729 318 2770 τηροῦντα
351 2729 384 2773 Q
417 2729 499 2764 Bas.
692 2730 760 2774 τὴν
785 2742 852 2765 οιιι.
877 2733 959 2765 Bas.
1155 2731 1212 2767 19.
1260 2731 1502 2777 Ἀριστοτέλη]

120 2771 373 2854 -Ἆριστοὶελι)ν
401 2775 437 2809 '1
590 2773 647 2809 21.
694 2775 848 2822 στόλου]
872 2778 995 2813 malim
1018 2777 1088 2812 τοῦ
1111 2775 1243 2813 στόλου
1296 2791 1303 2808 s
1398 2778 1500 2823 τοτ’-ς]

133 2817 243 2862 ουτος
1315 2836 1318 2839 -
1440 2849 1442 2851 ,
