1820 3249
495 169 611 208 Lm.
646 166 736 210 XV.
802 166 936 208 cAP.
966 169 1034 210 72.
1061 169 1131 209 73.
1391 170 1502 211 1015

127 284 258 327 τοῦτο
286 283 483 352 πρῶτον·
491 277 641 329 αὐτοῖς
668 277 920 332 παράδοξον
947 276 1164 351 εὐτύχημα
1191 278 1378 334 ἐγένετο·
1411 280 1499 325 ἔπε-

128 352 209 382 σον
236 336 322 409 γάρ
345 334 568 388 Ἀρκάδων
598 337 678 390 μὲν
713 335 825 388 υπὲρ
853 351 959 385 τους
994 337 1203 390 μυρίους,
1233 337 1499 392 Λακεδαιμο-
1527 339 1582 380 90

130 397 236 440 νίων
272 393 317 438 δ’
349 391 508 443 οὐδείς.
538 396 775 464 προεῖπον.
809 390 853 436 δ’
884 389 1034 442 αὐτοῖς
1071 392 1118 434 αἱ
1154 393 1397 443 Δωδωνίας
1433 393 1498 437 ἱέ-

131 467 244 505 ρειαι
283 450 396 494 διότι
435 447 459 492 ὁ
491 446 682 518 πόλεμος
720 453 850 500 οὑτος
889 450 1255 518 Λακεδαιμονίοις
1303 448 1498 504 ἄδακρυς

128 509 256 553 ἔσται.
305 505 412 563 μετὰ
440 505 486 549 δὲ
514 505 594 561 τήν
621 503 764 561 μάχην
792 507 837 549 οἱ
858 504 1080 560 Ἀρκάδες,
1122 504 1393 561 φοβηθέντες
1421 507 1498 557 τάς

126 568 216 609 τῶν
240 564 602 617 Λακεδαιμονίων
630 561 845 618 είςβολάς,
882 562 1058 606 ἔκτισαν
1085 561 1155 605 ἐπί
1183 578 1302 613 τινος
1339 562 1498 606 ἐπικαί-
1526 565 1580 606 95

128 637 213 676 ρου
249 618 391 664 τόπου
424 619 528 691 τήν
545 618 867 688 ὀνομαζομένην
902 618 1112 688 Μεγάλην
1146 617 1300 671 πόλιν,
1344 619 1498 674 συῤῥί-

127 685 287 730 ψαντες
322 678 382 728 εἰς
421 674 560 733 αὐτην
586 675 736 731 κώμας
764 674 1082 746 τετταράκοντα
1115 691 1205 718 των
1235 672 1498 730 ὀνομαζομέ-

127 750 220 777 νων
253 735 513 777 Μαιναλίων
549 733 624 776 καὶ
628 733 924 803 Παῤῥασίων
949 730 1184 787 Ἀρκάδων.
1236 732 1312 776 καὶ
1339 749 1392 775 τα
1421 732 1500 789 μὲν

127 790 238 835 κατὰ
263 789 367 841 τούς
383 790 595 845 Ἕλληνας
623 788 671 833 ἐν
699 790 869 842 τούτοις
895 792 963 860 ἠν.

239 846 364 890 Κατα
393 847 440 891 δὲ
475 846 554 917 τὴν
581 848 790 891 Σικελίαν
817 845 1058 897 Διονύσιος
1095 844 1119 890 ὁ
1148 844 1364 901 τύραννος
1390 844 1501 916 ἔχων

129 903 336 976 δυνάμεις
364 902 645 974 ἀξιολόγους,
673 903 746 947 καὶ
774 903 878 955 τούς
905 905 1240 973 Καρχηδονίους
1269 902 1388 957 ὁρῶν
1417 900 1500 946 οὐκ

129 977 178 1004 ευ
209 961 508 1032 διακειμένους
536 960 649 1014 πρός
676 960 755 1004 τὸν
782 960 974 1016 πόλεμον
1002 960 1078 1004 διά
1099 977 1144 1005 τε
1167 959 1252 1029 τήν
1280 959 1500 1015 γεγενημέ-

66 1028 113 1063 60
128 1034 210 1074 νην
237 1033 328 1073 παρ
374 1016 525 1069 αὐτοῖς
551 1017 753 1074 λοιμικην
775 1017 912 1061 νόσον
939 1017 1012 1060 καὶ
1041 1017 1120 1086 τὴν
1149 1016 1389 1061 ἀπόστασιν
1411 1019 1500 1059 τῶν

128 1074 332 1130 Λιβύων,
375 1075 493 1146 ε’γνω
523 1075 771 1130 στρατεύειν
809 1073 878 1118 ἐπ’
921 1072 1097 1125 αὐτούς.
1164 1072 1248 1118 οὐκ
1286 1074 1404 1143 ε’χων
1453 1073 1500 1116 δὲ

127 1131 355 1186 πρόφασιν
397 1130 631 1186 ἀξιόλογον
663 1148 739 1188 της
778 1133 1019 1187 διαφορᾶς,
1057 1129 1358 1198 προςεποιήθη
1395 1129 1499 1179 τοὺς
1529 1133 1555 1175 5

127 1204 237 1232 κατα
277 1204 357 1258 την
395 1187 669 1242 επικράτειαν
713 1190 925 1239 Φοίνικας
965 1188 1265 1257 επιβεβηκέναι
1301 1191 1378 1243 τῆς
1414 1183 1500 1230 ὑπ’

128 1243 264 1288 αὑτὸν
292 1244 450 1300 χώρας.
498 1245 945 1300 παρασκευασάμενος
984 1249 1066 1288 οὐν
1094 1245 1254 1299 πεζους
1282 1244 1362 1300 μὲν
1390 1259 1500 1298 τρις-

127 1303 335 1372 μυρίους,
381 1303 523 1354 ἱππεῖς
563 1302 610 1346 δὲ
637 1303 920 1358 τριςχιλίους,
958 1301 1148 1372 τριήρεις
1178 1302 1224 1346 δε
1251 1301 1503 1370 τριακοσίας

127 1359 202 1403 καὶ
228 1358 309 1415 τὴν
337 1356 614 1431 ἁρμόζουσαν
640 1363 695 1421 τῇ
723 1359 906 1415 δυναμει
931 1358 1068 1429 ταύτῃ
1094 1357 1390 1414 παρασκευήν,
1418 1355 1502 1400 ενέ-

130 1419 262 1472 βαλεν
280 1421 341 1463 εἰς
361 1417 441 1472 τήν
461 1415 550 1460 ὑπὸ
571 1418 919 1487 Καρχηδονίους
928 1415 1085 1472 χώραν.
1125 1416 1200 1459 καὶ
1229 1417 1498 1459 Σελινοῦντα
1532 1417 1583 1456 10

129 1473 208 1529 μὲν
228 1472 303 1516 καὶ
318 1471 551 1516 ’Ἐντελλαν
573 1470 709 1524 εὐθυς
725 1471 1031 1544 προςηγάγετο,
1060 1473 1134 1516 καὶ
1155 1473 1235 1528 τήν
1255 1471 1404 1528 χώραν
1421 1485 1500 1514 πα-

131 1540 216 1572 σαν
221 1527 472 1600 πορθήσας
499 1528 572 1573 καὶ
607 1533 684 1584 τῆς
712 1530 877 1580 πόλεως
906 1547 995 1573 των
1021 1528 1263 1582 Ἐρυκίνων
1291 1528 1501 1583 ἐγκρατὴς

130 1584 363 1656 γενόμενος
391 1584 675 1656 ἐπολιόρκησε
703 1586 970 1641 Λιλύβαιον
1008 1590 1184 1629 πολλων
1214 1583 1255 1629 δ’
1287 1585 1428 1628 ὄντων
1453 1585 1501 1628 ἐν

72 1693 76 1701 4
131 1640 253 1711 αὐτῷ
289 1646 564 1697 στρατιωτῶν
597 1646 677 1698 τήν
716 1646 975 1698 πολιορκίαν
1014 1643 1178 1686 ε’.λυσεν
1224 1639 1420 1692 ἀκούσας
1456 1641 1502 1684 δὲ
1533 1642 1585 1685 15

131 1698 184 1742 τὰ
223 1699 384 1752 νεώρια
423 1703 513 1742 τῶν
551 1702 871 1754 Καρχηδονίων
908 1701 1233 1756 ἐμπεπρῆσθαι,
1268 1698 1343 1742 καὶ
1373 1697 1502 1749 δόξας

131 1753 276 1799 πάντα
301 1755 379 1800 τὸν
404 1755 562 1800 στόλον
591 1755 738 1799 αὐτῶν
751 1757 1061 1826 διεφθάρθαι,
1090 1754 1400 1811 κατεφρόνησε,
1428 1754 1504 1798 καὶ

131 1828 221 1856 των
243 1812 368 1857 ἰδίων
406 1811 597 1869 τριήρων
634 1812 790 1857 εκατόν
827 1830 907 1867 μεν
934 1813 1009 1856 καὶ
1036 1812 1272 1867 τριάκοντα
1299 1812 1378 1863 τὰς
1411 1810 1504 1881 άρί-

133 1881 235 1920 στας
275 1868 520 1913 απέστειλεν
561 1871 620 1921 εἷς
655 1869 734 1914 τὸν
768 1874 855 1913 τῶν
881 1869 1120 1925 Ἐρυκίνων
1144 1868 1322 1940 λιμένα,
1351 1885 1429 1919 τας
1458 1865 1502 1911 δ’

133 1924 266 1977 άλλας
304 1925 472 1977 ἁπάσας
510 1926 741 1980 εξὲπεμψεν
783 1929 842 1977 εἷς
881 1944 959 1977 τας
1006 1925 1413 1981 Συρακούσας,οῑ
1455 1924 1502 1968 δὲ
1531 1930 1585 1970 20

133 1982 432 2054 Καρχηδόνιοι
469 1983 726 2036 παραδόξως
772 1986 999 2034 διακοσίας
1036 1988 1148 2034 ναῦς
1196 1981 1502 2055 πληρώσαντες

132 2038 397 2083 ἐπέπλευσαν
425 2046 518 2091 ταῖς
547 2040 788 2096 ὁρμούσαις
816 2041 864 2084 ἐν
884 2045 945 2099 τῷ
966 2041 1107 2097 λιμένι
1123 2057 1216 2083 των
1240 2037 1500 2093 Ἐρυκίνων·

133 2093 392 2140 ἀνελπίστου
432 2096 478 2140 δὲ
513 2101 590 2152 τῆς
618 2097 848 2149 ἐπιθέσεως
882 2098 1119 2154 γενομένης
1155 2095 1383 2152 ἀπήγαγον
1413 2099 1504 2138 τῶν

133 2152 326 2224 τριήρων
353 2152 430 2205 τάς
465 2156 676 2205 πλείστας.
719 2154 823 2210 μετὰ
852 2156 898 2198 δὲ
927 2159 1062 2198 ταῦτα
1090 2158 1171 2197 τοῦ
1199 2157 1410 2222 χειμῶνος
1439 2152 1501 2196 εν-
1531 2159 1586 2203 25

135 2209 316 2261 στάντος
349 2210 507 2265 ἀνοχὰς
541 2210 830 2266 ποιησάμενοι
861 2214 1207 2281 διεχωρίσθησαν
1234 2212 1293 2260 εἰς
1326 2209 1404 2258 τὰς
1435 2210 1501 2252 013-

136 2269 252 2318 κείας
281 2267 474 2323 εκάτεροι
500 2267 658 2319 πόλεις.
696 2268 788 2325 μετ’
817 2267 966 2326 ὀλίγον
997 2268 1043 2313 δὲ
1070 2266 1236 2326 χρόνον
1263 2264 1505 2318 Διονύσιος

1527 826 1584 866 73

1531 885 1610 925 100

134 2391 193 2426 91.
217 2391 434 2437 Δωδωνίας]
461 2393 680 2432 Δωδωνίδες
703 2392 792 2425 ἶνες.
789 2392 954 2438 ςεΙίηὲἷιιε
1042 2426 1043 2429 ,
1113 2392 1170 2427 92.
1195 2389 1397 2437 ὁπόλεμος]
1422 2390 1505 2425 libri

134 2435 291 2480 πόλεμος
471 2439 528 2475 96.
558 2436 844 2483 τετταράκοντα]
875 2439 909 2480 μ’
933 2440 971 2478 L
997 2441 1124 2474 caeteri
1147 2440 1263 2475 εἴκοσι
1445 2437 1506 2471 97·

135 2484 372 2528 Μαιναλίων]
395 2486 635 2519 ΜεναλίωνΚ
770 2487 986 2528 παρασσίων
1009 2487 1039 2520 F

227 2530 284 2563 00.
307 2529 341 2564 5.
368 2530 453 2572 τούς
475 2529 567 2567 κατὰ
591 2529 659 2574 τήν
683 2529 917 2587 ἐπικράτειαν
940 2534 984 2573 F,
1003 2530 1130 2566 caeteri
1150 2530 1243 2567 κατὰ
1264 2529 1330 2578 τήν
1353 2526 1500 2570 ἐπικρά-

136 2586 237 2611 τειαν
266 2588 354 2617 τους
509 2579 543 2612 6.
571 2575 845 2624 ἐπιβεβηκέναι]
867 2575 1134 2636 ἀποβεβηκέναι
1157 2578 1208 2612 ΙΚ
1344 2577 1401 2612 10.
1427 2573 1501 2612 υπὸ

134 2621 438 2681 Καρχηδονίους]
475 2626 740 2669 Καρχηδονίων
763 2625 792 2658 Α
974 2626 1031 2659 11.
1065 2623 1208 2660 ἔντελαν
1231 2623 1262 2659 F
1445 2622 1499 2656 12.

134 2666 334 2709 Ἐρνκίνων
351 2669 379 2702 Α
403 2673 437 2703 et
460 2682 594 2713 semper
609 2671 692 2715 HQ,
717 2670 845 2704 caeteri
868 2666 1072 2715 Ἐρικηνῶν
1095 2682 1230 2727 semper
1367 2669 1424 2704 19.
1443 2669 1500 2702 21.

137 2711 351 2757 ’‘Epvmvmv]
377 2712 598 2756 Ἐρυκαίνων
621 2718 650 2752 Α
833 2718 890 2753 23.
913 2716 1143 2762 ἀνελπίστου]
1170 2715 1391 2757 ἀνελπίστως
1412 2717 1460 2750 F}

273 2760 330 2794 26
356 2762 492 2803 οἰκείας
515 2762 588 2807 AF,
611 2764 739 2800 caeteri
764 2763 882 2806 οἰκίας
1029 2763 1196 2809 ἑκάτεροι
1219 2760 1507 2801 Reiskius=1ibri

138 2804 306 2849 ἑκάτεραι
