1820 3249
327 110 435 149 1398
692 106 804 148 Llss.
836 106 945 146 XlX.
1004 107 1134 147 CAP.
1164 109 1232 150 59.
1260 111 1330 150 60.

325 215 487 287 κούσῃ,
526 216 621 260 τότε
659 216 706 261 δὲ
743 217 977 276 Δημητρίῳ
1016 221 1076 275 τῷ
1107 216 1382 289 Ἀντιγόνου.
1437 218 1546 287 αὕτη
1574 218 1622 262 δ’
1659 237 1686 276 η

243 280 298 322 40
326 274 437 343 γυνὴ
475 274 644 318 συνέσει
689 273 810 318 δοκεῖ
847 262 1163 329 διενηνοχέναι·
1209 274 1314 327 τούς
1350 291 1393 318 τε
1430 274 1514 344 γάρ
1559 291 1687 329 ταρα-

326 330 478 388 χώδεις
514 335 601 373 τῶν
638 329 685 373 ἐν
722 333 783 399 τῷ
804 331 1099 400 στρατοπέδῳ
1139 332 1377 375 κατέπαυεν
1418 330 1690 386 αρμοζόντως

327 387 639 456 πολιτευομένη
666 385 774 456 πρὸς
801 386 1007 438 ἕκαστον,
1045 387 1122 438 τοῖς
1160 403 1204 431 τε
1234 386 1424 444 ἀδελφας
1453 388 1526 430 καὶ
1553 393 1690 443 θυγα-

327 443 453 498 τέρας
480 448 568 486 τῶν
595 441 772 496 ἀπόρων
799 442 991 495 ἐξεδίδου
1019 449 1111 495 τοῖς
1129 446 1255 495 ἰδίοις
1279 443 1568 500 δαπανήμασι,
1588 448 1690 487 πολ-

242 506 296 548 45
326 501 431 549 λούς
467 500 513 542 δὲ
551 499 623 543 καὶ
651 504 738 542 τῶν
778 501 998 553 διαβολαῖς
1035 500 1382 571 περιπιπτόντων
1407 501 1475 572 μὴ
1506 502 1691 550 δικαίαις

326 556 564 627 ἀπήλλαττε
601 560 686 600 τῶν
728 557 958 599 κινδύνων.
1018 556 1181 612 λέγεται
1222 558 1267 600 δὲ
1303 559 1375 600 καὶ
1407 555 1691 612 Ἀντίπατρον

323 613 402 656 τὸν
437 613 601 666 πατέρα
643 611 799 668 αὐτῆς,
844 611 892 663 ὃς
941 614 1061 655 δοκεῖ
1098 613 1322 668 γεγονέναι
1360 613 1692 683 φρονιμώτατος

323 673 411 712 τῶν
439 668 486 712 ἐν
517 671 789 719 δυναστείαις
817 667 1060 724 γεγονότων
1089 669 1198 712 κατά
1228 686 1308 737 την
1339 670 1474 726 αὐτὴν
1504 668 1690 738 ἡλικίαν,

324 725 458 782 κόρης
488 724 622 781 οὔσης
660 726 719 768 ἔτι
749 729 825 780 τῆς
854 727 1011 775 Φίλας,
1049 724 1426 795 συμβουλεύεσθαι
1454 725 1564 780 πρὸς
1592 724 1692 768 ταύ-

243 787 298 831 50
326 799 404 850 την
443 783 541 835 περὶ
579 786 669 825 τῶν
689 784 928 839 μεγίστων.
994 781 1177 850 μηνύσει
1215 779 1256 824 δ’
1293 780 1604 836 ἀκριβέστερον
1640 781 1689 825 τὸ

325 856 399 894 της
437 838 645 893 γυναικὸς
680 832 788 892 ἦθος
825 835 993 891 προϊών
1033 836 1057 880 ὁ
1095 837 1226 893 λόγος
1258 839 1331 880 καὶ
1369 838 1422 881 τοὶ
1463 838 1692 893 πράγματα

324 894 604 965 λαμβάνοντα
633 892 890 965 μεταβολὴν
904 893 977 936 καὶ
1005 894 1149 963 κρίσιν
1177 892 1358 950 ἐσχάτην
1385 897 1460 950 τῆς
1489 895 1585 948 περὶ
1607 899 1694 949 Δη-
1716 928 1718 930 -

324 951 509 1019 μήτριον
537 952 767 1007 βασιλείας.
824 949 895 992 καὶ
924 966 976 992 τα
1006 950 1085 1005 μὲν
1113 951 1210 1004 περὶ
1237 950 1488 1008 Ἀντίγονον
1516 951 1590 994 καὶ
1621 952 1694 993 Φί-

324 1012 406 1051 λαν
433 1006 514 1063 τὴν
543 1008 797 1076 Δημητρίου
826 1011 1014 1060 γυναῖκα
1036 1005 1214 1076 τοιαῦτ’
1244 1009 1309 1075 ἦν.

242 1072 298 1109 (ὅθ
444 1067 544 1106 Τῶν
592 1063 636 1106 δὲ
682 1062 974 1133 πεμφθέντων
1020 1062 1097 1106 υπ’
1145 1062 1395 1119 Ἀντιγόνου
1441 1065 1695 1132 στρατηγῶν

244 1126 297 1167 55
324 1117 625 1175 Ἀριστόδημος
654 1120 732 1175 μὲν
760 1118 945 1170 πλεύσας
975 1120 1034 1169 εἰς
1062 1119 1141 1175 τὴν
1163 1120 1424 1175 Λακωνικήν
1450 1120 1524 1163 καὶ
1547 1118 1696 1188 λαβών

325 1176 445 1230 παρὰ
472 1180 560 1220 τῶν
588 1179 876 1229 Σπαρτιατῶν
913 1175 1113 1227 ἐξουσίαν
1142 1178 1403 1231 ξενολογεῖν,
1433 1175 1695 1230 στρατιώτας

326 1232 536 1305 η’θροισεν
576 1232 914 1301 όκτακιςχιλίους
952 1232 997 1274 ἐκ
1035 1236 1122 1302 τῆς
1153 1232 1508 1305 Πελοποννήσου.
1573 1231 1694 1275 ἐντυ-

326 1288 417 1345 χῶν
446 1289 491 1333 δὲ
517 1287 780 1359 Ἀλεξάνδρῳ
813 1290 885 1331 καὶ
917 1288 1274 1343 Πολυσπέρχοντι
1303 1290 1456 1342 φιλίαν
1485 1289 1692 1332 συνέθετο

243 1355 296 1395 60
325 1347 434 1401 πρὸς
472 1344 632 1396 αὐτους
666 1344 777 1398 ὑπὲρ
806 1344 1075 1399 Ἀντιγόνου·
1122 1345 1194 1388 καὶ
1224 1343 1586 1416 Πολυσπέρχοντα
1616 1361 1695 1398 μεν

327 1402 565 1474 στρατηγὸν
604 1399 795 1452 ἀπέδειξε
824 1405 898 1472 τῆς
928 1400 1291 1472 Πελοποννήσου,
1331 1400 1409 1445 τὸν
1438 1401 1483 1444 δὲ
1508 1399 1694 1453 Ἀλέξαν-

326 1463 434 1511 δρον
463 1459 628 1502 ἔπεισεν
657 1459 717 1509 εἰς
745 1457 824 1512 τήν
849 1455 995 1501 Ἀσίαν
1021 1462 1203 1501 πλεῦσαι
1230 1456 1338 1512 πρὸς
1361 1457 1623 1512 Ἀντίγονον.
1668 1456 1692 1502 6

327 1515 371 1558 δ’
408 1531 553 1568 ετερος
589 1517 680 1558 τῶν
722 1518 971 1568 στρατηγῶν
1010 1517 1279 1570 Πτολεμαῖος
1322 1514 1552 1568 πορευθεὶς
1590 1514 1696 1570 μετὰ

325 1575 400 1627 τῆς
430 1571 655 1625 δυνάμεως
684 1572 742 1621 εἰς
772 1572 1112 1622 Καππαδοκίαν,
1140 1572 1213 1614 καὶ
1242 1569 1499 1627 καταλαβων
1524 1569 1696 1639 Ἀμισὸν

243 1633 296 1678 65
327 1627 704 1696 πολιορκουμένην
750 1625 830 1669 ὑπ’
869 1625 1248 1698 Ἀσκληπιοδώρου
1284 1632 1363 1671 τοῦ
1404 1626 1694 1681 Κασσάνδρου

324 1688 580 1754 στρατηγοῦ,
599 1700 680 1756 την
698 1699 776 1739 μεν
787 1683 915 1726 πόλιν
941 1683 987 1727 ἐκ
1002 1689 1090 1728 τῶν
1106 1683 1325 1729 κινδύνων
1342 1684 1570 1738 ἐρρύσατο,
1589 1682 1694 1733 τοὺς

324 1741 371 1784 δε
400 1741 500 1794 περὶ
527 1739 606 1784 τὸν
630 1739 1003 1813 Ἀσκληπιόδωρον
1032 1737 1342 1791 ὑποσπόνδους
1369 1740 1494 1796 α’φεὶς
1522 1739 1694 1795 ἀνεκτή-

324 1809 428 1839 σατο
459 1797 537 1853 τήν
567 1799 842 1850 σατραπείαν.
900 1813 1006 1850 μετα
1036 1798 1081 1841 δὲ
1108 1803 1244 1841 ταῦτα
1273 1798 1506 1848 πορευθεὶς
1528 1797 1601 1840 δια
1621 1799 1694 1840 Βι-

323 1855 501 1905 θυνίας,
543 1853 615 1896 καὶ
647 1854 851 1907 Ζιβοίτην
888 1852 968 1896 τὸν
1005 1854 1193 1927 βασιλέα
1212 1858 1300 1897 τῶν
1328 1856 1537 1896 Βιθυνῶν
1564 1870 1693 1896 κατα-

243 1924 298 1963 70
329 1910 475 1964 λαβών
504 1913 827 1960 πολιορκοῦντα
867 1908 946 1964 τήν
983 1927 1028 1954 τε
1066 1915 1152 1954 τῶν
1182 1909 1455 1980 Ἀστακηνῶν
1484 1910 1555 1952 καὶ
1584 1914 1694 1953 Χαλ-

327 1967 544 2033 κηδονίων
587 1964 737 2015 πόλιν,
783 1966 1081 2021 συνηνάγκασε
1128 1970 1259 2010 λῦσαι
1287 1983 1384 2035 την
1425 1968 1692 2018 πολιορκίαν.

325 2020 618 2090 ποιησάμενος
648 2021 694 2064 δὲ
737 2024 981 2076 συμμαχίαν
1022 2021 1134 2074 πρός
1170 2039 1213 2065 τε
1250 2040 1325 2073 τας
1362 2023 1505 2073 πόλεις
1533 2020 1692 2072 ταύτας

326 2078 401 2123 καὶ
428 2078 537 2134 πρὸς
565 2077 642 2124 τὸν
671 2079 897 2134 Ζιβοίτην,
927 2077 987 2123 ἔτι
1020 2080 1065 2123 δὲ
1092 2079 1238 2136 λαβων
1268 2077 1473 2135 ὁμήρους,
1501 2094 1692 2135 προηγεν

323 2283 383 2318 38.
428 2280 509 2326 τότε
533 2279 596 2324 δὲ]
629 2280 668 2317 δὲ
692 2281 774 2317 τότε
799 2283 879 2316 Bas.
1065 2282 1122 2319 40.
1171 2283 1274 2316 δοκεῖ
1293 2282 1388 2325 FW,
1423 2282 1550 2315 caeteri
1573 2280 1693 2317 ἐδόκει

508 2326 563 2362 44.
612 2327 651 2364 δὲ
682 2340 749 2363 om.
783 2329 865 2363 Bas.
1059 2329 1114 2363 45.
1161 2325 1361 2371 ἀπήλλαττε
1394 2329 1447 2369 F,
1486 2326 1692 2373 ἀπήλλασσε

324 2372 452 2409 caeteri
633 2374 689 2412 47.
736 2373 966 2414 δυναστείαις
989 2374 1078 2416 FW,
1105 2375 1232 2408 caeteri
1257 2352 1452 2419 δυναστείά
1632 2374 1690 2411 48.

328 2419 470 2472 Φίλας]
487 2420 612 2460 φιλίας
636 2421 667 2453 Γ
856 2420 912 2454 45).
960 2433 1018 2454 τα
1019 2419 1072 2465 ’τη
1075 2433 1096 2454 ν
1119 2421 1245 2463 FWZ,
1271 2421 1396 2454 caeteri
1418 2418 1555 2465 ταύτης
1624 2449 1626 2452 ,

323 2466 381 2501 50.
431 2462 534 2509 λόγος
553 2467 641 2509 καὶ]
666 2464 779 2509 λόγος.
828 2466 983 2510 δηλωσει
1007 2463 1143 2508 ὁμοίως
1166 2466 1226 2502 και
1251 2467 1311 2509 QV
1335 2471 1368 2500 et
1393 2478 1451 2522 qut
1475 2478 1510 2502 τε
1534 2464 1595 2501 καὶ
1617 2464 1649 2499 F

414 2511 472 2545 53.
519 2510 668 2547 τοιαῦτ’
705 2510 769 2559 ἦν]
815 2515 971 2549 τοιαῦτα
1005 2509 1493 2558 1·“64.-Ἀμισόν]
1528 2510 1689 2555 Ἀμισσὸν

835 2555 877 2594 ὃν

329 2605 430 2645 Bas„
457 2601 630 2646 ’Ἀμισσαν
654 2606 704 2646 V,
741 2600 854 2647 ἅμισα
881 2605 911 2640 F
1092 2603 1147 2638 65.
1195 2602 1465 2646 Κασσάνδρου]
1498 2600 1687 2645 Ἀσάνδρου

330 2650 579 2694 wesselingius
758 2649 864 2685 πόλιν
888 2652 1065 2684 servarunt
1087 2650 1163 2683 FW
1351 2651 1410 2685 69.
1451 2651 1622 2695 Ζιβοίτην
1643 2651 1672 2683 F
1678 2674 1687 2691 ,

334 2695 437 2737 Ζιβοὶ
460 2694 524 2740 τήν
550 2697 595 2735 V,
635 2694 792 2741 Ζιβήτην
818 2698 882 2737 W,
916 2696 1041 2730 caeteri
1073 2695 1228 2741 Ζιβύτην
1417 2696 1473 2730 73.
1516 2696 1688 2744 Ζιβοίτην

328 2743 446 2784 Fvw,
473 2742 599 2776 caeteri
626 2741 784 2788 Ζιβύτην
