1820 3249
265 130 380 172 1584
797 124 913 166 Llss,
969 123 1126 167 XVII.

268 246 409 281 condit.
466 245 561 278 Poro
591 244 638 277 ob
668 242 844 277 virtutem
871 253 1028 288 regnum
1057 242 1216 277 restituit
1246 239 1346 291 [89.].
1387 243 1517 281 Obiter
1546 254 1648 277 com-

268 307 526 337 memorantur
554 301 717 347 regionis
754 299 981 346 singularia:
1007 300 1200 334 simiarum
1229 301 1387 333 varietas
1417 307 1453 334 et
1483 300 1650 342 venatio;

268 361 446 394 arborum
483 369 600 392 novae
637 357 796 403 species;
840 363 1051 401 serpentum
1090 357 1194 391 varia
1230 368 1367 403 genera
1408 354 1493 405 [90]
1535 367 1652 390 novae

270 417 542 462 expeditiones:
581 414 620 448 in
656 415 743 449 Pori
780 425 799 447 e
842 413 957 447 fratre
986 421 1184 459 nepotem3
1221 415 1260 447 in
1292 414 1482 457 Adrestas3
1513 414 1552 447 in
1580 414 1652 447 Ca-

269 475 417 516 thaeos3
448 473 487 506 in
518 471 694 517 Sopithae
721 482 879 515 regnum
913 466 1012 517 [91.].
1046 482 1154 504 canes
1191 471 1308 504 mirae
1336 470 1603 516 magnitudinis
1633 481 1654 503 a

269 531 421 576 Sopithe
457 530 553 563 dono
592 528 692 561 missi
724 524 823 574 [92].
855 527 992 572 Phegei
1027 538 1188 572 regnum
1225 528 1430 561 Alexander
1466 527 1505 560 in
1542 526 1654 560 fidem

269 587 426 632 recipit,
458 593 495 620 et
531 585 577 619 ad
609 584 780 630 Hypanin
814 584 854 617 fl.
883 594 999 629 usque
1025 583 1204 628 pervenit.
1241 583 1328 617 inde
1356 584 1588 618 Praesiorum
1620 588 1657 616 et

269 643 575 679 Gandaridarum
605 648 731 688 gentes
766 641 936 686 subigere
965 646 1071 685 parat
1099 636 1201 686 [93.].
1232 640 1295 673 sed
1328 646 1409 674 tum
1440 641 1512 674 alia
1539 640 1658 684 impe-

270 700 439 734 dimenta
474 706 555 733 tum
592 699 719 732 militis
750 698 917 731 taedium
950 696 1196 735 Alexandrum
1228 697 1273 730 ab
1305 697 1480 730 ulteriore
1512 696 1659 742 expedi-

270 758 372 791 tione
402 756 632 802 suscipienda
663 755 922 789 deterruerunt
954 749 1054 800 [94.].
1085 753 1186 786 facto
1208 753 1352 786 itineris
1372 753 1546 796 termino,
1577 763 1658 786 aras

273 814 427 848 exstruit
471 820 507 847 et
546 818 667 846 castra
700 811 811 855 triplo
856 810 1018 855 maiora,
1068 809 1312 855 expeditionis
1358 815 1659 845 monumentum.

271 872 331 905 his
360 870 520 915 peractis
549 876 650 903 retro
689 867 806 901 movit
838 867 884 900 ad
910 868 1103 900 Acesinem
1137 867 1201 912 fl.,
1232 866 1295 900 uhi
1324 877 1435 901 naves
1462 865 1662 900 fabricatas

276 934 315 962 et
345 939 442 961 nova
473 938 492 960 e
519 925 682 960 Graecia
720 924 854 958 auxilia
889 924 1039 957 invenit.
1084 924 1194 957 urbes
1232 923 1278 957 ad
1315 924 1459 957 flumen
1495 922 1664 956 conditas

274 985 457 1019 Nicaeam
497 989 533 1016 et
568 981 817 1027 Bucephalam
847 981 1025 1026 appellari
1056 981 1159 1014 iubet
1200 977 1299 1029 [95.].
1334 980 1418 1013 inde
1449 989 1664 1026 progressus

277 1042 324 1076 ad
356 1041 609 1075 confluentem
644 1039 816 1072 Acesinae
850 1043 886 1071 et
914 1038 1091 1082 Hydaspis
1123 1037 1272 1071 divertit
1299 1037 1344 1070 ad
1378 1037 1492 1071 Sibos.
1566 1037 1663 1081 Aga-

275 1100 452 1133 lassenses
482 1097 624 1142 proelio
655 1096 771 1130 vincit
809 1091 910 1142 [96.].
945 1095 991 1128 ad
1021 1095 1275 1127 confluentem
1302 1094 1482 1138 Hydaspis
1511 1099 1548 1127 et
1581 1092 1663 1126 Indi

281 1156 424 1189 delatus
453 1155 493 1188 in
521 1153 727 1187 maximum
751 1150 938 1197 naufragii
967 1151 1173 1196 periculum
1199 1151 1360 1184 incurrit
1390 1147 1492 1198 [97.].
1528 1148 1663 1183 transi-

280 1219 342 1247 tus
373 1223 440 1258 per
468 1211 678 1256 Oxydracas
703 1215 739 1243 et
765 1209 920 1250 Mallos,
949 1213 1039 1241 tunc
1065 1208 1224 1241 maxime
1251 1208 1349 1240 bello
1377 1208 1524 1240 interno
1553 1217 1664 1239 occu-

281 1277 400 1316 patOS.
479 1268 687 1302 Alexander
723 1265 927 1299 temerario
962 1276 1055 1298 ausu
1094 1264 1236 1310 primus
1271 1263 1309 1296 in
1343 1263 1505 1308 aliquam
1535 1273 1666 1296 eorum

281 1327 416 1361 urbem
453 1324 651 1369 irrumpit,
690 1329 727 1356 et
765 1322 804 1355 in
833 1322 912 1367 ipsa
953 1321 1098 1354 moenia
1133 1320 1328 1355 ascendens
1368 1320 1496 1354 iaculis
1529 1318 1668 1364 petitur

285 1381 371 1431 [98]
406 1394 537 1427 regem
572 1381 670 1414 saltu
701 1379 891 1424 delapsum
927 1378 966 1412 in
1001 1379 1133 1411 urbem
1169 1384 1205 1411 et
1240 1377 1404 1423 graviter
1433 1377 1668 1411 vulneratum

283 1441 341 1475 sui
377 1439 636 1473 subvenientes
672 1447 715 1471 ex
751 1435 913 1470 hostium
946 1446 1062 1469 manu
1091 1445 1201 1481 aegre
1239 1434 1412 1479 eripiunt.
1477 1435 1669 1468 Peucestes

283 1497 382 1543 regis
412 1502 588 1530 servator.
627 1494 758 1540 ingens
791 1493 830 1526 in
866 1493 958 1525 urbe
988 1492 1129 1527 caedes.
1167 1492 1333 1525 coloniae
1367 1492 1601 1525 Graecorum
1629 1488 1668 1521 in

282 1554 483 1589 Bactriana
513 1559 550 1586 et
587 1551 771 1597 Sogdiana
800 1549 956 1584 rebelles
989 1545 1088 1597 [99.].
1119 1549 1165 1582 ob
1192 1555 1378 1582 servatum
1410 1558 1536 1592 regem
1566 1557 1670 1580 sacra

287 1618 325 1645 et
359 1611 492 1656 epulae
521 1609 772 1643 celebrantur.
813 1607 912 1640 inter
941 1605 1069 1651 epulas
1099 1605 1235 1651 Coragi
1270 1612 1306 1639 et
1343 1603 1516 1649 Dioxippi
1549 1608 1670 1637 certa-

283 1680 373 1703 men
406 1667 609 1713 singulare.
640 1665 762 1700 victor
792 1663 992 1709 Dioxippus
1029 1659 1153 1710 [100.].
1183 1662 1246 1696 sed
1275 1663 1321 1695 ob
1351 1661 1546 1694 victoriam
1577 1659 1669 1693 invi-

286 1726 349 1759 dia
377 1735 570 1770 oppressus
597 1722 805 1767 Dioxippus
839 1732 903 1754 sua
935 1731 973 1753 se
1007 1731 1124 1753 manu
1153 1719 1311 1762 occidit,
1342 1718 1480 1762 scripta
1511 1723 1596 1750 ante
1625 1715 1671 1749 ad

285 1781 538 1817 Alexandrum
570 1780 726 1825 epistola
760 1775 883 1825 [101.].
916 1777 972 1810 his
1003 1776 1110 1810 factis
1141 1787 1206 1810 rex
1241 1774 1513 1821 navigationem
1553 1773 1670 1806 conti-

286 1845 402 1882 nuat,
446 1844 482 1872 et
517 1837 643 1872 obvios
682 1834 837 1882 populos
877 1834 936 1868 vel
965 1834 1003 1867 in
1035 1833 1149 1868 fidem
1187 1833 1322 1878 recipit
1359 1832 1417 1865 vel
1450 1831 1487 1865 vi
1517 1830 1672 1876 subigit:

287 1897 522 1940 Sambest'as3
545 1894 691 1929 ·Sodras
727 1899 764 1926 et
803 1893 1015 1933 Massan053
1047 1890 1231 1924 Musicani
1265 1901 1445 1935 regnum3
1484 1885 1673 1922 Porticani

291 1954 496 1995 ditionen13
527 1951 654 1985 Sambi
687 1960 845 1996 regnum
874 1947 1222 1993 Brachmanumque
1250 1946 1384 1991 oppida
1412 1942 1536 1992 [102]⁸
1575 1948 1673 1988 post-

291 2022 398 2045 rema
436 2008 715 2043 Brachmanum
758 2005 845 2039 urbs
882 2005 1114 2039 Harmatelia
1153 2003 1404 2038 memorabilis
1439 2002 1540 2035 facta
1578 1999 1673 2042 telis,

293 2078 434 2101 veneno
463 2072 678 2110 serpentum
706 2062 845 2097 tinctis.
875 2061 1009 2095 misera
1037 2072 1114 2095 sors
1141 2061 1303 2095 militum
1331 2060 1375 2093 iis
1395 2058 1673 2092 vulneratorum

293 2123 525 2158 describitur.
566 2122 649 2168 regi
679 2132 745 2166 per
775 2130 949 2153 somnum
985 2117 1109 2152 oblata
1139 2118 1275 2160 herba,
1313 2129 1385 2162 qua
1418 2115 1674 2150 Ptolemaeum

293 2182 505 2226 :multosque
533 2179 624 2213 alios
649 2177 791 2212 sanavit
816 2172 939 2223 [103.].
967 2186 1051 2209 cum
1078 2175 1125 2208 ad
1155 2174 1349 2208 Oceanum
1373 2182 1487 2217 usque
1515 2180 1673 2215 perven-

294 2245 377 2272 tum
399 2243 502 2280 esset,
534 2247 599 2269 rex
621 2242 721 2270 retro
753 2233 899 2267 vehitur
924 2232 971 2266 ad
992 2232 1134 2266 Tauala
1164 2231 1353 2276 oppidum,
1385 2229 1541 2262 alteram
1564 2228 1676 2271 Spar-

294 2302 386 2330 tam.
416 2294 571 2328 classem
603 2292 811 2326 Alexander
839 2301 945 2323 oram
974 2289 1098 2334 legere
1128 2287 1231 2322 iubet
1263 2298 1377 2333 usque
1405 2286 1452 2319 ad
1477 2282 1676 2329 Euphratis

296 2352 414 2394 ostia3
444 2351 521 2395 ipse
557 2350 723 2395 pedestri
760 2348 892 2382 itinere
922 2346 1059 2379 multos
1094 2350 1266 2390 peragrat
1306 2343 1482 2389 populos:
1531 2340 1676 2374 Arbitas

297 2415 336 2443 et
362 2407 581 2450 Gedrosios,
614 2407 759 2450 Oritas,
789 2403 852 2438 ubi
878 2402 1138 2437 Alexandriam
1171 2402 1301 2435 urbem
1337 2398 1517 2434 exstruxit
1549 2393 1675 2444 [104.].

299 2465 494 2501 Oritarum
520 2464 725 2509 singulares
754 2463 929 2496 funerum
955 2460 1059 2493 ritus.
1101 2458 1367 2493 Gedrosiorum
1393 2456 1474 2489 fera
1505 2459 1543 2488 et
1569 2464 1677 2498 agre—

296 2522 359 2556 stis
385 2521 472 2556 vita.
511 2521 709 2554 Carmania
737 2519 897 2560 deserta,
926 2516 999 2553 ubi
1019 2521 1055 2549 et
1085 2527 1229 2549 summa
1262 2514 1387 2559 inopia
1417 2519 1453 2546 et
1482 2510 1676 2546 Oritarum
1709 2542 1712 2543 γ

296 2578 458 2613 incursio
483 2588 595 2622 aegre
616 2575 828 2611 sustinenda
859 2579 938 2607 erat
969 2570 1091 2620 [105.].
1120 2572 1298 2618 superatis
1326 2578 1404 2605 tam
1430 2566 1699 2610 incommodisv

295 2635 408 2683 locis,
439 2635 478 2668 in
506 2634 659 2679 regione
691 2632 845 2667 laetiore
877 2629 1001 2675 copias
1031 2635 1176 2663 recreat
1208 2628 1432 2670 Alexander,
1463 2625 1575 2658 duces
1604 2624 1678 2656 im-

296 2694 432 2739 probos
464 2691 641 2736 castigat,
689 2688 937 2724 mercenarios
977 2686 1098 2720 malae
1138 2686 1223 2719 fidei
1261 2684 1425 2720 dimittit.
1485 2680 1678 2716 Salmunte

299 2751 391 2785 urbe
428 2747 617 2785 maritima
650 2747 782 2782 incidit
816 2745 855 2779 in
892 2755 953 2778 eos
986 2739 1063 2790 qui'
1082 2754 1169 2777 cum
1199 2742 1313 2777 classe
1342 2739 1445 2776 missi
1480 2744 1585 2773 erant
1620 2747 1679 2771 re-
