1820 3249
454 179 564 218 Lm.
594 177 683 219 XX.
742 178 1126 222 CAP.102.1⁰3.
1370 184 1481 226 1553

90 291 268 348 μήτριος
296 293 372 347 τῆς
401 288 565 341 πόλεως
593 288 828 344 κυριεύσας
859 290 939 335 τόν
966 291 1126 348 μεταξυ
1154 290 1295 336 τόπον
1310 297 1400 338 τῶν
1421 296 1480 339 οἰ-

87 352 198 392 κιῶν
227 348 302 391 καὶ
329 350 406 402 τῆς
439 346 575 401 ἄκρας
603 352 779 402 κατεῖχε
838 348 1073 403 μέλλοντος
1102 346 1147 393 δ’
1179 349 1321 394 αὐτοῦ
1349 368 1482 424 μηχα-

88 404 169 456 νὰς
205 403 458 459 προςάγειν,
511 404 854 475 καταπλαγέντες
876 406 971 476 ,τὴν
1009 406 1088 461 μὲν
1130 403 1375 461 ἀκρόπολιν
1414 407 1477 452 δι’

89 461 325 531 ὁμολογίας
363 462 638 515 παρέδοσαν,
679 459 805 505 αὐτοὶ
843 459 887 504 δ’
923 461 1201 506 ἀπέπλευσαν
1239 465 1301 514 εἰς
1340 414 1534 536 Αἴγυ-5

87 534 211 562 πτον.
271 516 295 561 6
334 518 380 561 68
402 517 662 590 Δημήτριος
699 518 805 569 τοὺς
834 521 1115 571 Σικυωνίους
1145 522 1206 571 εἰς
1234 520 1316 591 τήν
1347 519 1478 576 άκρό·

86 579 218 618 πολιν
245 576 492 630 μετοικίσας
532 574 581 618 τό
607 574 686 645 μὲν
714 579 776 632 τῷ
815 575 957 630 λιμένι
987 576 1212 648 συνάπτον
1240 578 1372 633 μέρος
1400 582 1478 636 τῆς

84 632 253 682 πόλεως
280 632 574 683 κατέσκαψεν,
615 630 781 688 ὀχυροῦ
810 637 1032 684 παντελῶς
1061 634 1188 685 ὄντος
1216 639 1299 678 τοῦ
1322 634 1477 688 τόπου,

83 692 146 744 τῷ
175 688 222 731 68
250 693 459 747 πολιτικῷ
487 688 648 760 πλήθει
674 689 1086 758 συνεπιλαβόμενος
1113 694 1190 747 τῆς
1221 693 1478 748 οἰκοδομίας
1508 701 1562 743 10

82 745 157 788 καὶ
185 743 266 814 τὴν
295 734 548 804 ἐλευθερίαν
578 744 937 815 αποκαταστήσας
965 752 1103 803 τιμῶν
1133 748 1325 791 ἰσοθέων
1356 750 1476 819 ε’τυχε

82 817 202 855 παρα
233 807 324 853 τοῖς
351 805 400 845 εὐ
433 807 640 847 παθοῦσι.
692 802 981 859 Δημητριαδα
1010 804 1091 858 μὲν
1120 805 1203 860 γὰρ
1234 804 1328 876 τὴν
1346 806 1477 851 πόλιν

84 858 348 914 ὠνόμασαν
386 862 546 910 θυσίας
594 859 641 904 68
677 861 751 902 καὶ
793 860 1060 933 πανηγύρεις
1099 861 1161 905 ἔτι
1208 859 1250 905 6'
1286 860 1476 932 ἀγῶνας

84 917 358 986 ἐψηφίσαντο
389 922 612 960 συντελεῖν
643 915 763 975 αὐτῷ
794 915 894 960 κατ’
927 917 1147 961 ἐνιαυτὸν
1154 919 1229 962 καὶ
1247 936 1324 971 τας
1342 919 1476 972 ἄλλας
1507 925 1561 969 15

84 972 321 1028 ἀπονέμειν
355 990 484 1028 τιμας
514 973 573 1024 ῶς
606 962 770 1030 κτίστῃ.
828 973 938 1017 ἄλλα
975 979 1115 1018 ταῦτα
1152 976 1232 1031 μὲν
1262 975 1286 1019 6
1317 977 1478 1032 χρόνος

85 1031 346 1099 διαληφθεὶς
372 1030 641 1087 πραγμάτων
669 1034 930 1086 μεταβολαῖς
959 1031 1205 1102 η’κύρωσεν
1247 1034 1291 1076 οι
1320 1035 1367 1077 68
1396 1038 1479 1077 Σι-

82 1085 272 1130 κυῶνιοι
311 1092 459 1157 πολλῷ
496 1090 726 1141 κρείττονα
756 1089 1075 1158 μεταλαβόντες
1103 1087 1267 1140 τόπον,
1301 1090 1478 1134 διετέλε-

85 1153 169 1187 σαν
199 1143 246 1186 ἐν
275 1142 395 1201 αὐτῷ
424 1144 546 1199 μέχρι
572 1148 663 1186 τῶν
700 1143 811 1187 καθ’
842 1144 958 1200 ἡμᾶς
984 1145 1158 1201 χρόνων
1187 1147 1474 1199 ἐνοικοῦντες.

84 1200 233 1256 ογὰρ
273 1204 349 1256 τῆς
369 1189 664 1254 ἀκροπόλεως
692 1202 927 1256 περίβολος
963 1202 1167 1254 ἐπίπεδος
1204 1202 1269 1246 ὠν
1305 1205 1380 1248 καὶ
1397 1205 1476 1274 μέ·
1507 1212 1563 1252 20

82 1274 164 1312 γας
193 1262 405 1313 κρημνοῖς
434 1259 738 1312 δυςπροςίτοις
767 1259 1006 1314 περιέχεται
1034 1260 1339 1315 πανταχόθεν,
1373 1260 1477 1312 ὤςτε

84 1316 263 1384 μηδαμῇ
303 1314 524 1358 δύνασθαι
562 1314 758 1372 μηχανὰς
787 1315 1046 1370 προςάγειν·
1076 1316 1160 1373 ἔχει
1190 1317 1236 1360 68
1265 1319 1339 1361 καὶ
1374 1323 1478 1375 πλῆ·

82 1377 168 1422 θος
211 1369 413 1444 ὑδάτων,
462 1371 504 1422 ἐξ
548 1373 602 1414 οὐ
646 1373 828 1426 κηπείας
876 1375 1073 1424 δαψιλεῖς
1125 1373 1475 1418 κατεσκεύασαν·

76 1427 186 1478 ὅςτε
214 1428 295 1482 τὴν
325 1429 526 1472 ἐπίνοιαν
557 1432 639 1470 τοῦ
670 1429 880 1482 βασιλέως
910 1430 984 1472 καὶ
1012 1428 1123 1483 πρὸς
1153 1429 1400 1475 απόλαυσιν
1423 1434 1479 1475 εἶ-
1508 1436 1563 1479 25

81 1485 269 1540 ῥηνικὴν
297 1486 371 1528 καὶ
401 1484 512 1540 πρὸς
542 1483 789 1541 ασφάλειαν
819 1485 1016 1542 πολέμου
1046 1487 1170 1540 δόξαι
1199 1492 1344 1539 καλῶς
1371 1504 1477 1545 προ-

79 1545 320 1612 εωρασθαι.

189 1596 240 1642 Ὃ
279 1598 325 1642 68
366 1598 616 1669 Δημήτριος
657 1598 884 1655 διοικήσας
922 1598 976 1642 τοὶ
1016 1599 1117 1654 περὶ
1154 1599 1260 1652 τούς
1300 1605 1477 1645 Σικυω·
1507 1608 1591 1649 103

80 1657 205 1706 νίους
245 1654 440 1708 ἀνέζευξε
479 1656 587 1711 μετὰ
620 1656 764 1711 πάσης
801 1661 876 1712 τῆς
907 1655 1134 1712 δυνάμεως
1173 1657 1244 1700 ἐπὶ
1273 1658 1353 1715 τήν
1384 1657 1476 1702 Κό-

78 1717 255 1767 ρινθον,
285 1711 341 1771 ἣν
369 1712 581 1768 ἐφρούρει
611 1714 863 1767 Πρεπέλαος
893 1714 1189 1767 Κασσάνδρου
1220 1715 1475 1772 στρατηγός.
1507 1722 1562 1762 30

78 1769 127 1813 τό
161 1769 240 1825 μὲν
270 1772 352 1813 οὐν
379 1774 558 1823 πρῶτον
587 1768 748 1821 νυκτός
776 1769 865 1814 υπό
894 1787 1030 1813 τινων
1050 1775 1242 1814 πολιτῶν
1265 1773 1478 1828 εἰςαχθεὶς

81 1825 155 1869 δια
184 1842 304 1877 τινος
343 1829 528 1877 πυλίδος
569 1828 776 1883 ἐκράτησε
817 1831 895 1883 τῆς
924 1826 1092 1879 πόλεως
1121 1829 1195 1871 καὶ
1234 1832 1325 1872 τῶν
1354 1830 1478 1901 λιμέ-

80 1899 186 1926 νων.
245 1887 334 1926 τῶν
375 1884 421 1927 68
462 1887 679 1954 φρουρῶν
715 1884 1065 1938 καταφυγόντων
1105 1889 1196 1928 τῶν
1225 1902 1304 1955 μεν
1336 1889 1395 1938 εἰς
1424 1885 1475 1929 τό

79 1939 357 1995 καλούμενον
395 1940 647 1995 Σισύφειον
686 1945 776 1984 τῶν
815 1939 860 1984 δ’
901 1942 960 1992 εἰς
999 1942 1077 1984 τὸν
1112 1940 1476 2014 Ἀκροκόρινθον,

80 2013 375 2067 προςαγαγων
413 2015 612 2068 μηχανας
640 2002 733 2048 τοῖς
773 1996 1038 2066 ὀχυρώμασι
1067 1999 1142 2042 καὶ
1171 1999 1312 2042 πολλα
1341 2017 1474 2044 κακο-
1507 2004 1561 2047 35

80 2053 286 2122 παθήσας
326 2051 410 2097 εἷλε
447 2053 498 2097 τό
530 2055 778 2109 Σισύφειον
807 2072 919 2098 κατα
955 2071 1124 2108 κρατος.
1184 2053 1276 2099 εἶτα
1313 2061 1401 2100 τῶν
1431 2057 1480 2101 έν

81 2110 219 2182 ταύτῃ
250 2110 578 2183 συμφυγόντων
607 2111 718 2165 πρὸς
749 2128 854 2162 τους
884 2113 1202 2181 κατειληφότας
1232 2112 1312 2156 τὸν
1334 2113 1479 2169 ’-Ακρο

2 2178 68 2215 481
82 2167 322 2222 κόρινθον,
353 2184 427 2211 και
457 2168 649 2219 τούτους
678 2168 1062 2240 καταπληξάμενος
1091 2169 1314 2239 ήναγκασε
1342 2185 1481 2230 παρα-

83 2226 243 2268 δοῦναι
274 2224 357 2281 τὴν
385 2225 539 2279 ἄκραν.
602 2225 779 2280 σφόδρα
814 2243 898 2280 γαρ
928 2229 984 2282 ὴν
1014 2224 1318 2278 ἀνυπόστατος
1348 2230 1480 2280 οὑτος

85 2280 108 2324 ὁ
144 2283 349 2338 βασιλεὺς
393 2281 441 2325 έν
483 2287 578 2334 ταῖς
628 2285 917 2338 προςβολαῖς,
968 2281 1212 2339 εὐμήχανος
1261 2283 1475 2356 υπάρχων
1504 2287 1560 2330 40

82 2338 182 2394 περὶ
209 2337 291 2395 τήν
317 2339 592 2396 κατασκευην
619 2343 709 2383 τῶν
735 2344 1090 2397 πολιορκητικῶν
1118 2340 1273 2397 ἔργων.
1303 2339 1359 2386 οὐ
1390 2342 1500 2399 μὴν

80 2497 114 2532 5.
139 2494 353 2543 ὁμολογίας]
377 2495 576 2545 ὁμολογίαν
601 2501 683 2534 Ba
883 2499 917 2533 6.
958 2504 1036 2542 post
1059 2498 1278 2545 Δημήτριος
1303 2512 1373 2535 om.
1395 2503 1476 2536 πεί-

81 2556 146 2585 σας
180 2545 281 2588 QTx
315 2546 396 2578 Bas.
589 2547 622 2581 7.
653 2545 865 2589 μετοικίσας
895 2546 994 2589 QTX
1033 2547 1118 2581 Bas.
1129 2571 1140 2588 ‚
1173 2546 1380 2590 μετοικίσαι
1417 2548 1474 2590 W,

78 2591 206 2625 caeteri
239 2593 455 2646 μετοικῆσαι
646 2593 681 2627 8.
712 2593 964 2649 κατέσκαψεν]
995 2592 1234 2636 κατέσκαψαν
1258 2595 1287 2626 F

81 2634 249 2681 ὀχυροῦ]
284 2637 399 2681 aptius
432 2637 570 2672 videtur
601 2636 795 2684 ἅνωχύρου
983 2639 1038 2672 10.
1070 2640 1403 2696 συνεπιλαβόμενος
1425 2630 1470 2682 T,

79 2683 208 2718 caeteri
241 2684 574 2729 συνεπιβαλόμενος
792 2685 849 2720 21.
876 2685 1159 2731 δυςπροςίτοις]
1187 2684 1230 2721 6²
1258 2683 1473 2730 άπροςίτοις

79 2731 163 2764 Bas.
347 2730 405 2764 30.
441 2732 620 2775 πολιτῶν]
643 2733 844 2767 πολιτικῶν
868 2732 945 2765 Fw
1083 2733 1142 2767 33.
1163 2732 1222 2767 35.
1250 2732 1474 2777 Σισύφειον]

79 2776 163 2810 libri
199 2773 391 2821 Σισύφιον
585 2777 643 2812 34.
678 2776 949 2824 neos-avaron]
982 2790 1184 2824 προςαγων
1218 2779 1324 2822 Bas.‚
1355 2791 1475 2824 παρα·

78 2835 202 2868 γαγων
232 2823 278 2858 W

1134 2875 1190 2913 99
