1820 3249
360 166 472 209 1102
741 164 855 208 LIB.
885 164 995 207 X-VI.
1024 165 1156 209 GAP.
1181 169 1249 210 65.
1279 171 1346 211 66.

359 275 703 347 πολυανθρωπία
732 277 972 347 διενεγκεῖν.
1016 276 1125 321 ἀλλὰ
1145 279 1245 333 περὶ
1274 279 1352 334 μὲν
1380 278 1548 324 τούτων
1576 283 1629 326 τὰ
1658 301 1731 329 κα-

358 333 412 375 τὰ
451 333 583 387 μέρος
620 332 778 389 μικρὸν
807 333 991 404 ὕστερον
1022 334 1069 377 έν
1097 341 1189 386 τοῖς
1220 337 1395 387 οἰκείοις
1423 338 1600 392 χρόνοις
1631 341 1731 385 οἰνα-

358 389 607 444 γράψομεν,
659 394 742 432 νῦν
781 389 825 432 δ’
855 391 923 434 ἐπὶ
951 390 1000 434 τὸ
1033 393 1180 447 συνεχὲ
1184 410 1204 443 ς
1233 398 1307 448 τῆς
1337 395 1528 469 ἱστορίας
1558 401 1732 454 μεταβι-

274 478 330 517 66
359 445 564 517 βάσομεν
581 445 659 488 τόν
690 445 832 501 λόγον
1331 509 1349 548 3

466 501 564 545 Επ’
603 502 632 544 ἄ
688 520 789 546 οντο
883 521 908 546 α
980 503 1211 548 Ἀθινισιν
1251 505 1321 548 Ev’
1354 506 1489 550 ούλου
1523 506 1618 561 ‘Pm

274 537 328 578 40
356 559 623 615 κατέστησαν
635 520 837 610 ῼὺζτατοιῗς
852 503 1045 614 2666}pr
1071 527 1242 617 ἐῢοέβιον
1265 521 1337 606 καέι
1355 563 1575 617 Σερούιον
1591 526 1734 610 Σέόίυλξ

357 631 405 659 πι
398 618 515 659 ’.κιον
575 617 643 659 ἐπὶ
674 617 719 660 δὲ
749 617 917 660 τούτων
949 618 1171 672 Τιμολέων
1203 636 1226 661 0
1250 622 1491 673 Κορίνθιος
1521 638 1733 679 προκεχει

358 673 562 727 ρισμένος
591 672 678 716 ὑπὸ
710 678 799 716 τῶν
817 678 1009 716 πολιτῶν
1030 676 1097 717 ἐπὶ
1117 674 1196 730 τὴν
1213 675 1260 718 ἐν
1281 677 1587 746 Συρακούσαις
1609 691 1734 733 στρα-

272 732 326 775 45
357 732 537 784 τηγίαν,
586 729 926 784 παρεσκευάζετο
965 731 1074 788 πρὸς
1110 731 1188 774 τὸν
1231 734 1290 783 εἰς
1319 734 1398 788 τὴν
1426 738 1633 779 Σικελίαν
1664 737 1732 780 ἔκ·-

356 792 511 829 πλουν.
570 785 854 837 ἑπτακοσίους
883 787 960 856 μὲν
990 790 1073 830 οὑν
1103 788 1253 839 ξένους
1283 790 1570 844 ἐμισθώσατο,
1603 804 1731 847 στρα-

354 847 522 886 τιωτῶν
554 843 601 886 δὲ
630 843 832 897 τέτταρας
859 842 1049 899 τριήρεις
1077 846 1309 900 πληρώσας
1337 847 1410 890 καὶ
1436 848 1731 916 ταχυναυτού-

356 911 434 950 σας
473 905 606 954 τρεῖς,
661 899 907 951 ἐξέπλευσεν
947 902 995 943 ἐκ
1032 904 1274 954 Κορίνθου.
1347 903 1394 946 ἐν
1430 903 1642 962 παράπλῳ
1685 906 1730 949 δὲ

353 972 474 1009 παρα
505 958 762 999 Λευκαδίων
790 958 864 999 καὶ
893 960 1183 1011 Κερκυραίων
1211 963 1322 1029 τρεῖς
1350 964 1459 1012 ναῦς
1482 950 1730 1031 προςλαβό-

273 1014 325 1057 50
354 1029 503 1067 μενος
528 1013 782 1067 ἐπεραιοῦτο
830 1013 933 1057 δέκα
972 1015 1104 1057 ναυσὶ
1145 1013 1225 1058 τόν
1261 1013 1419 1059 Ἰόνιον
1459 1017 1730 1073 καλούμενον

352 1068 508 1123 πόρον.
566 1072 684 1113 ι’διον
723 1070 770 1113 δέ
799 1086 841 1113 τι
868 1072 941 1114 καὶ
970 1071 1222 1126 παράδοξον
1251 1073 1410 1129 συνέβη
1438 1074 1640 1129 γενέσθαι
1668 1078 1730 1132 τῷ

355 1125 608 1182 Τιμολέοντι
637 1126 747 1170 κατα
781 1126 858 1170 τὸν
886 1132 1041 1176 πλοῦν,
1077 1133 1155 1172 τοῦ
1189 1131 1422 1201 δαιμονίου
1444 1120 1730 1199 συνεπιλαβό-

354 1183 491 1237 μένου
528 1188 603 1238 τῆς
637 1183 841 1254 ἐπιβολῆς
875 1186 948 1227 καὶ
984 1188 1363 1254 προσημαίνοντος
1402 1203 1483 1242 την
1521 1188 1730 1260 ἐσομένην

352 1241 452 1310 περὶ
482 1239 618 1283 αὐτὸν
647 1239 849 1292 ευδοξίαν
877 1242 952 1284 καὶ
979 1242 1258 1298 λαμπρότητα
1286 1259 1374 1285 των
1403 1244 1611 1297 πραξεων.
1664 1243 1725 1289 δ”ι

250 1306 321 1354 =55
351 1296 452 1353 ὅλης
488 1313 572 1368 γαρ
614 1302 690 1352 τῆς
727 1296 885 1348 νυκτὸς
924 1304 1154 1353 προηγεῖτο
1184 1299 1355 1366 λαμπας
1383 1301 1591 1358 καιομένη
1619 1319 1730 1345 κατα

350 1355 428 1397 τὸν
459 1352 653 1408 οὐρανὸν
682 1354 805 1410 μέχρι
836 1358 890 1398 οὐ
921 1356 1079 1424 συνέβη
1109 1355 1187 1398 τόν
1218 1356 1375 1399 στόλον
1410 1359 1469 1408 εις
1511 1359 1615 1416 τήν
1627 1358 1804 1401 'Ita-134

348 1413 449 1455 λίαν
485 1415 791 1454 καταπλεῦσαι.
851 1411 875 1455 6
917 1411 964 1454 δὲ
1006 1412 1227 1480 Τιμολέων
1263 1415 1552 1468 προακηκοως
1587 1417 1643 1471 ἡν
1679 1415 1728 1458 έν

350 1469 562 1539 Κορίνθῳ
593 1484 680 1511 των
694 1485 776 1538 της
793 1466 1028 1524 Δήμητρος
1049 1470 1121 1512 καὶ
1143 1467 1290 1539 Κόρης
1320 1471 1489 1525 ἱερειῶν
1519 1471 1587 1515 ὅτι
1615 1488 1726 1516 κατα

265 1536 318 1576 60
349 1525 427 1568 τὸν
466 1525 612 1568 ν’πνον
648 1523 799 1576 αὐταις
837 1526 883 1567 αἱ
910 1526 1012 1568 θεαι
1047 1525 1338 1595 προηγγειλαν
1374 1528 1727 1583 συμπλεύσεσθαι

347 1586 439 1632 τοῖς
476 1583 576 1652 περὶ
613 1582 690 1624 τὸν
731 1582 994 1636 Τιμολέοντα
1032 1582 1143 1625 κατὰ
1178 1582 1256 1626 τόν
1284 1588 1424 1626 πλοῦν
1451 1585 1529 1627 τὸν
1560 1587 1620 1636 εἷς
1646 1602 1726 1642 την

348 1638 471 1692 ἱεραν
508 1639 654 1682 αὐτῶν
692 1643 844 1694 νῆσον.
879 1639 1057 1697 διόπερ
1098 1638 1121 1682 ὁ
1166 1639 1387 1694 Τιμολέων
1421 1642 1496 1684 καὶ
1531 1644 1574 1685 οἱ
1612 1654 1727 1699 συμ-

346 1695 549 1747 πλέοντες
585 1701 831 1767 περιχαρεῖς
869 1690 1000 1751 ἦσαν,
1052 1713 1110 1746 ως
1147 1700 1233 1739 τῶν
1271 1701 1390 1739 θεων
1420 1704 1726 1754 συνεργουσῶν

349 1751 508 1803 αὐτοῖς.
567 1752 647 1808 τὴν
677 1750 719 1794 6⁷
736 1751 936 1821 αρίστην
956 1756 1043 1795 τῶν
1064 1757 1178 1795 νεῶν
1202 1752 1473 1808 καθιερώσας
1491 1761 1584 1806 ταῖς
1600 1761 1725 1807 θεαῖς

264 1812 317 1855 65
350 1809 373 1853 ὁ
411 1809 630 1864 Τιμολέων
658 1807 884 1864 ω’νόμασεν
913 1807 1049 1864 αὐτὴν
1067 1808 1297 1864 Δήμητρος
1317 1811 1390 1853 καὶ
1414 1811 1602 1879 Κόρης
1586 1812 1722 1867 ιεράν.

348 1865 727 1933 καταπλεύσαντος
762 1865 807 1909 δε
845 1869 924 1908 τοῦ
962 1865 1121 1908 στόλου
1159 1867 1290 1921 χωρὶς
1329 1867 1550 1912 κινδύνων
1587 1871 1645 1920 εἰς
1674 1869 1723 1912 τό

348 1922 655 1968 Μεταπόντιον
673 1939 749 1978 της
765 1920 941 1973 Ιταλίας
968 1921 1295 1966 έπικατέπλευσε
1321 1927 1605 1997 Καρχηδονία
1635 1942 1722 1980 τρι-

345 1978 456 2036 ήρης
486 1981 644 2036 ἔχουσα
672 1979 936 2035 πρεσβευτας
966 1981 1308 2050 Καρχηδονίους
1369 1987 1495 2025 οὑτοι
1531 1979 1575 2026 δ’
1602 1982 1722 2026 ἐντυ-

346 2038 495 2108 χόντες
529 2055 589 2093 τῳ
626 2036 878 2091 Τιμολέοντι
918 2036 1267 2107 διεμαρτύραντο
1294 2054 1352 2093 μη
1383 2055 1611 2094 καταρχειν
1638 2055 1723 2082 πο-

262 2100 316 2139 70
347 2095 482 2150 λέμου
512 2083 616 2149 μηδ’
647 2093 889 2163 ἐπιβαίνειν
913 2099 967 2149 τῇ
997 2096 1187 2137 Σικελία.
1245 2091 1269 2137 6
1299 2094 1344 2136 δὲ
1378 2097 1607 2150 Τιμολέων,
1638 2096 1723 2139 έπι-

344 2152 630 2206 καλουμένων
663 2149 798 2193 αὐτὸν
829 2154 917 2193 τῶν
941 2153 1151 2222 Ptygat'vmv
1179 2167 1251 2193 και
1279 2151 1575 2207 συμμαχήσειν
1595 2152 1722 2208 ἐπαγ-

343 2209 633 2271 γελλομένων,
688 2200 938 2261 ἐξέπλευσεν
979 2207 1142 2260 εὐθέως
1184 2208 1232 2251 ἐκ
1275 2210 1356 2251 τοῦ
1393 2211 1720 2263 Μεταποντίου,

342 2379 400 2415 37.
446 2376 580 2424 μικρὸν
612 2376 767 2423 ὕστερον
800 2390 868 2413 om.
899 2378 928 2413 L
1109 2376 1165 2414 38.
1212 2376 1254 2413 δ’
1277 2377 1309 2413 F
1490 2377 1549 2416 46.
1595 2378 1716 2415 τέττα-

338 2426 428 2472 ρας]
462 2425 571 2461 πέντε
594 2427 679 2469 QX,
703 2427 832 2461 caeteri
855 2423 1032 2469 τέσσαρας
1213 2424 1271 2460 48.
1317 2425 1585 2471 Κερκυραίων]
1617 2429 1719 2473 Κορ-

337 2475 502 2516 κυραίων
527 2474 557 2506 Y
580 2474 662 2507 Bas.
866 2471 922 2508 50.
971 2473 1009 2506 δε
1004 2470 1078 2514 ’κα]
1116 2469 1178 2505 καὶ
1202 2473 1272 2517 μιᾷ
1295 2472 1422 2507 addunt
1446 2473 1511 2516 QX

335 2519 487 2564 Ἰόνιον]
512 2516 651 2554 Ἷιόνιον
678 2520 760 2554 Bas.
945 2517 1002 2552 55.
1041 2516 1219 2563 καιομένη
1244 2519 1335 2554 FLY
1358 2520 1454 2562 Bas„
1480 2518 1610 2554 caeteri
1631 2531 1716 2555 καο-

364 2565 400 2602 έν

335 2580 360 2612 μ
404 2580 511 2668 η134.
544 2631 600 2667 56.
649 2632 752 2678 μέχρι
783 2631 838 2673 Τ,
878 2632 1007 2667 caeteri
1036 2631 1160 2678 μέχρις
1367 2633 1426 2669 59.
1473 2632 1715 2680 προήγγειλαν

339 2681 401 2715 FI,
425 2681 506 2714 Bts.
517 2705 527 2723 ‚
553 2681 681 2714 caeteri
704 2677 963 2735 προςήγγειλαν
1132 2680 1188 2714 60.
1235 2677 1303 2715 τόν
1328 2681 1477 2715 alterum
1502 2693 1572 2716 om.
1596 2682 1626 2714 F

430 2727 486 2761 61.
519 2726 582 2761 καὶ
608 2726 645 2760 οἱ
670 2745 715 2751 -
741 2726 797 2760 64.
825 2722 845 2760 ὁ
877 2724 1065 2769 Τιμολέων
1089 2737 1157 2761 om.
1183 2726 1265 2760 Bas.
1451 2726 1508 2762 65.
1551 2727 1620 2763 τοῦ
1643 2738 1712 2762 om.

338 2774 420 2808 Bas.
603 2772 660 2806 66.
706 2770 749 2809 τὸ
781 2771 1069 2816 Μεταπόντιον]
1119 2771 1382 2810 Μεταπόντιον
1413 2775 1443 2809 L
1475 2775 1558 2812 Bas.

338 2820 393 2854 68.
440 2820 493 2869 τῷ
514 2830 584 2854 om.
608 2819 692 2854 Bas.
873 2819 932 2855 71.
977 2817 1114 2864 αὐτόν]
1142 2817 1245 2867 αυτῷ
1265 2820 1295 2854 F
