1820 3249
276 185 386 218 ΓΔΗ
671 170 942 212 LIB.XV11.
1003 170 1134 211 cAP.
1164 173 1262 212 102.

275 286 322 330 δὲ
351 283 644 355 5nc5tpfl²26ocg
649 281 720 326 ὅτε
757 279 889 326 οὐδεν
921 281 1101 337 ὄφελος,
1151 282 1261 335 εγνω
1291 279 1370 335 τὴν
1398 277 1650 334 καλοκάγα-

276 344 383 386 θίαν
410 340 598 411 τάνδρός
627 338 674 382 ἐκ
699 342 775 394 τῆς
803 342 888 382 τῶν
918 338 1217 408 διαβαλόντων
1245 338 1409 386 κακίας.
1697 373 1716 390 ¹„

386 398 436 441 Ο
466 396 506 441 δ’
539 402 621 439 οὑν
647 394 922 450 Ἀλέξανδρος
951 395 1032 450 την
1062 395 1140 449 μὲν
1171 393 1376 448 στρατιαν
1399 391 1655 445 προςέταξεν

279 455 349 500 ἐπὶ
386 455 463 498 τὸν
499 452 697 508 ποταμὸν
736 451 1047 507 ἀντιπαράγειν
1084 456 1179 501 ταῖς
1212 452 1393 500 ναυσίν,
1437 446 1569 499 αὐτὸς
1607 450 1654 519 δὲ

278 513 357 556 τὸν
394 510 466 555 διὰ
499 513 579 554 τοῦ
616 514 817 578 ποταμοῦ
846 525 954 552 κατα
984 508 1061 551 τὸν
1086 507 1300 550 Ὠκεανόν
1329 509 1470 549 πλοῦν
1498 506 1654 549 ποιού-

278 585 409 625 μενος
443 582 632 622 κατηρεν
667 568 727 616 εἰς
764 582 846 620 την
873 581 1031 633 χωραν
1047 568 1136 606 τῶν
1166 562 1503 633 ὀνομαζομένων
1532 566 1654 618 Σαμ-

196 634 250 677 75
280 629 465 697 βαστῶν.
525 623 650 667 οὗτοι
687 623 733 666 δὲ
765 626 827 677 τῷ
863 638 908 663 τε
946 619 1104 675 πλήθει
1138 625 1227 663 τῶν
1257 619 1433 674 ἀνδρῶν
1460 619 1535 663 καὶ
1563 624 1659 670 ταῖς

281 682 453 751 ἀρεταῖς
484 679 665 730 οὐδενὸς
693 681 782 722 τῶν
801 667 1001 721 Ἰνδικῶν
1030 678 1175 720 ἐθνῶν
1204 678 1443 720 λείπονται·
1486 677 1659 720 οἰκοῦν-

280 756 347 790 τες
389 738 434 782 δὲ
475 737 617 786 πόλεις
656 733 1085 790 δημοκρατουμένοις,
1135 734 1207 776 καὶ
1250 733 1330 788 τὴν
1370 734 1536 788 ἔφοδον
1572 738 1661 777 τῶν

283 793 558 866 Μακεδόνων
587 792 935 845 πυνθανόμενοι,
967 788 1232 843 στρατιώτας
1260 789 1480 859 ἤθροισαν
1504 790 1661 843 πεζούς

283 852 361 908 μὲν
393 850 747 906 ἐξακιςμυρίους,
790 850 932 898 ἱππεῖς
962 848 1009 891 δὲ
1038 847 1366 901 ἐξακιςχιλίους,
1407 845 1579 901 ἅρματα
1615 848 1661 890 δὲ

199 919 253 958 80
282 907 545 953 πεντακόσια
613 908 694 947 τοῦ
725 904 771 948 δὲ
800 903 958 949 στόλου
987 903 1216 954 πλέοντος,
1253 907 1315 944 τῶ
1347 903 1452 973 ξέιῳ
1481 904 1554 946 καὶ
1584 919 1664 946 πα-

283 963 453 1021 ραδόξῳ
494 966 569 1018 τῆς
606 961 852 1015 παρουσίας
880 960 1163 1030 πτοηθέντες,
1212 960 1285 1003 καὶ
1315 959 1396 1013 τὴν
1435 962 1662 1028 διαβεβοη-

281 1023 416 1078 μένην
447 1019 579 1072 δόξαν
607 1023 697 1061 τῶν
727 1016 1006 1061 Μακεδόνων
1034 1016 1390 1072 καταπλαγέντες,
1423 1016 1482 1059 ἔτι
1507 1018 1552 1060 δὲ
1573 1033 1662 1060 των

281 1076 588 1147 πρεσβυτέρων
618 1073 1044 1145 συμβουλευσάντων
1073 1074 1130 1130 μὴ
1163 1075 1522 1128 διαγωνίζεσθαι,
1569 1088 1667 1117 πεν-

281 1135 470 1207 τήκοντα
505 1131 611 1183 τούς
648 1130 1020 1201 ἐπιφανεστάτους
1057 1130 1324 1186 πρεσβευτὰς
1353 1130 1664 1182 ἐξαπέστειλαν,

201 1200 256 1243 85
286 1191 504 1245 ἀξιοῦντες
533 1187 876 1259 φιλανθρώπως
890 1186 1040 1238 αὐτοῖς
1067 1190 1336 1243 προςενεχθ,
1314 1203 1423 1242 ηναι.
1480 1186 1503 1230 ὁ
1526 1187 1570 1230 δὲ
1591 1191 1665 1243 βα-

288 1247 433 1300 σιλευς
464 1245 692 1296 ἐπαινέσας
724 1244 826 1296 τοὺς
857 1262 912 1288 ατ
916 1247 1065 1299 δρας,
1084 1245 1158 1288 καὶ
1187 1243 1470 1314 συγχωρήσας
1500 1260 1581 1298 την
1611 1246 1666 1286 εἰ-

287 1304 446 1376 ρήνην,
498 1305 681 1356 δωρεαῖς
724 1319 768 1345 τε
807 1300 1012 1357 μεγάλαις
1052 1302 1128 1345 καὶ
1164 1306 1307 1354 τιμαῖς
1336 1300 1557 1370 ηρωικαῖς
1576 1299 1663 1343 ὑπο

287 1367 378 1406 τῶν
413 1360 633 1431 ἐγχωρίων
672 1357 862 1414 ἐτιμηθη
922 1374 1027 1413 μετα
1067 1357 1112 1401 δε
1141 1362 1279 1400 ταῦτα
1307 1358 1413 1408 τοὺς
1442 1373 1562 1412 παρα
1581 1357 1668 1427 ,τὸν

206 1430 262 1471 90
290 1419 488 1473 ποταμὸν
527 1417 569 1468 ἐξ
599 1414 862 1470 ἀμφοτέρων
890 1431 978 1485 των
1008 1417 1154 1470 μερῶν
1183 1418 1520 1466 κατοικοῦντας,
1569 1412 1669 1457 ὀνο-

290 1475 573 1547 μαζομένους
601 1473 646 1515 δὲ
689 1471 888 1541 Σόδρας
901 1472 974 1515 καὶ
1013 1471 1310 1542 Μασσανούς,
1362 1471 1670 1526 προςηγάγετο.

290 1533 389 1588 περὶ
418 1531 463 1575 65
492 1528 679 1580 τούτους
707 1531 811 1579 τοὺς
839 1526 1002 1579 τόπους
1029 1528 1167 1572 ἔκτισε
1201 1528 1330 1571 πόλιν
1347 1527 1670 1582 Ἀλεξάνδρειαν

291 1591 402 1634 κατὰ
429 1586 507 1631 τὸν
536 1583 758 1641 ποταμόν,
787 1586 973 1641 μυρίους
1001 1585 1234 1636 καταλέξας
1264 1585 1507 1652 οἰκητορας.
1567 1584 1672 1640 μετὰ

294 1647 340 1690 δε
370 1649 506 1687 ταῦτα
538 1645 595 1693 εἰς
623 1642 703 1698 τήν
732 1642 1027 1686 Μουσικάνου
1064 1646 1145 1685 τοῦ
1183 1643 1392 1696 βασιλέως
1420 1641 1569 1712 χώραν
1598 1659 1674 1685 κα-

211 1709 266 1752 95
295 1702 528 1774 ταντήσας,
556 1700 634 1744 τόν
662 1715 706 1742 τε
736 1699 959 1754 δυνάστην
987 1698 1245 1768 ὑποχείριον
1274 1698 1424 1752 λαβων
1453 1697 1675 1741 ἀπέκτεινε

295 1760 369 1806 καὶ
397 1757 447 1801 τὸ
479 1757 612 1807 ἔθνος
640 1754 895 1812 ὑποχείριον
926 1757 1139 1825 ἐποίησεν.
1197 1755 1292 1811 εξῆς
1322 1754 1362 1799 δ’
1385 1757 1445 1806 εἰς
1464 1756 1540 1809 τὴν
1560 1759 1675 1806 Πορ-

296 1813 480 1862 τικάνου
523 1815 783 1857 δυναστείαν
830 1812 1026 1885 ἐμβαλὼν
1067 1811 1149 1856 δύο
1189 1828 1267 1866 μεν
1317 1811 1359 1864 ἐξ
1396 1811 1562 1868 ἐφόδου
1599 1814 1677 1855 πό-

299 1879 387 1925 λεις
408 1870 748 1926 ἐξεπολιόρκησε,
778 1871 852 1913 καὶ
880 1875 973 1920 τοῖς
1006 1868 1287 1923 στρατιώταις
1305 1868 1421 1924 ἐφεὶς
1439 1868 1678 1923 διαρπάσαι

192 1938 272 1980 100
300 1931 375 1981 τὰς
405 1929 545 1978 οἰκίας
575 1928 829 1982 ἐνέπρησεν·
862 1926 996 1970 αὐτόν
1029 1926 1075 1969 65
1103 1925 1180 1969 τὸν
1211 1929 1491 1980 Πορτικᾶνον
1519 1928 1578 1976 εἰς
1598 1941 1678 1994 χω-

300 1988 396 2043 ρίον
425 1983 587 2053 ὀχυρὸν
616 1983 925 2054 καταφυγόντα
954 1981 1269 2038 χειρωσάμενος
1302 1982 1520 2025 ἀπέκτεινε
1549 1980 1678 2037 μαχό-

302 2059 451 2113 μενον.
509 2057 586 2092 τας
615 2041 661 2084 65
689 2041 835 2091 πόλεις
865 2039 1034 2090 ἁπάσας
1065 2056 1141 2090 τας
1176 2039 1265 2082 ὑπὸ
1295 2043 1457 2082 τοῦτον
1484 2039 1679 2093 τεταγμέ-
1726 2058 1730 2060 ·

303 2117 384 2151 νας
425 2097 765 2153 ἐκπολιορκησας
807 2097 1069 2148 κατέσκαψε,
1122 2096 1197 2138 καὶ
1233 2097 1374 2139 πολύν
1401 2094 1559 2164 φόβον
1586 2099 1680 2145 τοῖς

305 2154 623 2224 πλησιοχώροις
651 2154 894 2224 ἐπέστησεν.
954 2153 1049 2209 ἑξῆς
1086 2153 1131 2196 δὲ
1159 2151 1240 2207 τήν
1268 2168 1312 2194 τε
1342 2150 1529 2207 Σάμβου
1558 2155 1682 2221 βασι-

256 2219 283 2262 5
311 2215 431 2258 λείαν
454 2210 714 2267 ἐξεπόρθησε
740 2213 814 2255 καὶ
836 2228 913 2262 τας
934 2211 1133 2260 πλείστας
1154 2209 1300 2259 πόλεις
1318 2206 1683 2262 ἐξανδραποδισά-

311 2286 441 2341 μενος
469 2268 542 2313 καὶ
571 2267 854 2319 κατασκάψας
882 2266 1092 2318 κατέκοψε
1112 2282 1201 2308 των
1220 2264 1460 2335 βαρβάρων
1476 2265 1586 2317 ὑπερ
1604 2281 1682 2314 τας

313 2325 427 2371 dmm
467 2324 801 2394 μυριάδας.τὸ
839 2341 918 2378 μεν
956 2327 1039 2366 οὐν
1072 2322 1202 2372 ἔθνος
1230 2338 1319 2364 των
1347 2320 1682 2377 ὀνομαζομένων

312 2381 584 2440 Βραχμάνων
611 2379 834 2433 τοιαύταις
861 2378 1085 2437 περιέπεσε
1113 2384 1384 2435 συμφοραῖς·
1416 2382 1505 2421 τῶν
1534 2378 1580 2422 δέ
1597 2382 1682 2421 λοι

167 383 249 422 102

196 443 298 481 70

313 2540 372 2576 68.
419 2537 694 2595 διαβαλλόντων
717 2541 748 2574 F
929 2539 987 2573 71.
1034 2539 1116 2579 ταῖς
1137 2538 1289 2583 ναυσιν]
1321 2537 1387 2579 τὰς
1408 2552 1503 2579 ναυς
1524 2539 1586 2572 FL

408 2585 467 2620 80.
514 2585 709 2631 πλέοντος]
742 2587 850 2620 immo
874 2583 1030 2628 προςπλέ
1033 2597 1139 2623 οντος
1343 2586 1401 2622 84
1445 2581 1689 2640 πρεσβευτάς]

317 2629 522 2687 πρεσβύτας
543 2632 574 2674 Q
598 2633 678 2666 Bas.
815 2631 1084 2675 ἐξαπέστειλαν]
1108 2629 1320 2667 ἀπέστειλαν
1336 2633 1398 2666 FL
1534 2632 1592 2665 86.
1624 2626 1688 2664 ἄν-

322 2679 438 2732 δρας]
453 2675 618 2722 πρέσβεις
648 2678 740 2720 FLQ
900 2678 958 2711 90.
1006 2676 1046 2712 δε
1068 2689 1137 2711 om.
1156 2678 1189 2711 T
1212 2680 1294 2713 Bas.
1476 2677 1534 2711 92.
1580 2674 1688 2710 πόλιν

319 2721 604 2768 Ἀλεξάνδρειαν]
637 2723 777 2758 invertit
798 2724 849 2765 F,
868 2722 1100 2769 Ἀλέξανδρος
1121 2722 1229 2759 πόλιν
1252 2726 1281 2759 L
1440 2723 1497 2758 93.
1546 2724 1690 2756 Μουσι-

321 2770 440 2806 κάνον
463 2770 544 2814 του]
570 2771 642 2804 τοῦ
661 2768 905 2807 Μουσικάνον
928 2771 1011 2805 Bas.
1191 2771 1249 2805 97.
1295 2769 1482 2816 εἰςβαλων]
1507 2766 1692 2815 ἐπιβαλών

321 2818 372 2862 L,
393 2815 627 2862 suprascripto
647 2828 675 2861 μ
697 2817 727 2851 F
909 2817 945 2851 4.
993 2814 1162 2863 Σάμβου]
1186 2816 1306 2863 σάμου
1328 2818 1359 2851 F
