<?xml version="1.0" encoding="UTF-8"?>
<!DOCTYPE html PUBLIC "-//W3C//DTD XHTML 1.0 Transitional//EN"
    "http://www.w3.org/TR/xhtml1/DTD/xhtml1-transitional.dtd">
<html xmlns="http://www.w3.org/1999/xhtml" xml:lang="en" lang="en">
 <head>
  <title>
</title>
<meta http-equiv="Content-Type" content="text/html;charset=utf-8" />
  <meta name='ocr-system' content='tesseract 3.04.00' />
  <meta name='ocr-capabilities' content='ocr_page ocr_carea ocr_par ocr_line ocrx_word'/>
</head>
<body>
  <div class='ocr_page' id='page_1' title='image "./p1bibliothecahisto02dioduoft_0194.png"; bbox 0 0 1820 3249; ppageno 0'>
   <div class='ocr_carea' id='block_1_1' title="bbox 305 161 1300 207">
    <p class='ocr_par' dir='ltr' id='par_1_1' title="bbox 305 161 1300 207">
     <span class='ocr_line' id='line_1_1' title="bbox 305 161 1300 207; baseline -0.004 -1"><span class='ocrx_word' id='word_1_1' title='bbox 305 163 420 207; x_wconf 81' lang='lat'>1118</span> <span class='ocrx_word' id='word_1_2' title='bbox 692 162 810 203; x_wconf 87' lang='lat' dir='ltr'>LIB.</span> <span class='ocrx_word' id='word_1_3' title='bbox 839 161 947 204; x_wconf 86' lang='lat' dir='ltr'><strong>XVI.</strong></span> <span class='ocrx_word' id='word_1_4' title='bbox 976 162 1111 203; x_wconf 84' lang='lat' dir='ltr'><strong>cAP.</strong></span> <span class='ocrx_word' id='word_1_5' title='bbox 1142 165 1208 205; x_wconf 75' lang='lat'><strong><em>33.</em></strong></span> <span class='ocrx_word' id='word_1_6' title='bbox 1229 165 1300 205; x_wconf 76' lang='lat'><strong><em>84.</em></strong></span> 
     </span>
    </p>
   </div>
   <div class='ocr_carea' id='block_1_2' title="bbox 194 272 1766 2498">
    <p class='ocr_par' dir='ltr' id='par_1_2' title="bbox 224 272 1687 502">
     <span class='ocr_line' id='line_1_2' title="bbox 224 272 1685 346; baseline 0.001 -30"><span class='ocrx_word' id='word_1_7' title='bbox 224 283 281 323; x_wconf 84' lang='lat'><strong><em>90</em></strong></span> <span class='ocrx_word' id='word_1_8' title='bbox 309 274 404 330; x_wconf 82' lang='grc' dir='ltr'><strong><em>χίας</em></strong></span> <span class='ocrx_word' id='word_1_9' title='bbox 441 272 514 318; x_wconf 58' lang='lat' dir='ltr'><strong><em>&amp;ab</em></strong></span> <span class='ocrx_word' id='word_1_10' title='bbox 549 273 630 331; x_wconf 82' lang='grc' dir='ltr'><strong><em>τήν</em></strong></span> <span class='ocrx_word' id='word_1_11' title='bbox 665 273 989 346; x_wconf 81' lang='grc' dir='ltr'><strong><em>προειρημένην</em></strong></span> <span class='ocrx_word' id='word_1_12' title='bbox 1026 273 1074 318; x_wconf 80' lang='grc' dir='ltr'><strong><em>ἐκ</em></strong></span> <span class='ocrx_word' id='word_1_13' title='bbox 1113 279 1202 318; x_wconf 76' lang='grc' dir='ltr'><strong><em>τῶν</em></strong></span> <span class='ocrx_word' id='word_1_14' title='bbox 1239 277 1421 329; x_wconf 76' lang='grc' dir='ltr'><strong><em>καρπῶν</em></strong></span> <span class='ocrx_word' id='word_1_15' title='bbox 1457 272 1685 329; x_wconf 76' lang='grc' dir='ltr'><strong><em>εὐπορίαν,</em></strong></span> 
     </span>
     <span class='ocr_line' id='line_1_3' title="bbox 307 332 1686 388; baseline 0.001 -14"><span class='ocrx_word' id='word_1_16' title='bbox 307 332 500 385; x_wconf 84' lang='grc' dir='ltr'><strong><em>θέατρον</em></strong></span> <span class='ocrx_word' id='word_1_17' title='bbox 530 332 608 386; x_wconf 74' lang='grc' dir='ltr'><strong><em>μὲν</em></strong></span> <span class='ocrx_word' id='word_1_18' title='bbox 636 333 921 376; x_wconf 79' lang='grc' dir='ltr'>κατεσκεύασε</span> <span class='ocrx_word' id='word_1_19' title='bbox 950 332 1055 388; x_wconf 81' lang='grc' dir='ltr'><strong><em>μετὰ</em></strong></span> <span class='ocrx_word' id='word_1_20' title='bbox 1085 333 1134 375; x_wconf 89' lang='grc' dir='ltr'><strong><em>τὸ</em></strong></span> <span class='ocrx_word' id='word_1_21' title='bbox 1161 337 1249 375; x_wconf 81' lang='grc' dir='ltr'><strong><em>τῶν</em></strong></span> <span class='ocrx_word' id='word_1_22' title='bbox 1273 334 1564 388; x_wconf 80' lang='grc' dir='ltr'><strong><em>Συρακοσίων</em></strong></span> <span class='ocrx_word' id='word_1_23' title='bbox 1585 332 1686 376; x_wconf 82' lang='grc' dir='ltr'><strong><em>κάλ-</em></strong></span> 
     </span>
     <span class='ocr_line' id='line_1_4' title="bbox 309 388 1686 458; baseline 0.001 -27"><span class='ocrx_word' id='word_1_24' title='bbox 309 394 471 431; x_wconf 80' lang='grc' dir='ltr'><strong><em>λιστον</em></strong></span> <span class='ocrx_word' id='word_1_25' title='bbox 486 393 574 431; x_wconf 81' lang='grc' dir='ltr'><strong><em>τῶν</em></strong></span> <span class='ocrx_word' id='word_1_26' title='bbox 611 388 721 430; x_wconf 78' lang='grc' dir='ltr'><strong><em>κατὰ</em></strong></span> <span class='ocrx_word' id='word_1_27' title='bbox 746 391 970 439; x_wconf 77' lang='grc' dir='ltr'><strong><em>Σικελίαν,</em></strong></span> <span class='ocrx_word' id='word_1_28' title='bbox 1015 393 1134 432; x_wconf 74' lang='grc' dir='ltr'><strong><em>θεῶν</em></strong></span> <span class='ocrx_word' id='word_1_29' title='bbox 1162 405 1207 433; x_wconf 86' lang='grc' dir='ltr'><strong><em>τε</em></strong></span> <span class='ocrx_word' id='word_1_30' title='bbox 1235 390 1370 441; x_wconf 74' lang='grc' dir='ltr'><strong><em>ναούς</em></strong></span> <span class='ocrx_word' id='word_1_31' title='bbox 1399 391 1471 434; x_wconf 85' lang='grc' dir='ltr'><strong><em>καὶ</em></strong></span> <span class='ocrx_word' id='word_1_32' title='bbox 1500 393 1686 458; x_wconf 82' lang='grc' dir='ltr'><strong><em>βουλευ-</em></strong></span> 
     </span>
     <span class='ocr_line' id='line_1_5' title="bbox 307 443 1687 517; baseline 0 -29"><span class='ocrx_word' id='word_1_33' title='bbox 307 445 469 517; x_wconf 80' lang='grc' dir='ltr'><strong><em>τήριον</em></strong></span> <span class='ocrx_word' id='word_1_34' title='bbox 491 446 566 488; x_wconf 82' lang='grc' dir='ltr'><strong><em>καὶ</em></strong></span> <span class='ocrx_word' id='word_1_35' title='bbox 597 443 776 500; x_wconf 83' lang='grc' dir='ltr'><strong><em>άγοράν,</em></strong></span> <span class='ocrx_word' id='word_1_36' title='bbox 807 445 864 488; x_wconf 74' lang='grc' dir='ltr'><strong><em>ἔτι</em></strong></span> <span class='ocrx_word' id='word_1_37' title='bbox 889 446 934 489; x_wconf 82' lang='grc' dir='ltr'><strong><em>δὲ</em></strong></span> <span class='ocrx_word' id='word_1_38' title='bbox 955 462 1138 500; x_wconf 89' lang='grc' dir='ltr'><strong><em>πυργων</em></strong></span> <span class='ocrx_word' id='word_1_39' title='bbox 1159 444 1395 502; x_wconf 77' lang='grc' dir='ltr'><strong><em>ἀξιολόγων</em></strong></span> <span class='ocrx_word' id='word_1_40' title='bbox 1416 444 1687 496; x_wconf 79' lang='grc' dir='ltr'><strong><em>κατασκευὰς</em></strong></span> 
     </span>
    </p>

    <p class='ocr_par' dir='ltr' id='par_1_3' title="bbox 222 501 1688 613">
     <span class='ocr_line' id='line_1_6' title="bbox 222 501 1688 580; baseline 0.001 -36"><span class='ocrx_word' id='word_1_41' title='bbox 222 510 276 553; x_wconf 84' lang='grc'><strong><em>95</em></strong></span> <span class='ocrx_word' id='word_1_42' title='bbox 307 504 380 545; x_wconf 77' lang='grc' dir='ltr'><strong><em>καὶ</em></strong></span> <span class='ocrx_word' id='word_1_43' title='bbox 417 501 585 557; x_wconf 79' lang='grc' dir='ltr'><strong><em>τάφους</em></strong></span> <span class='ocrx_word' id='word_1_44' title='bbox 623 504 883 558; x_wconf 83' lang='grc' dir='ltr'><strong><em>πυραμίδων</em></strong></span> <span class='ocrx_word' id='word_1_45' title='bbox 920 507 1095 546; x_wconf 79' lang='grc' dir='ltr'><strong><em>πολλῶν</em></strong></span> <span class='ocrx_word' id='word_1_46' title='bbox 1123 504 1196 546; x_wconf 89' lang='grc' dir='ltr'><strong><em>καὶ</em></strong></span> <span class='ocrx_word' id='word_1_47' title='bbox 1230 505 1429 561; x_wconf 80' lang='grc' dir='ltr'><strong><em>μεγάλων</em></strong></span> <span class='ocrx_word' id='word_1_48' title='bbox 1458 502 1688 580; x_wconf 87' lang='grc' dir='ltr'><strong><em>διαφόρων</em></strong></span> 
     </span>
     <span class='ocr_line' id='line_1_7' title="bbox 305 561 1446 629; baseline -0.005 -27"><span class='ocrx_word' id='word_1_49' title='bbox 305 564 399 609; x_wconf 89' lang='grc' dir='ltr'><strong><em>ταῖς</em></strong></span> <span class='ocrx_word' id='word_1_50' title='bbox 416 561 729 629; x_wconf 31' lang='grc' dir='ltr'><strong><em>φιλοτεχνμαις</em></strong></span> <span class='ocrx_word' id='word_1_51' title='bbox 1442 592 1446 596; x_wconf 78' lang='grc'><strong><em>,</em></strong></span> 
     </span>
    </p>

    <p class='ocr_par' dir='ltr' id='par_1_4' title="bbox 221 610 1689 728">
     <span class='ocr_line' id='line_1_8' title="bbox 221 610 1689 674; baseline 0 -16"><span class='ocrx_word' id='word_1_52' title='bbox 221 627 278 665; x_wconf 60' lang='lat'><strong><em>84</em></strong></span> <span class='ocrx_word' id='word_1_53' title='bbox 315 639 317 641; x_wconf 96' lang='lat'>·</span> <span class='ocrx_word' id='word_1_54' title='bbox 416 613 511 658; x_wconf 89' lang='grc' dir='ltr'><strong><em>Ἐπ’</em></strong></span> <span class='ocrx_word' id='word_1_55' title='bbox 551 615 765 670; x_wconf 79' lang='grc' dir='ltr'><strong><em>ἄρχοντος</em></strong></span> <span class='ocrx_word' id='word_1_56' title='bbox 804 611 845 658; x_wconf 88' lang='grc' dir='ltr'><strong><em>δ</em></strong></span> <span class='ocrx_word' id='word_1_57' title='bbox 882 610 1089 672; x_wconf 77' lang='grc' dir='ltr'><strong><em>Αθήνησι</em></strong></span> <span class='ocrx_word' id='word_1_58' title='bbox 1120 615 1375 671; x_wconf 75' lang='grc' dir='ltr'><strong><em>Χαρώνδου</em></strong></span> <span class='ocrx_word' id='word_1_59' title='bbox 1403 618 1481 674; x_wconf 80' lang='grc' dir='ltr'><strong><em>τήν</em></strong></span> <span class='ocrx_word' id='word_1_60' title='bbox 1518 615 1689 660; x_wconf 73' lang='grc' dir='ltr'><strong><em>’ὕπατον</em></strong></span> 
     </span>
     <span class='ocr_line' id='line_1_9' title="bbox 286 670 1688 728; baseline 0.002 -14.044"><span class='ocrx_word' id='word_1_61' title='bbox 286 670 442 728; x_wconf 74' lang='grc' dir='ltr'><strong><em>ἀρχὴν</em></strong></span> <span class='ocrx_word' id='word_1_62' title='bbox 480 674 722 724; x_wconf 80' lang='grc' dir='ltr'><strong><em>διεδέξαντο</em></strong></span> <span class='ocrx_word' id='word_1_63' title='bbox 754 672 940 723; x_wconf 83' lang='grc' dir='ltr'><strong><em>Λεύκιος</em></strong></span> <span class='ocrx_word' id='word_1_64' title='bbox 976 675 1174 727; x_wconf 79' lang='grc' dir='ltr'><strong><em>Αἰμίλιος</em></strong></span> <span class='ocrx_word' id='word_1_65' title='bbox 1212 675 1284 717; x_wconf 86' lang='grc' dir='ltr'><strong><em>καὶ</em></strong></span> <span class='ocrx_word' id='word_1_66' title='bbox 1315 673 1449 725; x_wconf 83' lang='grc' dir='ltr'><strong><em>Γάϊος</em></strong></span> <span class='ocrx_word' id='word_1_67' title='bbox 1482 673 1688 724; x_wconf 78' lang='grc' dir='ltr'><strong><em>Πλώτιος.</em></strong></span> 
     </span>
    </p>

    <p class='ocr_par' dir='ltr' id='par_1_5' title="bbox 194 727 1690 1242">
     <span class='ocr_line' id='line_1_10' title="bbox 194 727 1690 785; baseline 0.002 -14"><span class='ocrx_word' id='word_1_68' title='bbox 194 739 275 779; x_wconf 84' lang='grc'><strong><em>100</em></strong></span> <span class='ocrx_word' id='word_1_69' title='bbox 305 729 374 772; x_wconf 79' lang='grc' dir='ltr'><strong><em>ἐπὶ</em></strong></span> <span class='ocrx_word' id='word_1_70' title='bbox 406 729 452 772; x_wconf 81' lang='grc' dir='ltr'><strong><em>δὲ</em></strong></span> <span class='ocrx_word' id='word_1_71' title='bbox 479 729 652 772; x_wconf 80' lang='grc' dir='ltr'><strong><em>τούτων</em></strong></span> <span class='ocrx_word' id='word_1_72' title='bbox 684 731 898 779; x_wconf 87' lang='grc' dir='ltr'><strong><em>Φίλιππος</em></strong></span> <span class='ocrx_word' id='word_1_73' title='bbox 929 727 952 771; x_wconf 97' lang='lat'><strong><em>6</em></strong></span> <span class='ocrx_word' id='word_1_74' title='bbox 983 731 1185 785; x_wconf 84' lang='grc' dir='ltr'><strong><em>βασιλευς</em></strong></span> <span class='ocrx_word' id='word_1_75' title='bbox 1214 731 1319 782; x_wconf 84' lang='grc' dir='ltr'><strong><em>τούς</em></strong></span> <span class='ocrx_word' id='word_1_76' title='bbox 1346 734 1575 782; x_wconf 82' lang='grc' dir='ltr'><strong><em>πλείστους</em></strong></span> <span class='ocrx_word' id='word_1_77' title='bbox 1602 734 1690 774; x_wconf 81' lang='grc' dir='ltr'><strong><em>τῶν</em></strong></span> 
     </span>
     <span class='ocr_line' id='line_1_11' title="bbox 301 784 1689 870; baseline 0.002 -42.017"><span class='ocrx_word' id='word_1_78' title='bbox 301 784 517 840; x_wconf 85' lang='grc' dir='ltr'><strong><em>Ἑλλήνων</em></strong></span> <span class='ocrx_word' id='word_1_79' title='bbox 556 788 615 836; x_wconf 84' lang='grc' dir='ltr'><strong><em>εἰς</em></strong></span> <span class='ocrx_word' id='word_1_80' title='bbox 657 788 821 870; x_wconf 58' lang='grc' dir='ltr'><strong><em>φιλίανε</em></strong></span> <span class='ocrx_word' id='word_1_81' title='bbox 847 787 1119 855; x_wconf 83' lang='grc' dir='ltr'><strong><em>προηγμένος</em></strong></span> <span class='ocrx_word' id='word_1_82' title='bbox 1159 787 1449 842; x_wconf 80' lang='grc' dir='ltr'><strong><em>ἐφιλοτιμεῖτο</em></strong></span> <span class='ocrx_word' id='word_1_83' title='bbox 1481 789 1555 831; x_wconf 87' lang='grc' dir='ltr'><strong><em>καὶ</em></strong></span> <span class='ocrx_word' id='word_1_84' title='bbox 1584 804 1689 838; x_wconf 89' lang='grc' dir='ltr'><strong><em>τους</em></strong></span> 
     </span>
     <span class='ocr_line' id='line_1_12' title="bbox 303 841 1689 915; baseline 0.001 -30.006"><span class='ocrx_word' id='word_1_85' title='bbox 303 842 567 913; x_wconf 82' lang='grc' dir='ltr'><strong><em>Ἀθηναίους</em></strong></span> <span class='ocrx_word' id='word_1_86' title='bbox 601 842 983 898; x_wconf 77' lang='grc' dir='ltr'><strong><em>καταπληξάμενος</em></strong></span> <span class='ocrx_word' id='word_1_87' title='bbox 1022 841 1228 912; x_wconf 73' lang='grc' dir='ltr'><strong><em>ἀδήριτον</em></strong></span> <span class='ocrx_word' id='word_1_88' title='bbox 1270 845 1380 899; x_wconf 89' lang='grc' dir='ltr'><strong><em>εχειν</em></strong></span> <span class='ocrx_word' id='word_1_89' title='bbox 1401 860 1498 912; x_wconf 89' lang='grc' dir='ltr'><strong><em>την</em></strong></span> <span class='ocrx_word' id='word_1_90' title='bbox 1526 844 1689 915; x_wconf 79' lang='grc' dir='ltr'><strong><em>ἡγεμο-</em></strong></span> 
     </span>
     <span class='ocr_line' id='line_1_13' title="bbox 303 898 1689 970; baseline 0.001 -28"><span class='ocrx_word' id='word_1_91' title='bbox 303 901 407 943; x_wconf 89' lang='grc' dir='ltr'><strong><em>νίαν</em></strong></span> <span class='ocrx_word' id='word_1_92' title='bbox 447 904 521 954; x_wconf 82' lang='grc' dir='ltr'><strong><em>τῆς</em></strong></span> <span class='ocrx_word' id='word_1_93' title='bbox 557 898 776 949; x_wconf 86' lang='grc' dir='ltr'><strong><em>Ελλάδος.</em></strong></span> <span class='ocrx_word' id='word_1_94' title='bbox 836 899 985 953; x_wconf 83' lang='grc' dir='ltr'><strong><em>διόπερ</em></strong></span> <span class='ocrx_word' id='word_1_95' title='bbox 1027 899 1154 956; x_wconf 77' lang='grc' dir='ltr'><strong><em>ἄφνω</em></strong></span> <span class='ocrx_word' id='word_1_96' title='bbox 1194 898 1545 970; x_wconf 80' lang='grc' dir='ltr'><strong><em>καταλαβόμενος</em></strong></span> <span class='ocrx_word' id='word_1_97' title='bbox 1570 898 1689 944; x_wconf 84' lang='grc' dir='ltr'><strong><em>Ἐλά-</em></strong></span> 
     </span>
     <span class='ocr_line' id='line_1_14' title="bbox 302 956 1689 1028; baseline 0.001 -29"><span class='ocrx_word' id='word_1_98' title='bbox 302 972 425 999; x_wconf 90' lang='grc' dir='ltr'><strong><em>τειαν</em></strong></span> <span class='ocrx_word' id='word_1_99' title='bbox 454 956 597 1005; x_wconf 80' lang='grc' dir='ltr'><strong><em>πόλιν,</em></strong></span> <span class='ocrx_word' id='word_1_100' title='bbox 628 957 702 999; x_wconf 83' lang='grc' dir='ltr'><strong><em>καὶ</em></strong></span> <span class='ocrx_word' id='word_1_101' title='bbox 730 956 806 1007; x_wconf 82' lang='grc' dir='ltr'><strong><em>τὰς</em></strong></span> <span class='ocrx_word' id='word_1_102' title='bbox 835 956 1042 1011; x_wconf 86' lang='grc' dir='ltr'><strong><em>δυνάμεις</em></strong></span> <span class='ocrx_word' id='word_1_103' title='bbox 1071 959 1132 1008; x_wconf 88' lang='grc' dir='ltr'><strong><em>είς</em></strong></span> <span class='ocrx_word' id='word_1_104' title='bbox 1143 956 1318 1028; x_wconf 81' lang='grc' dir='ltr'><strong><em>ταύτην</em></strong></span> <span class='ocrx_word' id='word_1_105' title='bbox 1345 958 1574 1012; x_wconf 81' lang='grc' dir='ltr'><strong><em>ἀθροίσας,</em></strong></span> <span class='ocrx_word' id='word_1_106' title='bbox 1605 957 1689 1001; x_wconf 86' lang='grc' dir='ltr'><strong><em>διέ-</em></strong></span> 
     </span>
     <span class='ocr_line' id='line_1_15' title="bbox 250 1012 1690 1069; baseline 0.001 -14.081"><span class='ocrx_word' id='word_1_107' title='bbox 250 1017 395 1068; x_wconf 85' lang='grc' dir='ltr'><strong><em>5γνω</em></strong></span> <span class='ocrx_word' id='word_1_108' title='bbox 434 1017 638 1067; x_wconf 84' lang='grc' dir='ltr'><strong><em>πολεμεῖν</em></strong></span> <span class='ocrx_word' id='word_1_109' title='bbox 679 1019 771 1064; x_wconf 84' lang='grc' dir='ltr'><strong><em>τοῖς</em></strong></span> <span class='ocrx_word' id='word_1_110' title='bbox 809 1012 1065 1069; x_wconf 83' lang='grc' dir='ltr'><strong><em>Ἀθηναίοις.</em></strong></span> <span class='ocrx_word' id='word_1_111' title='bbox 1127 1013 1444 1069; x_wconf 79' lang='grc' dir='ltr'><strong><em>ἀπαρασκεύων</em></strong></span> <span class='ocrx_word' id='word_1_112' title='bbox 1475 1013 1518 1059; x_wconf 89' lang='grc' dir='ltr'><strong><em>δ’</em></strong></span> <span class='ocrx_word' id='word_1_113' title='bbox 1549 1015 1690 1059; x_wconf 81' lang='grc' dir='ltr'><strong><em>ὄντων</em></strong></span> 
     </span>
     <span class='ocr_line' id='line_1_16' title="bbox 307 1069 1690 1139; baseline 0.002 -27"><span class='ocrx_word' id='word_1_114' title='bbox 307 1069 455 1113; x_wconf 76' lang='grc' dir='ltr'><strong><em>αὐτῶν</em></strong></span> <span class='ocrx_word' id='word_1_115' title='bbox 485 1070 559 1112; x_wconf 80' lang='grc' dir='ltr'><strong><em>διὰ</em></strong></span> <span class='ocrx_word' id='word_1_116' title='bbox 587 1069 666 1126; x_wconf 77' lang='grc' dir='ltr'><strong><em>τήν</em></strong></span> <span class='ocrx_word' id='word_1_117' title='bbox 690 1071 1034 1139; x_wconf 84' lang='grc' dir='ltr'><strong><em>συντεθειμένην</em></strong></span> <span class='ocrx_word' id='word_1_118' title='bbox 1063 1071 1242 1128; x_wconf 79' lang='grc' dir='ltr'><strong><em>εἰρήνην</em></strong></span> <span class='ocrx_word' id='word_1_119' title='bbox 1269 1072 1417 1127; x_wconf 83' lang='grc' dir='ltr'><strong><em>η’λπιζε</em></strong></span> <span class='ocrx_word' id='word_1_120' title='bbox 1440 1072 1602 1129; x_wconf 75' lang='grc' dir='ltr'><strong><em>ῥαδίως</em></strong></span> <span class='ocrx_word' id='word_1_121' title='bbox 1617 1087 1690 1115; x_wconf 87' lang='grc' dir='ltr'><strong><em>πε-</em></strong></span> 
     </span>
     <span class='ocr_line' id='line_1_17' title="bbox 284 1126 1690 1199; baseline 0.002 -30.048"><span class='ocrx_word' id='word_1_122' title='bbox 284 1126 625 1182; x_wconf 88' lang='grc' dir='ltr'><strong><em>·ριποιη’σασθαι</em></strong></span> <span class='ocrx_word' id='word_1_123' title='bbox 653 1127 732 1183; x_wconf 83' lang='grc' dir='ltr'><strong><em>τὴν</em></strong></span> <span class='ocrx_word' id='word_1_124' title='bbox 761 1130 909 1199; x_wconf 86' lang='grc' dir='ltr'><strong><em>νίκην</em></strong></span> <span class='ocrx_word' id='word_1_125' title='bbox 955 1128 1099 1186; x_wconf 81' lang='grc' dir='ltr'><strong><em>ὅπερ</em></strong></span> <span class='ocrx_word' id='word_1_126' title='bbox 1099 1130 1172 1171; x_wconf 88' lang='grc' dir='ltr'><strong><em>καὶ</em></strong></span> <span class='ocrx_word' id='word_1_127' title='bbox 1208 1129 1504 1184; x_wconf 79' lang='grc' dir='ltr'><strong><em>συνετελέσθη.</em></strong></span> <span class='ocrx_word' id='word_1_128' title='bbox 1563 1146 1690 1172; x_wconf 86' lang='grc' dir='ltr'><strong><em>κατα-</em></strong></span> 
     </span>
     <span class='ocr_line' id='line_1_18' title="bbox 308 1183 1690 1255; baseline 0.001 -29"><span class='ocrx_word' id='word_1_129' title='bbox 308 1186 550 1253; x_wconf 79' lang='grc' dir='ltr'><strong><em>ληφθείσης</em></strong></span> <span class='ocrx_word' id='word_1_130' title='bbox 584 1183 667 1239; x_wconf 82' lang='grc' dir='ltr'><strong><em>γὰρ</em></strong></span> <span class='ocrx_word' id='word_1_131' title='bbox 709 1188 784 1240; x_wconf 85' lang='grc' dir='ltr'><strong><em>τῆς</em></strong></span> <span class='ocrx_word' id='word_1_132' title='bbox 820 1183 1036 1237; x_wconf 84' lang='grc' dir='ltr'><strong><em>Ἐλατείας</em></strong></span> <span class='ocrx_word' id='word_1_133' title='bbox 1074 1186 1184 1255; x_wconf 87' lang='grc' dir='ltr'><strong><em>ἡκόν</em></strong></span> <span class='ocrx_word' id='word_1_134' title='bbox 1221 1203 1336 1237; x_wconf 90' lang='grc' dir='ltr'><strong><em>τινες</em></strong></span> <span class='ocrx_word' id='word_1_135' title='bbox 1362 1187 1523 1237; x_wconf 76' lang='grc' dir='ltr'><strong><em>νυκτός</em></strong></span> <span class='ocrx_word' id='word_1_136' title='bbox 1553 1185 1690 1240; x_wconf 79' lang='grc' dir='ltr'><strong><em>ἀπαγ-</em></strong></span> 
     </span>
    </p>

    <p class='ocr_par' dir='ltr' id='par_1_6' title="bbox 222 1241 1691 1527">
     <span class='ocr_line' id='line_1_19' title="bbox 222 1241 1691 1326; baseline -0.001 -39"><span class='ocrx_word' id='word_1_137' title='bbox 222 1247 278 1287; x_wconf 84' lang='grc'><strong><em>10</em></strong></span> <span class='ocrx_word' id='word_1_138' title='bbox 307 1241 531 1326; x_wconf 79' lang='grc' dir='ltr'><strong><em>γέλλοντες</em></strong></span> <span class='ocrx_word' id='word_1_139' title='bbox 557 1242 637 1296; x_wconf 89' lang='grc' dir='ltr'><strong><em>τὴν</em></strong></span> <span class='ocrx_word' id='word_1_140' title='bbox 666 1242 914 1298; x_wconf 76' lang='grc' dir='ltr'><strong><em>κατάληψιν</em></strong></span> <span class='ocrx_word' id='word_1_141' title='bbox 944 1247 1016 1298; x_wconf 87' lang='grc' dir='ltr'><strong><em>τῆς</em></strong></span> <span class='ocrx_word' id='word_1_142' title='bbox 1045 1242 1233 1294; x_wconf 89' lang='grc' dir='ltr'><strong><em>πόλεως,</em></strong></span> <span class='ocrx_word' id='word_1_143' title='bbox 1286 1244 1359 1287; x_wconf 85' lang='grc' dir='ltr'><strong><em>καὶ</em></strong></span> <span class='ocrx_word' id='word_1_144' title='bbox 1390 1243 1502 1286; x_wconf 85' lang='grc' dir='ltr'><strong><em>διότι</em></strong></span> <span class='ocrx_word' id='word_1_145' title='bbox 1529 1243 1691 1298; x_wconf 80' lang='grc' dir='ltr'><strong><em>ταχέως</em></strong></span> 
     </span>
     <span class='ocr_line' id='line_1_20' title="bbox 303 1297 1689 1371; baseline 0.001 -31"><span class='ocrx_word' id='word_1_146' title='bbox 303 1297 395 1353; x_wconf 78' lang='grc' dir='ltr'><strong><em>ἥξει</em></strong></span> <span class='ocrx_word' id='word_1_147' title='bbox 429 1300 645 1349; x_wconf 83' lang='grc' dir='ltr'><strong><em>Φίλιππος</em></strong></span> <span class='ocrx_word' id='word_1_148' title='bbox 683 1316 788 1371; x_wconf 86' lang='grc' dir='ltr'><strong><em>μετα</em></strong></span> <span class='ocrx_word' id='word_1_149' title='bbox 825 1304 901 1355; x_wconf 84' lang='grc' dir='ltr'><strong><em>τῆς</em></strong></span> <span class='ocrx_word' id='word_1_150' title='bbox 930 1299 1156 1354; x_wconf 86' lang='grc' dir='ltr'><strong><em>δυνάμεως</em></strong></span> <span class='ocrx_word' id='word_1_151' title='bbox 1190 1302 1250 1351; x_wconf 82' lang='grc' dir='ltr'><strong><em>εἰς</em></strong></span> <span class='ocrx_word' id='word_1_152' title='bbox 1277 1301 1357 1369; x_wconf 83' lang='grc' dir='ltr'><strong><em>τὴν</em></strong></span> <span class='ocrx_word' id='word_1_153' title='bbox 1381 1299 1586 1354; x_wconf 80' lang='grc' dir='ltr'><strong><em>Ἀττικήν.</em></strong></span> <span class='ocrx_word' id='word_1_154' title='bbox 1645 1316 1689 1341; x_wconf 88' lang='grc' dir='ltr'><strong><em>οι</em></strong></span> 
     </span>
     <span class='ocr_line' id='line_1_21' title="bbox 304 1353 1689 1412; baseline -0.001 -13"><span class='ocrx_word' id='word_1_155' title='bbox 304 1355 350 1399; x_wconf 81' lang='grc' dir='ltr'><strong><em>δὲ</em></strong></span> <span class='ocrx_word' id='word_1_156' title='bbox 380 1356 613 1410; x_wconf 85' lang='grc' dir='ltr'><strong><em>στρατηγοὶ</em></strong></span> <span class='ocrx_word' id='word_1_157' title='bbox 641 1360 730 1398; x_wconf 75' lang='grc' dir='ltr'><strong><em>τῶν</em></strong></span> <span class='ocrx_word' id='word_1_158' title='bbox 756 1353 1000 1412; x_wconf 84' lang='grc' dir='ltr'><strong><em>Ἀθηναίων</em></strong></span> <span class='ocrx_word' id='word_1_159' title='bbox 1030 1357 1104 1400; x_wconf 80' lang='grc' dir='ltr'><strong><em>διὰ</em></strong></span> <span class='ocrx_word' id='word_1_160' title='bbox 1132 1355 1179 1400; x_wconf 84' lang='grc' dir='ltr'><strong><em>τὸ</em></strong></span> <span class='ocrx_word' id='word_1_161' title='bbox 1212 1356 1465 1410; x_wconf 81' lang='grc' dir='ltr'><strong><em>παράδοξον</em></strong></span> <span class='ocrx_word' id='word_1_162' title='bbox 1486 1361 1560 1412; x_wconf 75' lang='grc' dir='ltr'><strong><em>τῆς</em></strong></span> <span class='ocrx_word' id='word_1_163' title='bbox 1583 1355 1689 1409; x_wconf 71' lang='grc' dir='ltr'><strong><em>πρά-</em></strong></span> 
     </span>
     <span class='ocr_line' id='line_1_22' title="bbox 304 1413 1689 1482; baseline 0.001 -28"><span class='ocrx_word' id='word_1_164' title='bbox 304 1413 407 1464; x_wconf 80' lang='grc' dir='ltr'><strong><em>ξεως</em></strong></span> <span class='ocrx_word' id='word_1_165' title='bbox 454 1413 797 1468; x_wconf 72' lang='grc' dir='ltr'><strong><em>καταπλαγέντες</em></strong></span> <span class='ocrx_word' id='word_1_166' title='bbox 837 1413 943 1464; x_wconf 87' lang='grc' dir='ltr'><strong><em>τούς</em></strong></span> <span class='ocrx_word' id='word_1_167' title='bbox 987 1430 1032 1456; x_wconf 88' lang='grc' dir='ltr'><strong><em>τε</em></strong></span> <span class='ocrx_word' id='word_1_168' title='bbox 1070 1415 1331 1469; x_wconf 82' lang='grc' dir='ltr'><strong><em>σαλπιγκτὰς</em></strong></span> <span class='ocrx_word' id='word_1_169' title='bbox 1370 1414 1689 1482; x_wconf 85' lang='grc' dir='ltr'><strong><em>μετεπέμποντο</em></strong></span> 
     </span>
     <span class='ocr_line' id='line_1_23' title="bbox 303 1468 1690 1541; baseline 0.001 -30"><span class='ocrx_word' id='word_1_170' title='bbox 303 1470 377 1512; x_wconf 85' lang='grc' dir='ltr'><strong><em>καὶ</em></strong></span> <span class='ocrx_word' id='word_1_171' title='bbox 408 1472 634 1525; x_wconf 86' lang='grc' dir='ltr'><strong><em>σημαίνειν</em></strong></span> <span class='ocrx_word' id='word_1_172' title='bbox 665 1471 954 1523; x_wconf 85' lang='grc' dir='ltr'><strong><em>προςέταττον</em></strong></span> <span class='ocrx_word' id='word_1_173' title='bbox 984 1468 1044 1513; x_wconf 88' lang='grc' dir='ltr'><strong><em>δι’</em></strong></span> <span class='ocrx_word' id='word_1_174' title='bbox 1077 1470 1179 1527; x_wconf 82' lang='grc' dir='ltr'><strong><em>ὅλης</em></strong></span> <span class='ocrx_word' id='word_1_175' title='bbox 1207 1476 1282 1541; x_wconf 87' lang='grc' dir='ltr'><strong><em>τῆς</em></strong></span> <span class='ocrx_word' id='word_1_176' title='bbox 1309 1470 1480 1521; x_wconf 87' lang='grc' dir='ltr'><strong><em>νυκτός.</em></strong></span> <span class='ocrx_word' id='word_1_177' title='bbox 1537 1474 1614 1541; x_wconf 84' lang='grc' dir='ltr'><strong><em>τῆς</em></strong></span> <span class='ocrx_word' id='word_1_178' title='bbox 1643 1469 1690 1513; x_wconf 77' lang='grc' dir='ltr'><strong><em>δὲ</em></strong></span> 
     </span>
    </p>

    <p class='ocr_par' dir='ltr' id='par_1_7' title="bbox 222 1524 1766 1811">
     <span class='ocr_line' id='line_1_24' title="bbox 222 1524 1688 1597; baseline -0.001 -26"><span class='ocrx_word' id='word_1_179' title='bbox 222 1529 274 1571; x_wconf 88' lang='grc'><strong><em>15</em></strong></span> <span class='ocrx_word' id='word_1_180' title='bbox 307 1524 455 1581; x_wconf 78' lang='grc' dir='ltr'><strong><em>φήμης</em></strong></span> <span class='ocrx_word' id='word_1_181' title='bbox 487 1529 546 1577; x_wconf 83' lang='grc' dir='ltr'><strong><em>εἰς</em></strong></span> <span class='ocrx_word' id='word_1_182' title='bbox 575 1538 723 1569; x_wconf 90' lang='grc' dir='ltr'><strong><em>πασαν</em></strong></span> <span class='ocrx_word' id='word_1_183' title='bbox 754 1528 900 1570; x_wconf 85' lang='grc' dir='ltr'><strong><em>οἰκίαν</em></strong></span> <span class='ocrx_word' id='word_1_184' title='bbox 930 1529 1222 1583; x_wconf 80' lang='grc' dir='ltr'><strong><em>διαδοθείσης,</em></strong></span> <span class='ocrx_word' id='word_1_185' title='bbox 1253 1527 1279 1583; x_wconf 81' lang='grc' dir='ltr'><strong><em>ἡ</em></strong></span> <span class='ocrx_word' id='word_1_186' title='bbox 1311 1544 1390 1597; x_wconf 89' lang='grc' dir='ltr'><strong><em>μεν</em></strong></span> <span class='ocrx_word' id='word_1_187' title='bbox 1418 1526 1543 1578; x_wconf 84' lang='grc' dir='ltr'><strong><em>πόλις</em></strong></span> <span class='ocrx_word' id='word_1_188' title='bbox 1573 1524 1688 1582; x_wconf 86' lang='grc' dir='ltr'><strong><em>ὀρθη</em></strong></span> 
     </span>
     <span class='ocr_line' id='line_1_25' title="bbox 306 1581 1766 1655; baseline 0 -29"><span class='ocrx_word' id='word_1_189' title='bbox 306 1585 379 1626; x_wconf 82' lang='grc' dir='ltr'><strong><em>διὰ</em></strong></span> <span class='ocrx_word' id='word_1_190' title='bbox 407 1582 486 1627; x_wconf 86' lang='grc' dir='ltr'><strong><em>τὸν</em></strong></span> <span class='ocrx_word' id='word_1_191' title='bbox 520 1581 668 1654; x_wconf 85' lang='grc' dir='ltr'><strong><em>φόβον</em></strong></span> <span class='ocrx_word' id='word_1_192' title='bbox 707 1585 784 1655; x_wconf 72' lang='grc' dir='ltr'><strong><em>ᾐν,</em></strong></span> <span class='ocrx_word' id='word_1_193' title='bbox 829 1582 852 1627; x_wconf 92' lang='grc' dir='ltr'>ὁ</span> <span class='ocrx_word' id='word_1_194' title='bbox 892 1584 938 1627; x_wconf 78' lang='grc' dir='ltr'><strong><em>δὲ</em></strong></span> <span class='ocrx_word' id='word_1_195' title='bbox 964 1587 1116 1655; x_wconf 84' lang='grc' dir='ltr'><strong><em>δῆμος</em></strong></span> <span class='ocrx_word' id='word_1_196' title='bbox 1145 1585 1259 1636; x_wconf 84' lang='grc' dir='ltr'><strong><em>ἅπας</em></strong></span> <span class='ocrx_word' id='word_1_197' title='bbox 1289 1582 1362 1640; x_wconf 79' lang='grc' dir='ltr'><strong><em>ἅμ’</em></strong></span> <span class='ocrx_word' id='word_1_198' title='bbox 1391 1583 1557 1655; x_wconf 83' lang='grc' dir='ltr'><strong><em>ἡμέρα</em></strong></span> <span class='ocrx_word' id='word_1_199' title='bbox 1564 1583 1687 1627; x_wconf 86' lang='grc' dir='ltr'><strong><em>συνέ-</em></strong></span> <span class='ocrx_word' id='word_1_200' title='bbox 1701 1581 1766 1618; x_wconf 75' lang='lat'><strong><em>147</em></strong></span> 
     </span>
     <span class='ocr_line' id='line_1_26' title="bbox 303 1639 1690 1699; baseline 0.001 -17"><span class='ocrx_word' id='word_1_201' title='bbox 303 1642 470 1695; x_wconf 89' lang='grc' dir='ltr'><strong><em>δραμεν</em></strong></span> <span class='ocrx_word' id='word_1_202' title='bbox 499 1641 559 1691; x_wconf 84' lang='grc' dir='ltr'><strong><em>εἰς</em></strong></span> <span class='ocrx_word' id='word_1_203' title='bbox 589 1647 637 1683; x_wconf 84' lang='grc' dir='ltr'><strong><em>τὸ</em></strong></span> <span class='ocrx_word' id='word_1_204' title='bbox 667 1640 859 1694; x_wconf 85' lang='grc' dir='ltr'><strong><em>θέατρον</em></strong></span> <span class='ocrx_word' id='word_1_205' title='bbox 889 1639 974 1699; x_wconf 74' lang='grc' dir='ltr'><strong><em>πρὸ</em></strong></span> <span class='ocrx_word' id='word_1_206' title='bbox 1003 1646 1083 1685; x_wconf 85' lang='grc' dir='ltr'><strong><em>τοῦ</em></strong></span> <span class='ocrx_word' id='word_1_207' title='bbox 1114 1642 1376 1697; x_wconf 83' lang='grc' dir='ltr'><strong><em>συγκαλέσαι</em></strong></span> <span class='ocrx_word' id='word_1_208' title='bbox 1404 1641 1508 1692; x_wconf 80' lang='grc' dir='ltr'><strong><em>τοὺς</em></strong></span> <span class='ocrx_word' id='word_1_209' title='bbox 1538 1640 1690 1696; x_wconf 79' lang='grc' dir='ltr'><strong><em>ἄρχον-</em></strong></span> 
     </span>
     <span class='ocr_line' id='line_1_27' title="bbox 301 1696 1690 1769; baseline -0.001 -30"><span class='ocrx_word' id='word_1_210' title='bbox 301 1713 391 1748; x_wconf 87' lang='grc' dir='ltr'><strong><em>τας,</em></strong></span> <span class='ocrx_word' id='word_1_211' title='bbox 424 1714 483 1748; x_wconf 89' lang='grc' dir='ltr'><strong><em>ως</em></strong></span> <span class='ocrx_word' id='word_1_212' title='bbox 515 1701 568 1754; x_wconf 84' lang='grc' dir='ltr'><strong><em>ἠν</em></strong></span> <span class='ocrx_word' id='word_1_213' title='bbox 598 1697 712 1749; x_wconf 74' lang='grc' dir='ltr'><strong><em>ἔθος.</em></strong></span> <span class='ocrx_word' id='word_1_214' title='bbox 774 1696 833 1748; x_wconf 76' lang='grc' dir='ltr'><strong><em>ὥς</em></strong></span> <span class='ocrx_word' id='word_1_215' title='bbox 863 1697 907 1741; x_wconf 86' lang='grc' dir='ltr'><strong><em>δ’</em></strong></span> <span class='ocrx_word' id='word_1_216' title='bbox 936 1700 1048 1760; x_wconf 76' lang='grc' dir='ltr'><strong><em>ἧκον</em></strong></span> <span class='ocrx_word' id='word_1_217' title='bbox 1082 1701 1126 1742; x_wconf 92' lang='grc' dir='ltr'><strong><em>οι</em></strong></span> <span class='ocrx_word' id='word_1_218' title='bbox 1155 1699 1385 1769; x_wconf 83' lang='grc' dir='ltr'><strong><em>στρατηγοὶ</em></strong></span> <span class='ocrx_word' id='word_1_219' title='bbox 1414 1698 1487 1741; x_wconf 80' lang='grc' dir='ltr'><strong><em>καὶ</em></strong></span> <span class='ocrx_word' id='word_1_220' title='bbox 1517 1714 1595 1740; x_wconf 89' lang='grc' dir='ltr'><strong><em>τον</em></strong></span> <span class='ocrx_word' id='word_1_221' title='bbox 1612 1714 1690 1751; x_wconf 80' lang='grc' dir='ltr'><strong><em>μη-</em></strong></span> 
     </span>
     <span class='ocr_line' id='line_1_28' title="bbox 301 1753 1689 1826; baseline -0.001 -29"><span class='ocrx_word' id='word_1_222' title='bbox 301 1754 498 1799; x_wconf 83' lang='grc' dir='ltr'><strong><em>νύσαντα</em></strong></span> <span class='ocrx_word' id='word_1_223' title='bbox 526 1759 729 1826; x_wconf 76' lang='grc' dir='ltr'><strong><em>παρῆγον</em></strong></span> <span class='ocrx_word' id='word_1_224' title='bbox 758 1753 964 1806; x_wconf 84' lang='grc' dir='ltr'><strong><em>κάκεῖνος</em></strong></span> <span class='ocrx_word' id='word_1_225' title='bbox 1001 1761 1115 1806; x_wconf 83' lang='grc' dir='ltr'><strong><em>εἰπε,</em></strong></span> <span class='ocrx_word' id='word_1_226' title='bbox 1165 1757 1304 1810; x_wconf 81' lang='grc' dir='ltr'><strong><em>σιωπή</em></strong></span> <span class='ocrx_word' id='word_1_227' title='bbox 1337 1755 1415 1809; x_wconf 72' lang='grc' dir='ltr'><strong><em>μὲν</em></strong></span> <span class='ocrx_word' id='word_1_228' title='bbox 1444 1755 1518 1798; x_wconf 78' lang='grc' dir='ltr'><strong><em>καὶ</em></strong></span> <span class='ocrx_word' id='word_1_229' title='bbox 1548 1753 1689 1809; x_wconf 77' lang='grc' dir='ltr'><strong><em>φόβος</em></strong></span> 
     </span>
    </p>

    <p class='ocr_par' dir='ltr' id='par_1_8' title="bbox 218 1810 1690 2039">
     <span class='ocr_line' id='line_1_29' title="bbox 218 1810 1689 1870; baseline -0.002 -14"><span class='ocrx_word' id='word_1_230' title='bbox 218 1822 273 1862; x_wconf 80' lang='lat'><strong><em>20</em></strong></span> <span class='ocrx_word' id='word_1_231' title='bbox 303 1818 469 1870; x_wconf 81' lang='grc' dir='ltr'><strong><em>κατεῖχε</em></strong></span> <span class='ocrx_word' id='word_1_232' title='bbox 498 1815 546 1856; x_wconf 86' lang='grc' dir='ltr'><strong><em>τὸ</em></strong></span> <span class='ocrx_word' id='word_1_233' title='bbox 577 1812 793 1866; x_wconf 88' lang='grc' dir='ltr'><strong><em>θέατρον,</em></strong></span> <span class='ocrx_word' id='word_1_234' title='bbox 840 1813 916 1856; x_wconf 86' lang='grc' dir='ltr'><strong><em>καὶ</em></strong></span> <span class='ocrx_word' id='word_1_235' title='bbox 947 1817 1035 1856; x_wconf 81' lang='grc' dir='ltr'><strong><em>τῶν</em></strong></span> <span class='ocrx_word' id='word_1_236' title='bbox 1065 1812 1288 1856; x_wconf 77' lang='grc' dir='ltr'><strong><em>εἰωθότων</em></strong></span> <span class='ocrx_word' id='word_1_237' title='bbox 1318 1814 1580 1882; x_wconf 81' lang='grc' dir='ltr'><strong><em>δημηγορεῖν</em></strong></span> <span class='ocrx_word' id='word_1_238' title='bbox 1611 1810 1689 1853; x_wconf 82' lang='grc' dir='ltr'><strong><em>οὐ-</em></strong></span> 
     </span>
     <span class='ocr_line' id='line_1_30' title="bbox 303 1867 1690 1925; baseline -0.002 -11"><span class='ocrx_word' id='word_1_239' title='bbox 303 1872 391 1922; x_wconf 85' lang='grc' dir='ltr'><strong><em>δεὶς</em></strong></span> <span class='ocrx_word' id='word_1_240' title='bbox 432 1869 589 1925; x_wconf 82' lang='grc' dir='ltr'><strong><em>ἐτόλμα</em></strong></span> <span class='ocrx_word' id='word_1_241' title='bbox 631 1873 981 1925; x_wconf 84' lang='grc' dir='ltr'><strong><em>συμβουλεῦσαι·</em></strong></span> <span class='ocrx_word' id='word_1_242' title='bbox 1033 1870 1268 1921; x_wconf 82' lang='grc' dir='ltr'><strong><em>πλεονάκις</em></strong></span> <span class='ocrx_word' id='word_1_243' title='bbox 1304 1869 1350 1912; x_wconf 84' lang='grc' dir='ltr'><strong><em>δὲ</em></strong></span> <span class='ocrx_word' id='word_1_244' title='bbox 1387 1872 1469 1912; x_wconf 83' lang='grc' dir='ltr'><strong><em>τοῦ</em></strong></span> <span class='ocrx_word' id='word_1_245' title='bbox 1497 1867 1690 1924; x_wconf 80' lang='grc' dir='ltr'><strong><em>κήρυκος</em></strong></span> 
     </span>
     <span class='ocr_line' id='line_1_31' title="bbox 300 1926 1688 1997; baseline -0.003 -26"><span class='ocrx_word' id='word_1_246' title='bbox 300 1927 566 1978; x_wconf 83' lang='grc' dir='ltr'><strong><em>καλέσαντος</em></strong></span> <span class='ocrx_word' id='word_1_247' title='bbox 605 1927 711 1977; x_wconf 81' lang='grc' dir='ltr'><strong><em>τούς</em></strong></span> <span class='ocrx_word' id='word_1_248' title='bbox 753 1926 966 1980; x_wconf 80' lang='grc' dir='ltr'><strong><em>ἐροῦντας</em></strong></span> <span class='ocrx_word' id='word_1_249' title='bbox 996 1944 1077 1970; x_wconf 89' lang='grc' dir='ltr'><strong><em>υπε</em></strong></span> <span class='ocrx_word' id='word_1_250' title='bbox 1083 1945 1107 1981; x_wconf 91' lang='grc' dir='ltr'><strong><em>ρ</em></strong></span> <span class='ocrx_word' id='word_1_251' title='bbox 1146 1931 1223 1983; x_wconf 85' lang='grc' dir='ltr'><strong><em>τῆς</em></strong></span> <span class='ocrx_word' id='word_1_252' title='bbox 1261 1929 1420 1997; x_wconf 67' lang='grc' dir='ltr'><strong><em>ῗκοινῆς</em></strong></span> <span class='ocrx_word' id='word_1_253' title='bbox 1460 1927 1688 1995; x_wconf 79' lang='grc' dir='ltr'><strong><em>σωτηρίας,</em></strong></span> 
     </span>
     <span class='ocr_line' id='line_1_32' title="bbox 306 1981 1690 2055; baseline -0.003 -27"><span class='ocrx_word' id='word_1_254' title='bbox 306 1984 451 2035; x_wconf 81' lang='grc' dir='ltr'><strong><em>οὐδεὶς</em></strong></span> <span class='ocrx_word' id='word_1_255' title='bbox 481 2001 641 2040; x_wconf 79' lang='grc' dir='ltr'><strong><em>παρῃει</em></strong></span> <span class='ocrx_word' id='word_1_256' title='bbox 675 1982 939 2054; x_wconf 72' lang='grc' dir='ltr'><strong><em>σύμβουλος.</em></strong></span> <span class='ocrx_word' id='word_1_257' title='bbox 1000 1982 1187 2039; x_wconf 85' lang='grc' dir='ltr'><strong><em>απορίας</em></strong></span> <span class='ocrx_word' id='word_1_258' title='bbox 1224 1985 1305 2027; x_wconf 83' lang='grc' dir='ltr'><strong><em>οὐν</em></strong></span> <span class='ocrx_word' id='word_1_259' title='bbox 1327 1982 1526 2055; x_wconf 77' lang='grc' dir='ltr'><strong><em>μεγάλης</em></strong></span> <span class='ocrx_word' id='word_1_260' title='bbox 1555 1981 1690 2035; x_wconf 78' lang='grc' dir='ltr'><strong><em>οὔσης</em></strong></span> 
     </span>
    </p>

    <p class='ocr_par' dir='ltr' id='par_1_9' title="bbox 221 2039 1725 2326">
     <span class='ocr_line' id='line_1_33' title="bbox 221 2039 1688 2112; baseline -0.003 -27"><span class='ocrx_word' id='word_1_261' title='bbox 221 2049 275 2091; x_wconf 78' lang='lat'><strong><em>25</em></strong></span> <span class='ocrx_word' id='word_1_262' title='bbox 303 2043 375 2085; x_wconf 84' lang='grc' dir='ltr'><strong><em>καὶ</em></strong></span> <span class='ocrx_word' id='word_1_263' title='bbox 400 2043 717 2112; x_wconf 80' lang='grc' dir='ltr'><strong><em>καταπλήξεως,</em></strong></span> <span class='ocrx_word' id='word_1_264' title='bbox 750 2039 964 2096; x_wconf 80' lang='grc' dir='ltr'><strong><em>ἀπέβλεπε</em></strong></span> <span class='ocrx_word' id='word_1_265' title='bbox 993 2041 1042 2084; x_wconf 80' lang='grc' dir='ltr'><strong><em>τό</em></strong></span> <span class='ocrx_word' id='word_1_266' title='bbox 1073 2046 1243 2097; x_wconf 85' lang='grc' dir='ltr'><strong><em>πληθος</em></strong></span> <span class='ocrx_word' id='word_1_267' title='bbox 1273 2041 1340 2083; x_wconf 79' lang='grc' dir='ltr'><strong><em>ἐπὶ</em></strong></span> <span class='ocrx_word' id='word_1_268' title='bbox 1361 2040 1440 2083; x_wconf 84' lang='grc' dir='ltr'><strong><em>τὸν</em></strong></span> <span class='ocrx_word' id='word_1_269' title='bbox 1460 2039 1688 2094; x_wconf 84' lang='grc' dir='ltr'><strong><em>Δημοσθέ-</em></strong></span> 
     </span>
     <span class='ocr_line' id='line_1_34' title="bbox 302 2095 1725 2154; baseline -0.004 -12"><span class='ocrx_word' id='word_1_270' title='bbox 302 2115 398 2154; x_wconf 91' lang='grc' dir='ltr'><strong><em>νην.</em></strong></span> <span class='ocrx_word' id='word_1_271' title='bbox 461 2096 483 2142; x_wconf 89' lang='lat'><strong><em>6</em></strong></span> <span class='ocrx_word' id='word_1_272' title='bbox 511 2098 557 2141; x_wconf 85' lang='grc' dir='ltr'><strong><em>δὲ</em></strong></span> <span class='ocrx_word' id='word_1_273' title='bbox 584 2098 774 2154; x_wconf 85' lang='grc' dir='ltr'><strong><em>καταβὰς</em></strong></span> <span class='ocrx_word' id='word_1_274' title='bbox 803 2098 874 2141; x_wconf 88' lang='grc' dir='ltr'><strong><em>καὶ</em></strong></span> <span class='ocrx_word' id='word_1_275' title='bbox 906 2097 985 2142; x_wconf 82' lang='grc' dir='ltr'><strong><em>τόν</em></strong></span> <span class='ocrx_word' id='word_1_276' title='bbox 1007 2101 1148 2154; x_wconf 85' lang='grc' dir='ltr'><strong><em>δῆμον</em></strong></span> <span class='ocrx_word' id='word_1_277' title='bbox 1166 2097 1469 2151; x_wconf 86' lang='grc' dir='ltr'><strong><em>παρακαλέσας</em></strong></span> <span class='ocrx_word' id='word_1_278' title='bbox 1489 2095 1688 2150; x_wconf 80' lang='grc' dir='ltr'><strong><em>θαῤῥεῖν,</em></strong></span> <span class='ocrx_word' id='word_1_279' title='bbox 1721 2150 1725 2152; x_wconf 21' lang='grc' dir='ltr'><strong><em>Δ</em></strong></span> 
     </span>
     <span class='ocr_line' id='line_1_35' title="bbox 304 2153 1690 2211; baseline -0.004 -12"><span class='ocrx_word' id='word_1_280' title='bbox 304 2155 570 2210; x_wconf 74' lang='grc' dir='ltr'><strong><em>ἀπεφαίνετο</em></strong></span> <span class='ocrx_word' id='word_1_281' title='bbox 601 2157 692 2198; x_wconf 88' lang='grc' dir='ltr'><strong><em>δεῖν</em></strong></span> <span class='ocrx_word' id='word_1_282' title='bbox 720 2159 982 2211; x_wconf 85' lang='grc' dir='ltr'><strong><em>παραχρῆμα</em></strong></span> <span class='ocrx_word' id='word_1_283' title='bbox 1011 2156 1211 2211; x_wconf 88' lang='grc' dir='ltr'><strong><em>πρέσβεις</em></strong></span> <span class='ocrx_word' id='word_1_284' title='bbox 1234 2153 1513 2197; x_wconf 80' lang='grc' dir='ltr'><strong><em>α’ποστέλλειν</em></strong></span> <span class='ocrx_word' id='word_1_285' title='bbox 1529 2156 1588 2203; x_wconf 85' lang='grc' dir='ltr'><strong><em>εἰς</em></strong></span> <span class='ocrx_word' id='word_1_286' title='bbox 1611 2169 1690 2204; x_wconf 82' lang='grc' dir='ltr'><strong><em>τας</em></strong></span> 
     </span>
     <span class='ocr_line' id='line_1_36' title="bbox 307 2207 1690 2284; baseline -0.003 -28"><span class='ocrx_word' id='word_1_287' title='bbox 307 2214 453 2284; x_wconf 84' lang='grc' dir='ltr'><strong><em>Θήβας</em></strong></span> <span class='ocrx_word' id='word_1_288' title='bbox 491 2212 565 2256; x_wconf 84' lang='grc' dir='ltr'><strong><em>καὶ</em></strong></span> <span class='ocrx_word' id='word_1_289' title='bbox 594 2217 868 2282; x_wconf 89' lang='grc' dir='ltr'><strong><em>παρακαλεῖν</em></strong></span> <span class='ocrx_word' id='word_1_290' title='bbox 903 2213 1008 2264; x_wconf 84' lang='grc' dir='ltr'><strong><em>τούς</em></strong></span> <span class='ocrx_word' id='word_1_291' title='bbox 1048 2211 1271 2262; x_wconf 76' lang='grc' dir='ltr'><strong><em>Βοιωτούς</em></strong></span> <span class='ocrx_word' id='word_1_292' title='bbox 1307 2214 1436 2267; x_wconf 85' lang='grc' dir='ltr'><strong><em>κοινῇ</em></strong></span> <span class='ocrx_word' id='word_1_293' title='bbox 1465 2209 1542 2253; x_wconf 81' lang='grc' dir='ltr'><strong><em>τὸν</em></strong></span> <span class='ocrx_word' id='word_1_294' title='bbox 1579 2207 1690 2264; x_wconf 83' lang='grc' dir='ltr'><strong><em>ὑπερ</em></strong></span> 
     </span>
     <span class='ocr_line' id='line_1_37' title="bbox 304 2266 1693 2340; baseline -0.002 -28"><span class='ocrx_word' id='word_1_295' title='bbox 304 2275 379 2326; x_wconf 83' lang='grc' dir='ltr'><strong><em>τῆς</em></strong></span> <span class='ocrx_word' id='word_1_296' title='bbox 408 2270 658 2340; x_wconf 81' lang='grc' dir='ltr'><strong><em>ἐλευθερίας</em></strong></span> <span class='ocrx_word' id='word_1_297' title='bbox 697 2267 848 2324; x_wconf 78' lang='grc' dir='ltr'><strong><em>ἀγῶνα</em></strong></span> <span class='ocrx_word' id='word_1_298' title='bbox 878 2272 1102 2313; x_wconf 85' lang='grc' dir='ltr'><strong><em>τίθεσθαι·</em></strong></span> <span class='ocrx_word' id='word_1_299' title='bbox 1147 2268 1257 2325; x_wconf 87' lang='grc' dir='ltr'><strong><em>πρὸς</em></strong></span> <span class='ocrx_word' id='word_1_300' title='bbox 1285 2268 1368 2322; x_wconf 80' lang='grc' dir='ltr'><strong><em>γὰρ</em></strong></span> <span class='ocrx_word' id='word_1_301' title='bbox 1399 2267 1503 2318; x_wconf 79' lang='grc' dir='ltr'><strong><em>τοὺς</em></strong></span> <span class='ocrx_word' id='word_1_302' title='bbox 1533 2266 1693 2317; x_wconf 89' lang='grc' dir='ltr'><strong><em>α’λλους</em></strong></span> 
     </span>
    </p>

    <p class='ocr_par' dir='ltr' id='par_1_10' title="bbox 222 2324 1692 2498">
     <span class='ocr_line' id='line_1_38' title="bbox 222 2324 1692 2398; baseline -0.003 -28"><span class='ocrx_word' id='word_1_303' title='bbox 222 2331 274 2370; x_wconf 81' lang='grc'><strong><em>30</em></strong></span> <span class='ocrx_word' id='word_1_304' title='bbox 306 2325 560 2382; x_wconf 87' lang='grc' dir='ltr'><strong><em>συμμάχους</em></strong></span> <span class='ocrx_word' id='word_1_305' title='bbox 600 2324 624 2370; x_wconf 90' lang='grc' dir='ltr'>ὁ</span> <span class='ocrx_word' id='word_1_306' title='bbox 669 2325 822 2380; x_wconf 85' lang='grc' dir='ltr'><strong><em>καιρὸς</em></strong></span> <span class='ocrx_word' id='word_1_307' title='bbox 863 2326 920 2370; x_wconf 75' lang='grc' dir='ltr'><strong><em>ου’</em></strong></span> <span class='ocrx_word' id='word_1_308' title='bbox 958 2326 1200 2398; x_wconf 80' lang='grc' dir='ltr'><strong><em>συνεχώρει</em></strong></span> <span class='ocrx_word' id='word_1_309' title='bbox 1234 2325 1418 2380; x_wconf 86' lang='grc' dir='ltr'><strong><em>πέμπειν</em></strong></span> <span class='ocrx_word' id='word_1_310' title='bbox 1465 2325 1692 2379; x_wconf 86' lang='grc' dir='ltr'><strong><em>πρεσβείας</em></strong></span> 
     </span>
     <span class='ocr_line' id='line_1_39' title="bbox 300 2380 1688 2456; baseline -0.004 -30"><span class='ocrx_word' id='word_1_311' title='bbox 300 2385 398 2442; x_wconf 84' lang='grc' dir='ltr'><strong><em>περὶ</em></strong></span> <span class='ocrx_word' id='word_1_312' title='bbox 437 2388 513 2438; x_wconf 78' lang='grc' dir='ltr'><strong><em>τῆς</em></strong></span> <span class='ocrx_word' id='word_1_313' title='bbox 549 2385 804 2438; x_wconf 87' lang='grc' dir='ltr'><strong><em>συιιμαχίας.</em></strong></span> <span class='ocrx_word' id='word_1_314' title='bbox 863 2384 910 2427; x_wconf 82' lang='grc' dir='ltr'><strong><em>ἐν</em></strong></span> <span class='ocrx_word' id='word_1_315' title='bbox 943 2383 1123 2456; x_wconf 76' lang='grc' dir='ltr'><strong><em>ήμέραις</em></strong></span> <span class='ocrx_word' id='word_1_316' title='bbox 1150 2382 1233 2453; x_wconf 78' lang='grc' dir='ltr'><strong><em>γὰρ</em></strong></span> <span class='ocrx_word' id='word_1_317' title='bbox 1266 2382 1365 2426; x_wconf 86' lang='grc' dir='ltr'><strong><em>δυσὶ</em></strong></span> <span class='ocrx_word' id='word_1_318' title='bbox 1395 2380 1688 2434; x_wconf 80' lang='grc' dir='ltr'><strong><em>προςδόκιιιος</em></strong></span> 
     </span>
     <span class='ocr_line' id='line_1_40' title="bbox 300 2436 1688 2498; baseline -0.001 -16"><span class='ocrx_word' id='word_1_319' title='bbox 300 2457 355 2497; x_wconf 92' lang='grc' dir='ltr'><strong><em>ην</em></strong></span> <span class='ocrx_word' id='word_1_320' title='bbox 386 2439 409 2483; x_wconf 90' lang='grc' dir='ltr'>ὁ</span> <span class='ocrx_word' id='word_1_321' title='bbox 442 2440 647 2497; x_wconf 87' lang='grc' dir='ltr'><strong><em>βασιλευς</em></strong></span> <span class='ocrx_word' id='word_1_322' title='bbox 675 2440 793 2496; x_wconf 76' lang='grc' dir='ltr'><strong><em>ἣξειν</em></strong></span> <span class='ocrx_word' id='word_1_323' title='bbox 830 2442 890 2492; x_wconf 89' lang='grc' dir='ltr'><strong><em>εἰς</em></strong></span> <span class='ocrx_word' id='word_1_324' title='bbox 922 2442 1002 2498; x_wconf 83' lang='grc' dir='ltr'><strong><em>τὴν</em></strong></span> <span class='ocrx_word' id='word_1_325' title='bbox 1028 2438 1246 2497; x_wconf 79' lang='grc' dir='ltr'><strong><em>Ἀττικήν,</em></strong></span> <span class='ocrx_word' id='word_1_326' title='bbox 1291 2439 1366 2482; x_wconf 84' lang='grc' dir='ltr'><strong><em>καὶ</em></strong></span> <span class='ocrx_word' id='word_1_327' title='bbox 1404 2442 1478 2495; x_wconf 83' lang='grc' dir='ltr'><strong><em>τῆς</em></strong></span> <span class='ocrx_word' id='word_1_328' title='bbox 1517 2436 1688 2482; x_wconf 86' lang='grc' dir='ltr'><strong><em>ὁδοιπο-</em></strong></span> 
     </span>
    </p>
   </div>
   <div class='ocr_carea' id='block_1_3' title="bbox 299 2585 1687 2869">
    <p class='ocr_par' dir='ltr' id='par_1_11' title="bbox 299 2585 1687 2822">
     <span class='ocr_line' id='line_1_41' title="bbox 299 2585 1687 2632; baseline -0.001 -10"><span class='ocrx_word' id='word_1_329' title='bbox 299 2588 356 2622; x_wconf 88' lang='grc'><strong><em>91.</em></strong></span> <span class='ocrx_word' id='word_1_330' title='bbox 404 2600 494 2631; x_wconf 83' lang='grc' dir='ltr'><strong><em>μετα</em></strong></span> <span class='ocrx_word' id='word_1_331' title='bbox 520 2587 560 2623; x_wconf 82' lang='grc' dir='ltr'><strong><em>τὸ</em></strong></span> <span class='ocrx_word' id='word_1_332' title='bbox 585 2589 659 2631; x_wconf 83' lang='lat' dir='ltr'><strong><em>LT,</em></strong></span> <span class='ocrx_word' id='word_1_333' title='bbox 685 2588 813 2622; x_wconf 77' lang='lat' dir='ltr'>caeteri</span> <span class='ocrx_word' id='word_1_334' title='bbox 835 2587 928 2632; x_wconf 67' lang='grc' dir='ltr'><strong><em>μετά</em></strong></span> <span class='ocrx_word' id='word_1_335' title='bbox 1113 2589 1170 2625; x_wconf 80' lang='grc'><strong><em>92</em></strong></span> <span class='ocrx_word' id='word_1_336' title='bbox 1216 2602 1310 2624; x_wconf 82' lang='grc' dir='ltr'><strong><em>κατα</em></strong></span> <span class='ocrx_word' id='word_1_337' title='bbox 1336 2587 1524 2632; x_wconf 83' lang='grc' dir='ltr'><strong><em>Σικελίαν]</em></strong></span> <span class='ocrx_word' id='word_1_338' title='bbox 1552 2585 1591 2622; x_wconf 80' lang='grc' dir='ltr'><strong><em>ἐν</em></strong></span> <span class='ocrx_word' id='word_1_339' title='bbox 1618 2588 1687 2621; x_wconf 89' lang='grc' dir='ltr'><strong><em>Σι-</em></strong></span> 
     </span>
     <span class='ocr_line' id='line_1_42' title="bbox 299 2631 1687 2680; baseline -0.001 -10"><span class='ocrx_word' id='word_1_340' title='bbox 299 2648 331 2670; x_wconf 83' lang='grc' dir='ltr'><strong><em>κ</em></strong></span> <span class='ocrx_word' id='word_1_341' title='bbox 325 2634 401 2680; x_wconf 64' lang='grc' dir='ltr'><strong><em>ε’λιᾳ</em></strong></span> <span class='ocrx_word' id='word_1_342' title='bbox 433 2646 555 2678; x_wconf 77' lang='lat' dir='ltr'>suprsa</span> <span class='ocrx_word' id='word_1_343' title='bbox 559 2635 647 2678; x_wconf 62' lang='lat' dir='ltr'>crip2</span> <span class='ocrx_word' id='word_1_344' title='bbox 636 2640 670 2669; x_wconf 79' lang='lat' dir='ltr'><strong><em>to</em></strong></span> <span class='ocrx_word' id='word_1_345' title='bbox 707 2633 801 2669; x_wconf 67' lang='grc' dir='ltr'><strong><em>κατὰ</em></strong></span> <span class='ocrx_word' id='word_1_346' title='bbox 831 2637 862 2670; x_wconf 77' lang='lat' dir='ltr'>F</span> <span class='ocrx_word' id='word_1_347' title='bbox 1045 2635 1102 2670; x_wconf 64' lang='lat'><strong><em>94.</em></strong></span> <span class='ocrx_word' id='word_1_348' title='bbox 1152 2633 1379 2680; x_wconf 67' lang='grc' dir='ltr'><strong><em>ἀξιολόγων]</em></strong></span> <span class='ocrx_word' id='word_1_349' title='bbox 1416 2631 1632 2679; x_wconf 76' lang='grc' dir='ltr'><strong><em>ἀξιολόγους</em></strong></span> <span class='ocrx_word' id='word_1_350' title='bbox 1656 2634 1687 2678; x_wconf 83' lang='lat' dir='ltr'>Q</span> 
     </span>
     <span class='ocr_line' id='line_1_43' title="bbox 487 2679 1497 2725; baseline 0.001 -11"><span class='ocrx_word' id='word_1_351' title='bbox 487 2681 545 2715; x_wconf 69' lang='grc' dir='ltr'><strong><em>ΕΠ.</em></strong></span> <span class='ocrx_word' id='word_1_352' title='bbox 595 2679 825 2725; x_wconf 75' lang='grc' dir='ltr'><strong><em>Χαρώνδου]</em></strong></span> <span class='ocrx_word' id='word_1_353' title='bbox 860 2693 945 2717; x_wconf 69' lang='lat' dir='ltr'><strong><em>vera</em></strong></span> <span class='ocrx_word' id='word_1_354' title='bbox 968 2683 1084 2716; x_wconf 73' lang='lat' dir='ltr'>forma</span> <span class='ocrx_word' id='word_1_355' title='bbox 1108 2683 1245 2716; x_wconf 72' lang='lat' dir='ltr'><strong>videtur</strong></span> <span class='ocrx_word' id='word_1_356' title='bbox 1270 2680 1497 2725; x_wconf 79' lang='grc' dir='ltr'><strong><em>Χαιρώνδου</em></strong></span> 
     </span>
     <span class='ocr_line' id='line_1_44' title="bbox 302 2724 1526 2774; baseline 0.002 -13"><span class='ocrx_word' id='word_1_357' title='bbox 302 2725 336 2762; x_wconf 85' lang='lat'><strong><em>5.</em></strong></span> <span class='ocrx_word' id='word_1_358' title='bbox 373 2724 498 2762; x_wconf 79' lang='grc' dir='ltr'><strong><em>αὐτων</em></strong></span> <span class='ocrx_word' id='word_1_359' title='bbox 523 2739 593 2761; x_wconf 84' lang='lat' dir='ltr'><strong><em>om.</em></strong></span> <span class='ocrx_word' id='word_1_360' title='bbox 618 2728 700 2763; x_wconf 77' lang='lat' dir='ltr'><strong>Bas.</strong></span> <span class='ocrx_word' id='word_1_361' title='bbox 861 2729 895 2765; x_wconf 76' lang='lat'><strong><em>7.</em></strong></span> <span class='ocrx_word' id='word_1_362' title='bbox 929 2729 1193 2774; x_wconf 81' lang='grc' dir='ltr'><strong><em>συνετελέσθη]</em></strong></span> <span class='ocrx_word' id='word_1_363' title='bbox 1232 2728 1436 2764; x_wconf 83' lang='grc' dir='ltr'><strong><em>συνετέλεσε</em></strong></span> <span class='ocrx_word' id='word_1_364' title='bbox 1459 2728 1526 2770; x_wconf 79' lang='lat' dir='ltr'><strong><em>QX</em></strong></span> 
     </span>
     <span class='ocr_line' id='line_1_45' title="bbox 303 2771 1577 2822; baseline 0.001 -15"><span class='ocrx_word' id='word_1_365' title='bbox 303 2774 359 2807; x_wconf 82' lang='lat'><strong><em>12.</em></strong></span> <span class='ocrx_word' id='word_1_366' title='bbox 407 2771 493 2813; x_wconf 82' lang='grc' dir='ltr'><strong><em>τούς</em></strong></span> <span class='ocrx_word' id='word_1_367' title='bbox 528 2775 588 2818; x_wconf 87' lang='grc' dir='ltr'><strong><em>τε]</em></strong></span> <span class='ocrx_word' id='word_1_368' title='bbox 629 2772 717 2813; x_wconf 81' lang='grc' dir='ltr'><strong><em>τούς</em></strong></span> <span class='ocrx_word' id='word_1_369' title='bbox 748 2775 777 2808; x_wconf 92' lang='lat' dir='ltr'>L</span> <span class='ocrx_word' id='word_1_370' title='bbox 802 2775 881 2809; x_wconf 82' lang='lat' dir='ltr'><strong>Bas.</strong></span> <span class='ocrx_word' id='word_1_371' title='bbox 1069 2776 1124 2810; x_wconf 79' lang='lat'><strong><em>13</em></strong></span> <span class='ocrx_word' id='word_1_372' title='bbox 1174 2775 1466 2822; x_wconf 81' lang='grc' dir='ltr'><strong><em>προςετάττοντο</em></strong></span> <span class='ocrx_word' id='word_1_373' title='bbox 1495 2775 1577 2808; x_wconf 81' lang='lat' dir='ltr'><strong>Bas.</strong></span> 
     </span>
    </p>

    <p class='ocr_par' dir='ltr' id='par_1_12' title="bbox 395 2820 1182 2869">
     <span class='ocr_line' id='line_1_46' title="bbox 395 2820 1182 2869; baseline 0.005 -14"><span class='ocrx_word' id='word_1_374' title='bbox 395 2820 560 2855; x_wconf 57' lang='lat'>14216.</span> <span class='ocrx_word' id='word_1_375' title='bbox 610 2820 862 2867; x_wconf 80' lang='grc' dir='ltr'><strong><em>συνέδραμεν]</em></strong></span> <span class='ocrx_word' id='word_1_376' title='bbox 890 2822 1124 2869; x_wconf 86' lang='grc' dir='ltr'><strong><em>συνέδραμον</em></strong></span> <span class='ocrx_word' id='word_1_377' title='bbox 1149 2823 1182 2859; x_wconf 91' lang='grc' dir='ltr'><strong>Τ</strong></span> 
     </span>
    </p>
   </div>
  </div>
 </body>
</html>
