1820 3249
259 139 369 179 1262
635 135 1263 183 LlB.XV111.CAP.6.7.

177 258 230 297 20
261 247 459 304 βυλωνία
497 245 618 302 μέχρι
650 249 727 316 τῆς
753 248 864 291 κατὰ
891 248 972 305 τὴν
1000 247 1207 318 Ἀραβίαν
1235 249 1468 320 ἀοικήτου
1517 251 1564 294 ἐκ
1594 252 1641 294 δὲ

258 305 451 358 θατέρου
481 303 660 359 μέρους,
703 302 783 360 ἀφ’
815 301 871 349 οὗ
899 305 1148 362 ποιούμεθα
1175 307 1256 364 τὴν
1287 305 1520 376 ἀνάβασιν,
1547 312 1642 352 Με-

257 361 502 416 σοποταμία
530 362 861 431 περιειλημμένη
890 364 991 406 δυσὶ
1006 370 1238 433 ποταμοῖς,
1267 368 1329 421 τῷ
1352 380 1396 407 τε
1422 362 1640 434 Εὐφράτῃ

257 419 331 463 καὶ
356 419 539 472 Τίγριδι,
570 415 629 460 δι’
653 417 732 470 οὓς
750 419 915 475 τέτευχε
932 419 1092 492 ταύτης
1098 426 1185 488 τῆς
1202 423 1518 477 προςηγορίας·
1552 421 1642 477 έχο-

256 476 363 532 μένη
385 476 430 518 δὲ
459 478 536 531 τῆς
543 477 840 543 Βαβυλωνίας
874 478 1021 530 Συρία
1043 477 1068 532 ἡ
1086 477 1178 521 ἅνω
1202 478 1465 533 καλουμένη,
1497 478 1571 521 καὶ
1595 479 1643 520 αἱ

173 541 228 584 25
259 536 451 586 συνεχεῖς
470 529 607 587 ταύτη
626 531 976 586 παραθαλάττιοι
992 537 1167 578 Κιλικία
1183 535 1256 578 καὶ
1278 535 1536 608 Παμφυλία,
1565 551 1640 578 και

257 589 285 644 ἡ
315 591 441 658 κοίλη
471 591 632 642 Συρία,
662 589 770 633 καθ’
800 589 856 646 ἣν
883 589 910 644 ἡ
949 592 1132 647 Φοινίκη
1143 593 1476 663 περιείληπται·
1516 589 1640 646 παροέ

257 646 303 690 δὲ
333 644 386 688 τόι
417 644 580 700 πέρατα
608 650 684 717 τῆς
714 648 864 716 κοίλης
881 649 1054 702 Συρίας
1083 648 1156 690 καὶ
1177 649 1258 705 τὴν
1288 661 1478 703 συνεχως
1505 647 1643 704 κειμέ-

258 719 341 759 νην
372 701 548 758 ἔρημον,
579 701 684 746 καθ’
717 702 773 759 ἢν
804 704 827 746 ὁ
851 707 1010 754 Νεῖλος
1041 703 1284 760 φερόμενος
1315 705 1444 759 ὁρίζει
1466 707 1642 758 Συρίαν

176 767 229 806 30
258 776 303 803 τε
332 761 405 803 καὶ
439 776 521 815 την
549 761 790 814 Αἴγυπτον,
824 759 1099 804 ἀπεδέδεικτο
1121 764 1358 816 σατραπεία
1376 766 1529 806 πασῶν
1550 760 1643 818 ἀρί-

260 829 337 888 στη
376 816 450 859 καὶ
489 816 739 870 προςόδους
776 817 935 872 ε’χουσα
975 816 1163 887 μεγαλας
1199 820 1434 873 Αἴγυπτος.
1502 822 1721 872 πᾶσαιοθρ

262 872 304 917 6'
344 869 473 916 αὗται
490 872 789 943 καυματώδεις
807 875 927 925 εἰσίν,
961 872 1019 925 ὥς
1042 874 1412 926 ἁντιπεπονθότος
1430 879 1511 919 τοῦ
1529 891 1640 918 κατα

263 926 535 1002 μεσημβρίαν
565 928 693 983 ἀέρος
720 935 781 986 τῷ
811 930 922 985 πρὸς
951 931 1140 986 ἄρκτους
1175 931 1432 989 καθήκοντι.
1491 949 1537 975 αι
1564 931 1644 987 μὲν

178 995 232 1040 35
264 991 348 1031 οὑν
384 986 446 1028 ὑπ
504 974 787 1041 Ἀλεξάνδρου
827 993 1252 1044 καταπολεμηθεῖσαι
1282 994 1539 1043 σατραπεῖαι
1567 988 1646 1032 τόν

262 1042 493 1113 εἰρημένον
520 1043 688 1097 τρόπον
717 1045 909 1101 κείμεναι
930 1047 1271 1103 διεμερίσθησαν
1295 1051 1386 1097 τοῖς
1405 1044 1644 1102 αξιολογω-

259 1117 408 1150 τατοις
431 1105 522 1143 τῶν
551 1099 742 1157 ανδρῶν.

207 1171 236 1212 7
380 1159 434 1200 Οἱ
473 1156 515 1201 δ’
560 1159 606 1201 έν
635 1163 728 1209 ταῖς
758 1156 847 1202 ἅνω
877 1158 1167 1213 καλουμέναις
1197 1159 1475 1213 σατραπείαις
1502 1174 1648 1203 κατοι-

265 1214 488 1265 κισθέντες
504 1213 708 1283 Ἕλληνες
737 1213 817 1258 ὑπ’
844 1214 933 1259 Ἀλε
937 1216 1150 1271 ξάνδρου,
1186 1221 1431 1266 ποθοῦντες
1459 1215 1538 1270 μὲν
1566 1216 1648 1270 τήν

180 1282 235 1326 40
261 1271 526 1343 Ἑλληνικην
553 1289 729 1342 αγωγην
755 1273 829 1316 καὶ
857 1274 1042 1326 δίαιταν,
1071 1273 1118 1315 έν
1149 1272 1195 1316 δὲ
1224 1278 1318 1323 ταῖς
1340 1273 1553 1341 ἐσχατιαῖς
1566 1288 1647 1342 της

265 1331 487 1397 βασιλείας
511 1328 816 1383 ἐξερριμμένοι,
847 1333 1006 1382 ζῶντος
1035 1346 1115 1385 μεν
1142 1333 1224 1373 τοῦ
1236 1331 1466 1399 βασιλέως
1494 1327 1648 1384 ὑπέμε-

262 1402 345 1430 νον
376 1384 446 1428 διὰ
477 1385 554 1428 τὸν
587 1385 749 1441 φόβον,
779 1386 1116 1456 τελευτήσαντος
1145 1384 1187 1429 δ’
1220 1384 1484 1440 απέστησαν.
1543 1398 1648 1456 συμ·

264 1441 568 1515 φρονήσαντες
616 1442 662 1486 δε
711 1443 786 1487 καὶ
824 1442 1023 1499 ἑλόμενοι
1068 1443 1311 1498 στρατηγὸν
1353 1445 1529 1486 Φίλωνα
1571 1442 1649 1486 τὸν

263 1501 453 1542 Λίνιανα
491 1500 530 1542 6
595 1516 682 1553 ,μιν
720 1486 950 1556 αξιόλογον
980 1499 1313 1556 συνεστήσαντο.
1373 1498 1531 1553 πεζους
1569 1515 1649 1554 μεν

180 1570 236 1614 45
264 1555 347 1625 γὰρ
375 1572 492 1626 ειχον
520 1541 694 1608 πλείους
719 1561 808 1600 τῶν
838 1559 1094 1612 διςμυρίων,
1127 1560 1268 1608 ἱππεῖς
1299 1556 1344 1601 δὲ
1373 1557 1645 1612 τριςχιλίους,

264 1629 433 1663 παντας
450 1612 495 1656 δὲ
519 1617 607 1656 τῶν
627 1631 737 1657 κατα
756 1612 835 1657 τόν
852 1616 1044 1668 πόλεμον
1062 1613 1246 1667 οἷγιόνων
1265 1613 1473 1664 πολλάκις
1492 1618 1648 1667 πεῖραν

266 1669 498 1741 εἰληφότας
527 1671 602 1713 καὶ
632 1670 874 1739 διαφόρους
908 1677 1003 1722 ταῖς
1023 1670 1352 1742 ἀνδραγαθίαις.
1405 1671 1649 1724 Περδίκκας

267 1727 315 1771 δὲ
345 1726 600 1783 πυθόμενος
629 1727 709 1781 τὴν
740 1733 829 1771 τῶν
854 1727 1070 1798 Ελληνων
1099 1726 1362 1779 ἀπόστασιν,
1403 1727 1649 1797 ἐκλήρωσεν

267 1784 315 1827 έκ
357 1787 444 1827 τῶν
492 1784 769 1828 Μακεδόνων
807 1784 966 1837 πεζους
1002 1785 1081 1855 μὲν
1109 1787 1389 1854 τριςχιλίους,
1431 1786 1573 1835 ἱππεῖς
1603 1783 1651 1828 δὲ

187 1849 240 1893 50
270 1838 570 1892 ὀκτακοσίους.
628 1846 708 1885 τοῦ
739 1841 785 1885 δὲ
812 1842 1023 1911 πλήθους
1053 1840 1255 1914 ἑλόμενος
1286 1840 1526 1897 στρατηγὸν
1559 1838 1652 1884 Πύ-

269 1903 398 1941 θωνα
446 1898 525 1940 τὸν
578 1898 935 1968 σωματοφύλακα
975 1899 1056 1967 μὲν
1086 1896 1370 1953 Ἀλεξανδρου
1421 1913 1648 1954 γεγονοτα,

270 1953 552 2023 φρονήματος
583 1957 628 1998 δὲ
667 1953 809 2011 πλήρη
840 1957 913 1999 καὶ
944 1953 1192 2026 δυναμένου
1220 1961 1487 2025 στρατηγεῖν,
1517 1955 1650 2007 παρέ-

273 2013 385 2054 δωκε
418 2010 559 2068 τούτῳ
589 2013 694 2063 τούς
724 2013 1127 2085 αποκληρωθέντας.
1185 2012 1289 2064 δοὺς
1320 2010 1359 2056 δ’
1393 2011 1514 2069 αὐτῷ
1540 2011 1651 2063 πρὸς

129 2096 131 2099 >
190 2076 243 2119 55
272 2067 378 2119 τούς
416 2056 640 2122 σατράπας
680 2069 906 2120 έπιστολας
940 2070 987 2114 ἐν
1017 2073 1086 2120 αἱς
1113 2070 1416 2137 γεγραμμένον
1437 2071 1493 2125 ἠν
1522 2080 1650 2121 στρα-

272 2122 428 2176 τιώτας
458 2126 616 2168 δοῦναι
645 2130 705 2184 τῷ
737 2126 928 2170 Πύθωνι
956 2128 1143 2182 μυρίους
1178 2127 1255 2182 μὲν
1283 2124 1462 2179 πεζούς,
1509 2126 1651 2174 ἱππεῖς

273 2182 320 2225 δε
351 2171 704 2250 ὀκτακιςχιλίους,
736 2184 1024 2235 ἐξαπέστειλεν
1054 2183 1124 2227 ἐπὶ
1152 2183 1256 2234 τοὺς
1285 2181 1566 2232 ἀποστάντας.
1624 2179 1648 2224 ὁ

240 2238 322 2282 δὲ
350 2238 545 2293 Πύθων,
583 2242 924 2297 μεγαλεπίβολος
963 2257 1050 2294 ων,
1090 2239 1286 2298 ἀσμένως
1310 2237 1562 2296 ὑπήκουσεν
1592 2239 1653 2290 εἰς

269 2419 327 2454 20.
378 2416 418 2454 δε
442 2419 606 2468 θατέρου
632 2419 789 2478 μέρους]
822 2419 989 2466 θατέρου
1023 2419 1064 2457 δὲ
1092 2420 1204 2467 μέρος
1226 2421 1257 2455 F
1463 2415 1518 2465 οῗφ
1527 2416 1562 2464 ’]
1594 2414 1653 2455 δι’

269 2467 411 2511 12*va
596 2469 653 2502 29.
704 2466 937 2504 ἀπεδέδεικτο
961 2469 1092 2514 FVW,
1125 2468 1251 2502 caeteri
1274 2463 1516 2502 ἀποδέδεικτο

363 2513 445 2546 262
478 2513 536 2549 32.
584 2515 675 2550 εἰσίν
699 2527 769 2550 om.
798 2516 827 2548 V
987 2514 1045 2550 3⁴.
1082 2495 1468 2569 καταπολεμηθεῖσαι]
1494 2521 1655 2549 καταπο-

272 2560 482 2604 λεμηθῆσαι
505 2560 535 2593 V
717 2562 775 2596 42.
824 2559 865 2596 δ’
887 2561 918 2594 F
1102 2559 1266 2606 ἑλόμενοι
1290 2559 1513 2612 στρατηγὸν]
1539 2560 1654 2593 inver-

275 2605 316 2640 tit
340 2607 370 2639 F
554 2606 611 2642 43.
659 2608 841 2652 Αἰνιᾶνα]
867 2607 1040 2643 Αἰνιᾶναι
1062 2608 1092 2641 V
1268 2607 1326 2641 44.
1374 2605 1470 2651 εἶχον
1492 2605 1655 2648 πλείους]

273 2651 414 2686 invertit
431 2652 461 2686 F
647 2653 705 2689 45.
751 2667 827 2690 των
850 2672 896 2680 -·
921 2651 1098 2698 ἀγώνων]
1123 2649 1189 2689 τόν
1213 2673 1259 2679 --
1283 2651 1411 2698 οἷγαῖνα
1435 2652 1496 2687 Fv

274 2697 332 2732 48.
382 2696 421 2733 ἐκ
447 2698 537 2743 τοῖν]
563 2697 602 2735 ἔκ
626 2701 693 2746 τῆς
675 2702 745 2742 91⁴*
905 2699 963 2734 50.
1011 2699 1185 2743 ἑλόμενος
1208 2700 1300 2741 FW,
1325 2699 1453 2734 caeteri
1477 2696 1653 2743 ἑλομένου

367 2744 425 2779 55.
449 2758 500 2790 τῳ
525 2757 596 2780 om.
620 2747 650 2781 F
788 2745 845 2782 57.
890 2747 1200 2794 μεγαλεπίβολος]
1225 2747 1533 2793 μεγαλεπίβουλος
1556 2745 1655 2789 Bas„

273 2758 569 2837 μεγαλεπήβολος
589 2792 637 2828 W
