1820 3249
2 367 9 418 ‚erp
4 324 11 359 »Ὦ-
5 284 11 306 „2
8 255 9 259 „
7 240 9 246 .
8 201 15 229 ζ,

526 81 1544 126 LIB.XV11.CAP.73.74.120·1

166 197 410 251 ἐπανῆλθεν
448 192 668 265 α’πογνούς
706 191 786 235 τὸν
824 195 915 235 τῶν
961 193 1180 260 πολεμίων
1209 190 1413 248 διωγμόν.
1472 192 1546 236 καὶ

166 253 219 296 τοὶ
259 252 338 322 μὲν
374 250 483 295 κατοὶ
520 249 599 305 τήν
633 248 780 292 Ἀσίαν
822 249 869 292 ἐν
907 247 1083 300 τούτοις
1124 251 1192 305 ην.
1251 249 1361 291 κατὰ
1391 249 1438 292 δὲ
1466 249 1545 318 τὴν

167 307 392 377 Εὐρώπην
411 305 756 375 Λακεδαιμόνιοι
785 304 863 360 μὲν
892 303 1138 356 ἐπταικότες
1166 303 1328 361 μεγάλῃ
1349 304 1541 359 παρατά-

166 368 246 419 ξει,
288 367 361 408 δια
396 380 476 420 την
512 362 751 435 συμφοράν
779 362 1122 418 ἠναγκάσθησαν
1153 361 1539 432 διαπρεσβεύεσθαι

163 421 276 476 πρὸς
299 420 607 474 Ἀντίπατρον·
644 419 816 463 ἐκείνου
847 419 892 462 δὲ
925 419 994 462 ἐπὶ
1024 419 1073 462 τό
1104 418 1256 462 κοινὸν
1284 422 1373 462 τῶν
1397 416 1538 474 Ελλή-
1570 416 1622 459 15

163 495 255 523 νων
301 477 533 530 συνέδριον
570 475 652 531 τήν
688 475 921 528 ἀπόκρισιν
963 473 1320 526 ἀποστείλαντος,
1376 476 1419 518 οἱ
1462 475 1540 530 μὲν

162 534 366 586 σύνεδροι
394 533 678 605 συνήχθησαν
707 535 766 584 είς
795 532 1046 585 Κόρινθον,
1077 534 1151 576 καὶ
1179 535 1353 576 πολλῶν
1384 531 1539 587 ρηθέν-

161 608 251 636 των
278 590 423 663 λόγων
451 590 561 644 πρὸς
589 589 793 644 ἑκάτερον
821 589 953 645 μέρος
984 590 1128 642 ἔδοξεν
1159 586 1307 640 αὐτοῖς
1327 586 1539 647 ακέραιον

156 649 239 720 τὴν
274 650 419 702 κρίσιν
450 647 519 692 ἐπὶ
553 647 629 690 τὸν
655 645 939 701 Ἀλέξανδρον
968 643 1232 703 αναπέμψαι.
1293 643 1316 688 ὁ
1347 662 1428 700 μεν
1455 647 1538 688 οὐν
1567 647 1620 687 20

156 702 433 757 Ἀντίπατρος
473 702 668 773 ὁμήρους
706 705 829 760 ἔλαβε
880 702 984 755 τούς
1034 701 1402 773 ἐπιφανεστάτους
1451 706 1540 744 τῶν

157 765 450 816 Σπαρτιατῶν
489 776 779 816 πεντήκοντα·
823 763 866 804 οί
896 760 941 804 δὲ
971 759 1312 830 Λακεδαιμόνιοι
1341 758 1540 815 πρέσβεις

148 819 399 889 -εξέπεμψαν
428 819 487 868 εἰς
516 817 616 887 τὴν
622 817 781 868 Ἀσιαν,
814 817 1035 869 ἀξιοῦντες
1067 815 1216 868 αὐτοῖς
1246 819 1403 861 δοῦναι
1433 828 1535 872 συγ-

159 874 342 930 γνώμην
372 875 440 917 ἐπὶ
469 880 559 925 τοῖς
588 873 887 944 ἠγνοημένοις.

277 935 367 974 Τοῦ
416 929 458 974 δ’
500 932 626 982 ἔτους
668 930 830 975 τούτου
873 929 1190 998 διεληλυθότος
1211 928 1420 999 Ἀθήνησι
1456 928 1534 983 μὲν
1562 926 1619 967 74

142 983 256 1054 ἦρχε
297 991 602 1057 Κηφισοφῶν,
655 988 702 1031 έν
734 986 877 1056 Ῥώμῃ
918 989 963 1031 δὲ
1009 985 1337 1056 κατεσταθησαν
1373 985 1535 1029 ὕπατοι
1563 981 1617 1026 25

154 1043 293 1094 [mog
330 1042 568 1098 Οὐαλέριος
597 1045 670 1093 καὶ
704 1043 890 1097 Μαρκος
921 1045 1134 1094 Κλώδιος.
1192 1043 1260 1086 ἐπὶ
1292 1042 1337 1086 δὲ
1366 1041 1534 1086 τούτων

154 1104 328 1156 Βῆσσος
367 1117 445 1156 μεν
476 1100 581 1169 μετὰ
609 1101 687 1158 τὴν
717 1103 912 1157 Δαρείου
940 1100 1141 1156 τελευτὴν
1171 1098 1275 1155 μετὰ
1303 1098 1534 1168 Ναβαρζά-

150 1173 233 1202 νου
276 1157 351 1201 καὶ
392 1156 665 1212 Βαρξάεντος
702 1158 772 1201 καὶ
807 1161 982 1202 πολλῶν
1021 1158 1165 1201 ἄλλων
1197 1155 1430 1211 διαφυγών
1458 1155 1533 1206 τὰς

149 1213 432 1267 Ἀλεξάνδρου
480 1220 625 1270 χεῖρας
671 1213 848 1283 διήνυσε
895 1214 975 1270 μὲν
1014 1216 1074 1265 εἰς
1098 1213 1202 1283 τήν-
1237 1211 1529 1268 Βακτριανήν,
1561 1214 1615 1252 30

152 1269 512 1340 ἀποδεδειγμένος
552 1273 597 1315 δὲ
635 1270 801 1341 ταύτης
831 1271 1055 1328 σατραπης
1083 1268 1170 1314 ὑπὸ
1181 1271 1416 1341 Δαρείου,
1455 1269 1531 1313 καὶ

150 1344 241 1378 τοις
270 1326 455 1396 πλήθεσι
488 1344 618 1383 γεγοι
623 1345 680 1379 ως
708 1326 929 1399 γνώριμος
958 1330 1031 1372 διὰ
1060 1328 1139 1383 τήν
1164 1325 1314 1397 ἀρχήν,
1343 1342 1530 1381 παρεκα-

147 1389 215 1428 λει
244 1384 297 1427 τοὶ
299 1384 472 1454 πλήθη
497 1389 570 1438 τῆς
601 1385 850 1440 ἐλευθερίας
879 1384 1145 1446 αντέχεσθαι.
1203 1384 1455 1428 απεδείκνυε
1485 1382 1531 1426 δὲ

149 1440 230 1496 τὴν
247 1439 396 1496 χῶραν
416 1440 564 1492 αὐτοῖς
593 1442 733 1485 πολλὰ
763 1441 1049 1512 συνεργήσειν
1079 1446 1220 1484 οῠσαν
1251 1442 1531 1510 δυςείςβολον
1559 1439 1612 1481 35

149 1498 223 1541 καὶ
253 1502 424 1553 πλῆθος
461 1497 616 1541 ἵκανον
658 1499 842 1553 ἔχουσαν
871 1497 1050 1552 ἀνδρῶν
1080 1500 1138 1548 εἰς
1167 1496 1441 1553 κατάκτησιν
1457 1514 1532 1553 της

138 1553 437 1625 αὐτονομίας·
479 1555 843 1627 ἐπαγγελλόμενος
882 1555 927 1599 δὲ
967 1553 1299 1623 καθηγησεσθαι
1334 1557 1414 1596 τοῦ
1451 1570 1531 1596 πο-

136 1609 308 1664 λέμου,
354 1610 426 1653 καὶ
466 1611 515 1654 τό
552 1615 726 1681 πλῆθος
765 1614 936 1663 πείσας,
992 1611 1210 1664 ἀνέδειξεν
1256 1610 1416 1653 εαυτόν
1454 1612 1531 1665 βα·

95 1704 99 1711 .
146 1667 278 1716 σιλέα
340 1662 471 1718 οὗτος
517 1684 596 1722 μεν
643 1670 727 1711 οὐν
777 1667 1044 1737 στρατιώτας
1087 1683 1131 1711 τε
1167 1667 1411 1723 κατέγραφε
1454 1667 1529 1710 καὶ

138 1728 316 1793 ,πλῆθος
353 1723 502 1767 ὅπλων
537 1723 819 1778 κατεσκεύαζε
859 1726 933 1769 καὶ
972 1723 1107 1768 τᾶλλα
1141 1727 1380 1795 φιλοτίμως
1415 1722 1526 1777 πρὸς
1554 1720 1608 1764 40

135 1797 225 1852 -την
244 1782 602 1850 κατεπείγουσαν
639 1784 787 1837 χρείαν
826 1782 1184 1837 παρεσκευάζετο.
1245 1779 1540 1835 Ἀλέξανδρος

145 1837 190 1882 δ’
232 1835 353 1890 ὁρῶν
391 1837 493 1888 τοὺς
526 1838 785 1890 Μακεδόνας
823 1840 943 1890 τέλος
971 1843 1047 1908 τῆς
1075 1839 1298 1907 στρατείας
1327 1853 1406 1893 την
1434 1842 1524 1880 Δα-

144 1895 268 1949 ρείου
281 1893 498 1964 τελευτὴν
527 1893 763 1946 τάττοντας
791 1896 865 1939 καὶ
895 1894 1141 1950 μετεώρους
1161 1893 1291 1945 ὄντας
1310 1894 1421 1948 πρὸς
1442 1910 1522 1949 την

143 1953 204 2001 εἰς
243 1948 323 2006 τὴν
363 1952 553 2005 πατρίδα
591 1951 851 2025 ἐπαυοδσν,
882 1951 1093 2002 τούτους
1105 1951 1185 2006 μὲν
1215 1950 1432 2004 ἀθροίσας
1461 1952 1521 2001 εἰς
1550 1948 1605 1992 45

136 2008 392 2062 ἐκκλησίαν,
444 2009 518 2050 καὶ
555 2007 702 2063 λόγοις
743 2010 919 2059 οἰκείοις
955 2008 1269 2078 παρορμήσας,
1308 2005 1524 2058 εὐπειθεῖς

140 2063 255 2117 πρὸς
288 2080 371 2133 την
405 2063 756 2134 ὑπολειπομένην
795 2067 1024 2120 στρατείαν
1052 2063 1372 2135 παρεσκεύασε·
1415 2062 1522 2115 τούς

135 2120 184 2165 δ’
216 2118 302 2164 ἀπὸ
331 2124 419 2164 τῶν
444 2120 707 2193 Ἑλληνίδων
745 2122 918 2166 πόλεων
943 2121 1315 2191 συμμαχήσαντας
1334 2132 1522 2176 συναγα-

138 2194 260 2233 γων,
274 2177 347 2220 καὶ
376 2178 476 2231 περὶ
503 2182 593 2222 τῶν
621 2181 938 2248 πεπραγμένων
958 2178 1200 2230 ἐπαινέσας,
1236 2175 1420 2221 απέλυσε
1440 2177 1520 2247 μὲν

140 2237 217 2290 τῆς
247 2236 484 2291 στρατείας,
511 2234 759 2292 ἐδωρήσατο
791 2237 837 2281 δὲ
865 2240 953 2280 τῶν
981 2236 1062 2292 μὲν
1082 2234 1246 2278 ἱππέων
1263 2232 1426 2292 ἑκάστῳ
1448 2249 1517 2278 τα·
1545 2235 1600 2279 50

142 2402 201 2438 26.
248 2401 439 2450 Κλώδιος]
474 2404 646 2441 Claudius
661 2408 794 2452 Cospus
1005 2408 1063 2444 27.
1109 2405 1201 2450 μετα
1220 2417 1291 2442 om.
1325 2406 1357 2441 F

210 2448 267 2484 28
318 2453 473 2496 Ναβαρζ
473 2451 566 2488 οἶνον
589 2455 883 2488 Rhodomannus:
913 2453 998 2488 libri
1025 2452 1232 2500 Ναβαρνου
1417 2453 1518 2507 Βαρ-

144 2491 317 2540 ξοὶεντος]
351 2508 474 2531 verum
506 2499 642 2533 videtur
677 2499 908 2556 Βαρζαέντον
941 2511 943 2513 ’
1091 2501 1149 2535 29.
1197 2496 1371 2544 διήνυσε]
1406 2496 1516 2540 διήνυ

141 2541 222 2574 Bas.
416 2543 475 2578 3⁰.
521 2543 776 2591 ἀποδεδειγμ]
811 2543 1027 2591 ἄποδεδεγμ.
1051 2547 1133 2581 Bas.
1319 2544 1377 2579 33.
1423 2543 1515 2589 τὴν]

142 2585 210 2629 τήν
233 2598 271 2622 τε
293 2588 355 2622 FL
376 2588 460 2622 Bas.
642 2593 698 2626 34.
746 2593 1000 2650 ὃυςείςβολον]
1025 2591 1249 2639 δυςέμβολον
1271 2591 1330 2626 FL

142 2632 200 2667 36.
245 2636 324 2671 καθ
325 2632 531 2679 ηγήσεσθαι
562 2637 644 2682 En,
680 2639 809 2674 caeteri
841 2638 1135 2684 καθηγήσασθαι
1335 2636 1391 2673 37·
1438 2638 1516 2679 P⁰S¹²

142 2679 288 2723 πλῆθος
309 2691 380 2715 οιιι.
401 2680 539 2722 ἱκανῶς
559 2664 644 2718 Fla
809 2684 868 2721 39.
912 2699 950 2721 τε
974 2697 1043 2721 om.
1067 2686 1099 2720 F
1287 2681 1516 2728 κατέγραφε]

141 2724 351 2772 κατέγραψε
375 2737 494 2762 omnes
675 2728 735 2766 40,
781 2728 896 2768 τᾶλλα
919 2732 964 2774 F,
989 2730 1117 2767 caeteri
1137 2729 1184 2767 τὰ
1207 2727 1299 2767 ἄλλα
