1820 3249
248 359 253 367 ι

212 385 219 397 l

272 123 384 173 1584
774 149 778 153 -
840 120 954 164 LIB.
994 119 1121 162 XIX.

273 249 359 272 usus
396 243 455 281 est1
474 237 533 281 ,ad
562 236 753 284 augendas
785 249 893 282 opes3
927 240 1147 283 praesertim
1185 238 1551 284 Carthaginiensibus
1588 238 1660 273 mi-

271 307 338 329 nus
368 294 496 330 fidens,
555 295 600 329 In
630 294 738 328 ltalia
764 295 906 329 bellum
937 307 1022 330 cum
1051 297 1278 331 Samnitibus
1298 296 1397 330 vario
1419 297 1543 329 Marte
1572 306 1660 329 con-

271 353 458 386 tinuatum
507 350 593 400 72.].
655 351 872 399 Collatiam,
905 353 1050 388 Istriani
1090 360 1126 392 et
1154 353 1307 388 finitimi
1344 353 1494 398 populi,
1525 363 1608 386 cum
1641 363 1661 385 a

231 414 238 423 ⁶
272 409 492 454 Lysimacho
515 408 777 453 defecissent,
809 410 839 443 is
869 421 954 444 cum
992 410 1127 451 infesto
1166 411 1328 444 exercitu
1358 409 1543 456 profectus
1573 420 1663 442 cun-

184 1060 261 1095 117.

271 473 352 502 ctos
383 466 616 511 perdomuit,
661 472 700 515 et
729 466 903 512 Antigoni
938 467 1061 512 copias
1101 467 1316 502 Callatianis
1359 466 1498 502 auxilio
1534 466 1662 500 missas

268 523 413 570 proelio
447 523 530 556 vicit
562 518 661 571 [73.].
691 528 773 568 post
798 523 889 571 liaeo
915 524 1121 570 Antigonus
1141 524 1410 569 Telesphorum
1442 534 1528 557 cum
1550 523 1663 556 classe

268 581 307 614 in
340 581 634 625 Peloponnesum
668 579 769 614 misit
809 581 856 614 ad
894 581 1062 623 civitates
1100 581 1139 614 in
1170 581 1382 617 libertatem
1412 579 1662 615 vindicandas.

270 637 459 682 Philippus
492 649 582 671 vero
616 638 810 682 Cassandri
840 638 958 675 frater
992 638 1031 672 in
1069 637 1218 672 Aetolos
1258 644 1294 672 et
1324 638 1491 683 Epirotas
1521 636 1665 671 bellum

271 694 404 740 gessit,
438 705 572 741 eosque
612 694 754 739 duplici
796 695 937 740 proelio
977 694 1088 738 vicit,
1127 694 1338 740 horumque
1376 706 1506 740 regem
1537 693 1665 727 Aeaci-

272 752 360 785 dam
390 751 581 785 interemit
616 747 715 799 [74.].
762 754 801 786 In
836 752 920 785 Asia
951 751 1112 786 Asander
1154 752 1285 786 Cariae
1326 752 1536 796 praefectus
1566 750 1665 784 bello

273 820 466 853 oppressus
497 809 537 842 in
567 808 741 854 Antigoni
771 815 894 853 partes
925 809 1118 843 concessit.
1150 820 1238 843 mox
1269 814 1413 843 mutato
1445 807 1599 844 consilio
1621 807 1666 842 de

274 877 370 899 novo
403 865 539 899 deficit.
578 877 652 910 quo
694 865 793 899 facto
824 866 1029 911 Antigonus
1060 872 1161 900 terra
1196 866 1367 911 marique
1406 865 1554 899 Cariam
1584 864 1652 898 sub

274 922 357 968 igit.
419 922 582 956 Asander
612 934 699 956 vero
730 923 1074 968 classerGraeciam
1101 930 1230 968 petens
1261 935 1347 957 cum
1377 922 1602 969 Telesphoro
1633 927 1670 954 et

275 979 403 1013 Medio
433 979 603 1025 confligit
634 975 692 1025 [75
706 977 734 1027 ].
774 981 820 1013 Ins
847 980 954 1013 Italia
985 992 1081 1026 quae
1110 980 1208 1014 inter
1237 983 1425 1015 Romanos
1455 987 1492 1013 et
1522 978 1670 1013 Samni-

274 1043 328 1070 tes
359 1048 469 1081 porro
499 1043 602 1081 gesta
629 1037 702 1072 sint
732 1044 1088 1071 commemorantur.
1123 1038 1303 1082 Campani
1332 1037 1553 1072 rebellantes
1583 1046 1669 1069 mox

274 1105 405 1138 pacem
445 1094 618 1127 fecerunt
660 1088 756 1142 [76.].
802 1094 1005 1139 Antigonus
1055 1094 1310 1130 Ptolemaeum
1349 1094 1396 1128 ad
1433 1092 1666 1128 liberandam

275 1151 478 1185 Graeciam
508 1150 668 1195 ablegat.
709 1149 845 1185 Rhodii
876 1151 1031 1186 navibus
1057 1152 1216 1185 eundem
1245 1152 1433 1186 adiuvant.
1464 1149 1669 1185 Cassander

274 1208 394 1242 solnta
426 1209 517 1242 Orei
548 1207 737 1241 obsidione
774 1208 990 1242 Chalcidem
1021 1209 1131 1253 petit:
1173 1208 1260 1243 inde
1297 1220 1385 1243 vero
1417 1208 1460 1241 de
1491 1206 1669 1241 Macedo-

273 1265 546 1299 nia-sollicitus
578 1265 711 1298 relicto
743 1264 920 1301 Chalcide
954 1265 1138 1310 praesidio
1170 1267 1208 1298 in
1237 1264 1500 1305 Macedoniam
1528 1263 1671 1297 recedit

276 1318 376 1369 [77.].
409 1322 609 1367 Corcyraei
638 1322 835 1367 Apollonia
866 1329 903 1355 et
931 1322 1140 1368 Epidamno
1171 1323 1368 1357 Cassandri
1396 1321 1579 1367 praesidia
1608 1331 1670 1354 ex-

273 1379 692 1424 pellunt.rPtolemaeus
723 1380 898 1425 Antigoni
937 1380 1082 1425 legatus
1115 1380 1332 1413 Chalcidem
1368 1379 1486 1425 capit3
1517 1385 1599 1418 tum
1629 1378 1670 1410 in

272 1436 448 1478 Atticam·
470 1436 737 1474 ethhccidem
768 1448 984 1482 progressus
1012 1437 1149 1482 ubique
1180 1437 1376 1471 Cassandri
1405 1435 1586 1482 praesidia
1604 1434 1669 1468 ab·

271 1493 343 1537 igit
375 1489 476 1541 [78.].
509 1494 729 1537 Cyrenaeos,
753 1494 908 1539 Cyprios
940 1494 1104 1539 aliosque
1134 1494 1291 1528 rebelles
1322 1505 1387 1540 per
1417 1494 1560 1540 legatos
1584 1492 1669 1526 sub-

271 1550 344 1596 igit
372 1551 626 1585 Ptolemaeus:
643 1565 645 1568 ¹
662 1551 741 1595 ipse
770 1551 810 1585 in
842 1551 987 1596 Syriam
1019 1559 1056 1585 et
1076 1551 1248 1585 Ciliciam
1279 1551 1529 1597 expeditiones
1556 1548 1670 1583 susci—

272 1608 327 1652 pit
360 1603 461 1655 [79.].
507 1609 659 1652 Interea
685 1609 902 1643 Demetrius
941 1608 1118 1654 Antigoni
1150 1609 1249 1643 filius
1283 1609 1322 1642 in
1355 1606 1567 1652 Coelesyria
1603 1607 1670 1640 Ae-

272 1664 492 1709 gyptiorum
528 1664 644 1710 copiis
685 1666 874 1710 oppositus
916 1666 1049 1702 stabat.
1093 1666 1132 1700 in
1161 1666 1264 1699 hunc
1293 1666 1527 1703 Ptolemaeus
1558 1675 1578 1697 a
1608 1664 1672 1698 Se-

272 1721 378 1754 leuco
413 1721 627 1766 admonitus
657 1722 783 1767 copias
814 1723 976 1768 undique
1008 1729 1214 1756 contractas
1244 1723 1427 1757 convertit
1459 1719 1560 1769 [8o.].
1590 1722 1672 1754 De-

273 1777 408 1812 metrio
441 1779 607 1812 adiuncti
637 1779 746 1823 amici
775 1791 903 1824 pugna
932 1780 1117 1814 abstinere
1141 1780 1308 1815 suadent.
1338 1780 1402 1814 sed
1419 1779 1588 1812 animum
1607 1776 1672 1810 ad-

275 1835 368 1868 dunt
399 1836 555 1877 milites,
589 1847 679 1881 quos
719 1836 835 1879 animi
866 1838 1108 1872 mansuetudo
1150 1843 1186 1871 et
1208 1837 1390 1882 ,corporis
1421 1836 1532 1877 decor
1564 1845 1671 1879 cepe·

275 1899 335 1927 rat
366 1888 466 1940 [81.].
496 1893 682 1927 Demetrii
711 1893 809 1929 acies
837 1895 1019 1928 instructa
1050 1895 1095 1928 ad
1125 1894 1308 1939 proelium
1341 1891 1440 1941 [82.].
1470 1891 1673 1926 Ptolemaei

277 1956 314 1983 et
354 1950 499 1984 Seleuci
537 1951 717 1996 disposita
755 1952 866 1987 acies.
922 1951 1034 1985 simul
1077 1951 1210 1997 proelii
1252 1952 1337 1986 initi
1376 1951 1524 1984 initium
1567 1945 1671 1996 [83.].

277 2006 398 2051 primo
433 2007 586 2052 ancipiti
626 2009 750 2042 Marte
791 2015 998 2053 pugnatum
1029 2015 1093 2043 est.
1139 2020 1225 2042 mox
1255 2009 1468 2053 elephantes
1507 2012 1672 2040 conster-

278 2063 355 2097 nati
384 2065 548 2103 turbant?
566 2065 749 2099 Demetrii
778 2065 907 2101 aciem.
945 2065 983 2099 in
1012 2065 1143 2111 fugam
1174 2071 1302 2100 actum
1320 2065 1555 2099 Demetrium
1585 2065 1672 2097 Pto-

278 2121 443 2155 lemaeus
466 2122 605 2156 Gazam
637 2134 751 2168 usque
782 2123 1027 2168 persequitur,
1044 2129 1079 2156 et
1107 2123 1205 2156 hanc
1224 2123 1355 2157 urbem
1385 2127 1546 2166 occupat
1570 2116 1669 2166 [84]-

278 2178 491 2212 Demetrius
526 2179 649 2223 primo
686 2182 842 2213 Azotum
880 2180 1069 2213 contendit
1108 2180 1154 2213 ad
1190 2179 1464 2225 procurandam
1502 2183 1670 2211 mortuo-

279 2246 365 2268 rum
406 2235 651 2280 sepulturam.
697 2248 891 2270 caesorum
924 2248 1111 2272 numerus.
1155 2237 1299 2282 regiam
1338 2235 1515 2281 praedam
1552 2233 1674 2268 Ptole-

280 2303 408 2325 maeus
441 2292 538 2326 ultro
567 2293 700 2327 reddit.
734 2293 867 2326 deinde
897 2294 1068 2339 Tripolin
1100 2293 1298 2329 Phoenices
1316 2293 1529 2329 Demetrius
1559 2303 1597 2325 se
1614 2300 1674 2324 re-

279 2348 369 2393 cipit
401 2345 501 2396 [35.].
537 2350 678 2385 interea
707 2351 940 2385 Ptolemaeus
973 2351 1149 2386 Sidonem
1188 2357 1225 2384 et
1263 2354 1407 2396 Tyrum
1439 2350 1479 2383 in
1510 2348 1674 2383 deditio-

278 2417 364 2439 nem
395 2405 531 2453 redigit
563 2404 663 2455 [36.].
701 2410 744 2441 In
778 2409 927 2453 Europa
957 2408 1204 2453 Telesphorus
1238 2409 1283 2442 ab
1315 2408 1495 2454 Antigono
1525 2404 1672 2439 deficit:

277 2473 352 2509 quo
382 2462 481 2496 facto
513 2465 747 2499 Ptolemaeus
768 2464 946 2510 Antigoni
977 2465 1052 2499 dux
1080 2477 1160 2499 rem
1190 2465 1229 2500 in
1259 2465 1513 2510 Peloponneso
1542 2467 1674 2496 contra

279 2531 366 2555 euin
407 2519 504 2565 gerit
544 2517 644 2569 [87.].
693 2523 737 2555 In
771 2522 885 2567 Epiro
925 2522 1093 2556 Alcetam
1139 2533 1280 2556 novum
1329 2533 1458 2568 regem
1499 2519 1674 2565 Lyciscus

276 2576 472 2611 Cassandri
494 2577 585 2618 *dux
614 2578 774 2612 infestat.
807 2578 944 2624 duplici
982 2579 1124 2624 proelio
1155 2580 1388 2626 confligunt:
1419 2578 1537 2612 altero
1569 2576 1675 2610 Alce-

278 2639 354 2676 tas,
387 2633 503 2668 altero
533 2635 708 2679 Lyciscus
739 2635 856 2671 vincit
891 2632 992 2684 [88.].
1031 2636 1237 2671 Cassander
1264 2637 1336 2671 suis
1366 2645 1588 2670 succurrens
1617 2632 1675 2665 fa-

277 2695 338 2726 cta
375 2702 462 2725 cum
497 2691 627 2726 Alceta
666 2704 757 2738 pace
801 2699 933 2727 contra
969 2693 1220 2738 Apolloniatas
1258 2693 1394 2737 movit;
1433 2693 1498 2727 sed
1530 2688 1674 2737 proelio

277 2747 404 2793 pulsus
431 2747 471 2783 in
500 2749 766 2785 Macedoniam
802 2749 924 2784 rediit.
984 2750 1150 2786 Alsetam
1183 2749 1240 2786 sui
1275 2751 1322 2786 ob
1359 2750 1434 2785 eius
1462 2747 1676 2795 superbiam
