1820 3249
331 125 442 167 142⁰
697 121 813 162 LIB.
842 119 948 162 xlx.
1007 119 1140 163 GAP.
1168 124 1234 163 79.
1263 124 1332 167 8⁰·

330 233 501 286 ξυνθεὶς
539 232 564 278 ὅ
605 236 874 288 Πτολεμαῖος
903 230 1147 277 ἀπέστειλεν
1171 235 1289 288 Ἀγιν
1326 229 1569 287 στρατηγόν
1598 231 1703 286 μετὰ

328 291 556 346 δυνάμεως
591 293 742 345 πεζῆς·
779 289 980 343 ἐξέπεμψε
1019 289 1064 333 δὲ
1094 290 1166 333 καὶ
1197 289 1354 332 στόλον
1383 288 1459 330 τὸν
1489 287 1702 358 συλληψό-

328 364 463 406 μενον
491 350 573 390 τοῦ
601 347 814 402 πολέμου,
847 346 1071 401 ναύαρχον
1100 345 1329 416 ἐπιστήσας
1357 344 1618 388 Ἐπαίνετον.
1677 343 1702 388 6

244 404 298 446 75
329 405 376 448 δὲ
403 406 517 460 Αγις
547 404 732 473 ἐνεργῶς
770 405 1091 458 διαπολεμήσας
1119 408 1211 452 τοῖς
1240 401 1532 458 ἀφεστηκόσιν
1561 401 1702 453 ἐκυρί-

327 472 426 505 ευσε
455 460 564 504 κατὰ
593 459 760 514 κράτος
782 463 857 515 τῆς
885 459 1062 511 πόλεως,
1095 461 1168 502 καὶ
1196 460 1299 510 τοὺς
1328 459 1406 513 μὲν
1437 459 1604 509 αἰτίους
1625 462 1703 513 τῆς

327 516 604 569 ἀποστάσεως
633 516 771 586 δήσας
800 517 1045 560 ἀπέστειλεν
1075 518 1135 566 εἰς
1163 516 1257 587 τὴν
1266 514 1604 585 Ἀλεξάνδρειαν,
1628 515 1702 557 καὶ

324 579 412 618 τῶν
441 573 586 617 ἄλλων
614 575 666 617 τά
695 573 810 617 όπλα
838 572 1152 628 παρελόμενος,
1191 573 1262 615 καὶ
1292 572 1344 615 τά
1374 572 1483 615 κατὰ
1512 588 1591 627 την
1626 570 1702 614 πό-

325 636 397 675 λιν
427 630 652 686 διοικήσας
683 630 740 681 ὥς
770 629 869 674 ποτ’
903 631 1048 681 έδοξεν
1078 629 1196 686 αὐτῷ
1229 629 1490 684 συμφέρειν,
1520 629 1701 697 ἐπανῆλ-

240 695 295 735 80
324 693 407 732 θεν
437 689 496 738 εἰς
525 687 605 744 τήν
634 690 872 757 Αἴγυπτον
918 690 1186 740 Πτολεμαῖος
1215 686 1283 738 δέ,
1312 703 1399 734 τωι
1429 685 1526 740 περὶ
1555 683 1703 739 Κυρή-

324 763 409 815 νην
442 743 560 800 αὐτῷ
597 744 708 788 κατὰ
745 747 856 786 νοῦν
894 741 1227 815 ἀπηντηκότων,
1258 744 1409 798 διῆρεν
1446 742 1494 785 ἐκ
1522 746 1608 810 τῆς
1626 743 1703 783 Λί-

323 801 494 857 γύπτου
536 800 641 857 μετὰ
671 799 897 855 δυνάμεως
938 802 997 851 εἰς
1027 798 1106 853 τήν
1135 797 1323 852 Κύπρον
1353 799 1421 841 ἐπὶ
1449 815 1552 848 τους
1582 796 1703 841 ἀπει-

322 863 520 908 θοῦντας
560 862 648 900 τῶν
700 856 926 927 βασιλέων.
1007 857 1300 925 Πυγμαλίωνα
1340 855 1385 897 δὲ
1433 854 1574 909 εὑρων
1612 856 1702 897 δια-

324 915 677 983 πρεσβευόμενον
714 912 824 967 πρός
863 910 1110 983 Ἀντίγονον
1147 910 1311 981 ᾇνεῐλε
1355 911 1615 965 Πράξιππον
1656 910 1703 953 δὲ

240 972 295 1015 85
324 972 404 1014 τὸν
432 975 510 1040 τῆς
540 971 771 1040 Λαπηθίας
802 968 982 1040 βασιλέα
1011 970 1084 1012 καὶ
1113 968 1190 1012 τόν
1219 973 1294 1025 τῆς
1324 970 1543 1023 Κερυνίας
1573 965 1703 1010 δυνά-

323 1040 428 1083 στην
466 1026 744 1078 ὑποπτεύσας
788 1026 1024 1080 ἀλλοτρίως
1065 1027 1176 1081 ε’χειν
1214 1025 1443 1079 συνέλαβε,
1475 1026 1549 1068 καὶ
1587 1028 1702 1067 Στα-

324 1087 496 1128 σίοικον
523 1083 603 1127 τόν
630 1087 720 1127 τῶν
749 1083 982 1138 Μαριέων
1022 1084 1096 1126 καὶ
1125 1098 1205 1139 την
1231 1083 1311 1137 μὲν
1341 1081 1470 1125 πόλιν
1499 1081 1702 1125 κατέσκα-

321 1149 400 1193 ψε,
430 1140 535 1191 τούς
566 1139 610 1184 δ’
642 1142 875 1191 οἰκοῦντας
904 1139 1139 1195 μετήγαγεν
1167 1141 1226 1190 εἰς
1256 1139 1427 1194 Πάφον
1488 1141 1624 1181 ταῦτα
1655 1137 1701 1179 δὲ

323 1196 670 1266 διαπραξάμενος
709 1201 786 1252 τῆς
822 1213 900 1251 μεν
942 1196 1132 1249 Κύπρου
1178 1197 1410 1263 κατέστησε
1459 1193 1701 1249 στρατηγὸν

238 1255 293 1296 90
323 1253 640 1308 Νικοκρέοντα,
665 1252 892 1307 παραδούς
911 1253 986 1303 τάς
1014 1269 1058 1296 τε
1088 1250 1233 1303 πόλεις
1255 1254 1327 1296 καὶ
1355 1269 1430 1302 τας
1457 1251 1702 1305 προςὸδους

322 1315 412 1355 τῶν
441 1309 774 1354 ἐκπεπτωκότων
811 1310 1036 1364 βασιλέων.
1097 1309 1229 1360 αὐτὸς
1265 1309 1311 1352 δὲ
1339 1325 1442 1378 μετα
1473 1307 1774 1362 δυνάμεως331

323 1367 560 1418 ἐκπλεύσας
595 1366 664 1409 ἐπὶ
705 1369 876 1436 Συρίας
912 1370 989 1421 τῆς
1027 1365 1119 1408 α’νω
1161 1365 1452 1421 καλουμένης,
1499 1366 1696 1407 Ποσίδει-

323 1441 376 1468 ον
422 1425 496 1467 καὶ
547 1423 770 1478 ποταμοὺς
827 1426 993 1476 Καρῶν
1048 1422 1388 1477 ἐκπολιορκήσας
1445 1420 1696 1490 διήρπασεν.

237 1483 291 1526 95
324 1482 507 1536 ἑτοίμως
545 1480 589 1524 δὲ
618 1480 804 1530 πλεύσας
842 1480 910 1522 ἐπὶ
939 1481 1143 1522 Κιλικίαν
1170 1480 1356 1523 Μαλλὸν
1385 1475 1467 1521 εἷλε
1495 1479 1568 1521 καὶ
1596 1493 1701 1527 τους

320 1537 725 1609 ἐγκαταληφθέντας
775 1535 1183 1608 ελαφυροπιόλησεν.
1271 1535 1486 1591 ἐπόρθησε
1534 1533 1580 1578 δὲ
1625 1533 1699 1578 καὶ

319 1611 401 1650 την
430 1595 556 1650 ἐγγὺς
585 1592 759 1650 χώραν,
797 1595 871 1637 καὶ
901 1593 949 1637 τό
981 1592 1274 1646 στρατόπεδον
1306 1592 1513 1647 ὠφελείας
1542 1590 1697 1660 ἐμπλή·

321 1663 401 1702 σας
443 1652 705 1694 ἀπέπλευσεν
743 1652 804 1702 εἰς
840 1650 919 1705 τὴν
952 1648 1150 1701 Κύπρον.
1210 1648 1479 1693 ἐπολιτεύετο
1511 1648 1557 1691 δὲ
1588 1647 1698 1702 πρὸς

320 1708 427 1758 τούς
456 1707 741 1761 στρατιώτας,
785 1707 925 1757 ούτως
963 1706 1281 1774 ἐκκαλούμενος
1311 1705 1457 1749 αὐτῶν
1488 1704 1563 1756 τὰς
1591 1721 1694 1759 προ-

209 1773 290 1812 100
320 1766 486 1821 θυμίας
515 1767 574 1815 εἰς
602 1764 705 1816 τούς
731 1763 1075 1836 ἐπιφερομένους
1103 1762 1352 1814 κινδύνους.

235 1829 291 1868 80
433 1822 682 1876 Δημήτριος
713 1821 820 1866 δ’ὁ
847 1820 1101 1875 Ἀντιγόνου
1139 1820 1352 1877 διέτριβεν
1381 1816 1447 1862 dez
1476 1817 1575 1870 περὶ
1602 1818 1694 1861 κοί-

318 1883 400 1949 λην
429 1880 616 1949 Συρίαν,
644 1877 894 1935 ἐφεδρεύων
922 1883 1014 1927 ταῖς
1043 1880 1131 1919 τῶν
1158 1878 1411 1946 Αἰγυπτίων
1441 1874 1691 1930 δυνάμεσιν.

319 1935 379 1986 ὥς
420 1934 463 1978 δ’
500 1935 661 2002 ἤκουσε
698 1936 774 1986 τὰς
812 1951 900 1978 των
936 1934 1106 1978 πόλεων
1144 1932 1346 1984 αλιόσεις,
1385 1932 1583 1975 Πύθωνα
1612 1932 1690 1986 μὲν

263 1997 288 2040 5
319 1992 387 2036 ἐπι
424 1995 511 2035 τῶν
549 1993 694 2035 τόπων
735 1991 930 2035 κατέλιπε
971 1990 1233 2058 στρατηγόν,
1273 1991 1380 2040 δούς
1422 1990 1540 2045 αύτῷ
1586 2004 1690 2037 τους

317 2048 557 2103 ἐλέφαντας
585 2050 659 2092 καὶ
687 2049 739 2091 τὰ
767 2049 904 2103 βαρέα
943 2051 1031 2090 τῶν
1059 2047 1307 2101 ταγμάτων·
1349 2044 1480 2096 αὐτὸς
1510 2034 1555 2088 δε
1586 2061 1690 2086 ανα-
1744 2056 1747 2058 ’

316 2105 464 2162 λαβὼν
494 2105 597 2157 τούς
635 2121 679 2149 τε
709 2107 851 2156 ἱππεῖς
880 2104 954 2149 καὶ
992 2121 1046 2148 τα
1076 2102 1226 2155 φιλικοὶ
1264 2103 1458 2160 ταγματα
1497 2105 1690 2158 προῆγεν

314 2253 373 2288 72.
400 2251 439 2287 δὲ
463 2251 547 2296 καὶ]
573 2251 613 2288 δὲ
636 2254 717 2288 Bas.
898 2252 957 2287 74.
988 2249 1217 2295 Ἐπαίνετον]
1243 2250 1433 2286 ἐπαινετόν
1458 2251 1487 2284 F

315 2300 371 2333 84.
407 2301 606 2344 Λαπηθιάς
638 2299 852 2343 Stephanus:
891 2299 976 2332 libri
1009 2300 1199 2336 Λαπιθίας
1399 2297 1455 2331 85.
1493 2298 1684 2341 Κερυνίας]

314 2348 522 2388 Κερυννίας
567 2347 599 2390 Q
650 2347 756 2387 Bas„
802 2347 1010 2387 Κεραυνίοις
1049 2346 1099 2387 F,
1146 2345 1352 2385 Κεραυνίεις
1392 2344 1490 2384 vw,
1558 2346 1685 2378 caeteri

311 2393 497 2434 Κερανίας
679 2392 736 2426 86.
760 2393 822 2427 καὶ
847 2393 1082 2434 Στασίοικον]
1111 2393 1334 2426 Στασιοίκου
1358 2392 1440 2424 Bas.
1617 2387 1683 2422 τόν

310 2440 386 2472 τῶν
417 2437 594 2483 Μαριέων
617 2438 909 2473 Rhodomannus·
941 2439 1011 2474 τοῦ
1043 2436 1215 2477 Mamaos
1237 2439 1319 2471 Bas.
1329 2464 1340 2480 ‚
1374 2436 1502 2472 caeteri
1525 2434 1590 2471 τὸν
1612 2437 1683 2470 τοῦ

310 2485 489 2528 ,Μαριέως

400 2531 480 2566 381.
527 2530 584 2564 92.
607 2526 820 2574 δυνάμεως]
852 2543 926 2566 των
958 2526 1151 2572 δυνάμεων
1182 2529 1293 2571 FQW
1479 2529 1622 2571 Συρίας
1652 2528 1682 2561 F

309 2578 414 2620 Bas„
438 2577 566 2612 caeteri
588 2578 654 2621 τῆς
679 2579 820 2621 Συριας
1001 2576 1058 2609 93.
1080 2575 1293 2628 Ποσίδειον]
1319 2576 1499 2610 Ποσίδιον
1525 2575 1571 2615 F,
1604 2576 1680 2609 Πο-

1075 2618 1141 2660 οὓς

309 2669 452 2704 σνίδιον
473 2669 555 2702 Bas.
694 2681 791 2704 ποτα
791 2667 908 2714 μους]
935 2679 1106 2710 ποταμον
1131 2668 1160 2699 F
1343 2668 1401 2704 94.
1426 2666 1596 2702 Κιλικίαν
1623 2666 1680 2706 W,

307 2715 436 2750 caeteri
459 2713 626 2755 Κιλικίας
791 2683 864 2750 μ.95
889 2713 1066 2759 Μαλλὸν]
1094 2711 1227 2753 Mazdu
1249 2714 1330 2747 Bas.
1426 2747 1443 2758 ..
1525 2714 1557 2747 1.
1583 2709 1625 2747 δ’
1650 2713 1679 2744 F

490 2760 670 2808 διέτριβεν
694 2758 766 2806 ἀεὶ]
791 2761 907 2807 aptius
929 2761 1066 2795 videtur
1088 2759 1244 2805 διέτριβε
1265 2772 1332 2804 μεν
1422 2774 1428 2778 ·
