1820 3249
467 171 1488 214 L>1B.XV1.CAP.90.91.1123

108 284 188 341 τὴν
224 285 521 329 Μακεδονίαν.
580 284 653 327 καὶ
693 283 746 326 τά
785 282 863 339 μὲν
900 282 1000 337 περὶ
1040 282 1259 325 Φίλιππον
1302 282 1349 325 ἐν
1384 282 1486 327 τού··

107 359 198 394 τοις
222 359 296 385 ην.

221 363 345 441 Ιίζατά
365 396 410 440 δὲ
428 395 507 452 τήν
524 397 734 440 Σικελίαν
761 394 983 461 Τιμολέων
1005 394 1029 438 ὁ
1049 394 1331 450 Κορίνθιος
1313 410 1482 438 απαντα
1511 381 1568 418 ‘⁹⁰

107 460 198 505 τοῖς
225 455 537 523 Συρακοσίοις
549 454 621 497 καὶ
642 459 734 504 τοῖς
756 453 1038 502 Σικελιώταις
1066 451 1370 506 κατωρθωκώς
1398 452 1480 495 ἐτε-

106 512 296 579 λεύτησε,
323 509 628 580 στρατηγήσας
640 511 711 566 ἐτη
734 509 863 554 ὀκτώ.
925 511 968 552 οἱ
997 510 1042 552 δέ
1063 509 1338 579 Συρακόσιοι
1357 507 1480 563 μεγά-

106 573 190 619 λως
220 567 551 639 ἀποδεδεγμένοι
582 566 661 611 τὸν
691 568 833 622 ἄνδρα
863 566 934 610 διά
964 582 1008 609 τε
1037 566 1116 620 τὴν
1145 565 1305 621 άρετήν
1334 566 1408 608 καὶ
1429 565 1478 609 τὸ

103 626 286 696 μέγεθος
314 628 403 667 τῶν
433 623 727 695 εὐεργεσιῶν,
757 627 1092 680 μεγαλοπρεπῶς
1123 623 1297 673 ἔθαψαν
1327 619 1478 675 αὐτόν,
1536 629 1561 671 5

101 683 173 724 καὶ
211 697 322 733 κατα
356 680 439 752 τήν
473 682 671 752 ἐκφορὰν
702 679 1017 751 ἀθροισθέντος
1045 683 1126 723 τοῦ
1153 678 1354 736 πλήθους
1381 676 1480 722 τόδε

101 738 149 781 τό
179 737 400 808 ψήφισμα
413 738 708 811 ἀνηγόρευσεν
742 738 765 782 ὁ
796 741 934 794 δῆμος
952 742 1043 781 τῶν
1061 738 1366 808 Συρακοσίων
1409 739 1480 779 Τι-

100 794 312 847 μολέοντα
341 800 471 852 τιμᾶν
504 795 697 852 ἐτήσιον·
739 799 899 839 τοῦτον
929 795 973 839 δὲ
1001 793 1187 838 θάπτειν
1217 791 1303 836 άπὸ
1334 795 1479 836 διακο-

99 853 209 894 σίων
239 869 384 908 μνων,
429 857 638 908 τιμᾶσθαι
669 852 714 897 δε
745 854 804 904 εἰς
832 852 910 896 τὸν
941 851 1112 895 ἅπαντα
1146 850 1309 920 χρόνον
1339 849 1477 905 ἄγωσι

98 913 327 964 μουσικοῖς
356 909 430 953 καὶ
459 912 650 961 ἱππικοῖς
679 910 754 954 καὶ
781 914 1035 966 γυμνικοῖς,
1075 907 1142 952 ὅτι
1171 907 1275 958 τοὺς
1304 906 1475 963 βαρβά-
1506 914 1560 953 10

98 982 204 1019 ρους
238 967 596 1036 καταπολεμήσας
632 967 707 1010 καὶ
749 967 826 1018 τὰς
861 968 1062 1022 μεγίστας
1099 969 1188 1008 τῶν
1211 964 1475 1020 Ελληνίδων

22 1029 83 1064 151
98 1022 269 1066 πόλεων
308 1021 535 1075 άνοικίσας
579 1024 717 1074 αίτιος
759 1024 943 1094 ἐγενήθη
980 1027 1057 1080 τῆς
1095 1023 1344 1076 ἐλευθερίας
1383 1025 1475 1072 τοῖς

96 1077 388 1131 Σικελιώταις.
443 1081 544 1135 περὶ
574 1082 619 1124 δὲ
648 1097 754 1131 τους
785 1079 949 1131 αὐτους
980 1078 1164 1134 καιρούς
1199 1077 1473 1148 Ἀριοβαρζά-

93 1153 172 1192 νης
203 1137 282 1192 μὲν
310 1136 552 1193 ἐτελεύτησε
580 1137 887 1194 βασιλεύσαςὲ
871 1137 942 1194 ε’τη
971 1139 1104 1180 εἴκοσι
1133 1153 1208 1179 και
1236 1135 1292 1187 ε’ξ,
1321 1134 1402 1191 τήν
1425 1134 1471 1178 δὲ
1502 1140 1555 1180 15

95 1195 318 1247 βασιλείαν
347 1194 651 1248 διαδεξάμενος
667 1194 948 1249 Μιθριδάτης
977 1189 1138 1250 ἦρξεν’
1124 1193 1194 1250 ε’τη
1215 1194 1340 1235 πέντε
1360 1190 1472 1246 πρὸς

92 1255 184 1300 τοῖς
211 1249 460 1304 τριάκοντα.
513 1250 723 1308 Ρωμαῖοι
751 1251 797 1295 δὲ
827 1250 940 1306 πρός
960 1252 1179 1300 Λατίνους
1197 1266 1271 1292 και
1286 1251 1472 1304 Καμπα-

91 1306 202 1358 νοῦς
225 1307 583 1377 παραταξάμενοι
612 1309 708 1364 περὶ
738 1308 868 1351 πόλιν
887 1307 1122 1351 Σοῦεσσαν
1146 1306 1365 1376 ἐνίκησαν,
1394 1305 1469 1349 καὶ

91 1367 182 1406 τῶν
209 1363 486 1435 ἡττηθέντων
513 1367 646 1421 μέρος
675 1368 752 1420 τῆς
781 1364 926 1420 χώρας
952 1364 1205 1435 αφείλοντο.
1264 1362 1287 1408 ὁ
1319 1362 1365 1406 δὲ
1394 1379 1467 1406 κα-
1497 1372 1553 1411 20

92 1422 356 1492 zmpssmxcdg,
356 1421 457 1489 τὴν
485 1422 640 1494 μάχην
654 1421 859 1473 Μάλλιος
889 1421 913 1465 ὁ
943 1421 1110 1472 ὕπατος
1126 1419 1466 1489 ἐθριάμβευσεν.

197 1474 294 1520 ”Επ
338 1477 548 1548 ἄρχοντος
594 1477 640 1522 δ’
685 1476 897 1548 Ἀθήνησι
936 1476 1222 1530 Πυθοδώρου
1259 1477 1466 1532 Ρωμαῖοι
1495 1485 1552 1524 99

89 1533 169 1588 μὲν
205 1535 473 1590 κατέστησαν
510 1534 702 1586 ὑπάτους
740 1535 932 1579 Κόϊντον
961 1537 1204 1578 Ποπλίλιον
1239 1535 1314 1578 καὶ
1348 1533 1467 1601 Τιβέ·

90 1606 191 1643 ριον
218 1592 425 1646 Αἰμίλιον
445 1590 703 1663 Μάμερκον,
731 1591 966 1647 Ὀλυμπιὰς
986 1591 1031 1636 δ’
1050 1590 1163 1662 ἤχθη
1182 1590 1331 1647 πρώτη
1353 1589 1466 1645 πρὸς
1494 1593 1550 1637 25

86 1652 182 1697 ταῖς
211 1647 366 1692 ἑκατὸν
396 1649 470 1692 καὶ
501 1649 628 1702 δέκα,
657 1648 767 1692 καθ’
790 1649 856 1719 ἢν
885 1650 1008 1693 ἐνίκα
1038 1647 1218 1692 στάδιον
1248 1647 1467 1702 Κλεόμαν-

85 1719 150 1754 τις
190 1704 458 1758 Κλειτόριος.
516 1705 588 1752 ἐπὶ
633 1705 678 1749 δὲ
719 1705 890 1749 τούτων
933 1708 1150 1757 Φίλιππος
1185 1704 1211 1777 6
1249 1689 1465 1773 βασιλεύς,

83 1758 257 1816 ηγεμών
295 1761 387 1806 υπὸ
420 1778 511 1806 των
534 1761 756 1834 Ἑλλήνων
785 1763 1112 1818 καθεσταμένος
1142 1778 1216 1806 και
1246 1763 1324 1805 τὸν
1354 1761 1466 1816 πρὸς

86 1817 260 1871 Πέρσας
296 1819 492 1874 πόλεμον
528 1819 867 1876 ἐνστησάμενος,
891 1819 1102 1863 ’Ἀτταλον
1131 1819 1211 1876 μὲν
1239 1820 1314 1862 καὶ
1344 1822 1465 1871 Παρ-

84 1876 277 1929 μενίωνα
313 1876 650 1931 προαπέστειλεν
686 1880 747 1929 εἰς
783 1894 865 1934 την
888 1875 1034 1921 Ἀσίαν
1064 1877 1197 1946 μέρος
1226 1880 1302 1930 τῆς
1332 1873 1464 1919 δυνά-
1493 1880 1548 1920 30

84 1947 196 1999 μεως
236 1932 343 1984 δους
385 1934 458 1977 καὶ
501 1931 744 2004 προςτάξας
787 1935 1053 1988 ἐλευθεροῦν
1101 1933 1177 1985 τὰς
1214 1932 1466 2003 Ἑλληνίδας

83 1985 252 2040 πόλεις,
301 1988 434 2041 αὐτὸς
476 1991 522 2034 δὲ
554 1989 758 2035 σπεύδων
786 1991 892 2063 μετὰ
920 1996 995 2048 τῆς
1023 1994 1112 2034 τῶν
1139 1995 1261 2034 θεῶν
1288 1989 1466 2047 γνώμης

82 2043 367 2090 ἐπανελέσθαι
394 2045 473 2091 τὸν
501 2047 707 2103 πόλεμον,
737 2048 984 2106 ἐπηρώτησε
1005 2048 1085 2119 τὴν
1105 2049 1287 2091 Πυθίαν
1306 2049 1343 2091 εἰ
1361 2063 1464 2102 κρα-

81 2099 200 2157 τήσει
239 2106 320 2146 τοῦ
355 2104 566 2159 βασιλέως
603 2110 692 2150 τῶν
733 2108 934 2163 Περσῶν.
992 2104 1020 2163 ἡ
1059 2105 1106 2150 δὲ
1135 2105 1313 2163 ἔχρησεν
1343 2103 1464 2162 αὐτῷ

80 2160 208 2202 τόνδε
235 2158 315 2204 τόν
340 2160 558 2231 χρησμόν·
1492 2159 1547 2203 35

124 2213 355 2287 ’Ἐστεπται
380 2218 460 2274 μὲν
489 2217 513 2262 ὁ
544 2222 719 2274 ταῦρος,
748 2219 831 2291 ε’χει
860 2220 995 2274 τέλος,
1025 2220 1142 2264 ἔστιν
1174 2217 1197 2263 ὁ
1226 2217 1396 2262 θύσων.

83 2269 200 2342 ὁμὲν
221 2270 303 2317 οὖν
327 2277 554 2328 Φίλιππος,
586 2279 810 2329 σκολιῶς’
797 2277 972 2334 ε’χοντος
1000 2282 1081 2322 τοῦ
1096 2279 1322 2348 χρησμοῦ,
1352 2272 1464 2346 πρὸς

80 2327 130 2370 τό
161 2330 276 2373 ἴδιον
304 2335 532 2403 συμφέρον
559 2333 768 2390 ἐξεδέχετο
796 2335 845 2379 τὸ
877 2335 1042 2405 λόγιον,
1075 2334 1133 2387 ὠς
1154 2337 1238 2378 τοῦ
1255 2333 1463 2388 μαντείου
1491 2329 1546 2375 40

80 2386 365 2443 πρθλὲγθνῖθς
410 2389 489 2434 τὸν
542 2391 719 2448 Πέρσην
759 2394 922 2449 ἱερείου
960 2391 1128 2449 τρόπον
1166 2389 1460 2448 τυθήσεσθαι·

83 2495 116 2530 4.
166 2499 231 2534 διά
259 2513 299 2536 τε
332 2500 401 2547 τὴν
432 2501 566 2549 αρετῆν
592 2518 662 2562 οη).
683 2506 714 2540 F
920 2507 953 2542 8.
1001 2507 1082 2541 vide
1114 2506 1373 2542 annotationem

172 2546 229 2579 12-
277 2546 385 2584 vivom
388 2550 489 2596 ίσας]
522 2551 716 2611 ενοικήσας
738 2554 840 2596 Bag„
875 2554 1017 2596 οἰκίσας
1041 2555 1093 2598 Q,
1127 2554 1255 2587 caeteri
1281 2551 1464 2589 ἐνοικίσας

175 2591 254 2624 151
286 2595 340 2628 14
389 2597 507 2642 βασιλ.
540 2598 623 2644 ε’τη]
671 2598 733 2644 ε’τη
770 2579 885 2645 βαόιλ.
921 2601 950 2635 L
1135 2600 1191 2633 19.
1240 2596 1463 2654 άφείλοντο]

84 2631 286 2677 ἇφέἶλανΐθ
319 2641 379 2676 FL
561 2646 618 2679 22..
668 2646 937 2692 Πυθοδώρου]
964 2646 1045 2680 vide
1067 2649 1223 2682 annotat.
1395 2642 1463 2688 μὲν

82 2692 154 2715 ⁰¹¹³·
179 2683 208 2715 F
413 2688 470 2722 23·
520 2692 726 2728 Ποπλίλιον
750 2693 884 2728 Livius:
904 2693 1005 2727 libri
1028 2691 1196 2728 Πόπλιον
1404 2690 1463 2723 2-6

83 2726 318 2774 Κλειτόριος]
344 2733 540 2778 Κλιτόριος
562 2736 610 2778 Ia,
639 2738 835 2783 κλιτώριος
861 2742 889 2774 F
1073 2739 1130 2773 28.
1173 2736 1464 2784 ἐνστησάμειος]

82 2771 322 2818 ἐπιστάμενος
359 2780 389 2812 Χ
581 2783 638 2817 36.
687 2784 806 2830 ἔστιν]
852 2786 926 2822 ἔστι
961 2784 1000 2821 δ’
1037 2786 1215 2821 Gemistus
1408 2783 1464 2817 Ψ).

82 2820 338 2869 τυθήσεσθαι]
362 2824 587 2871 τεθήσεσθαι
610 2841 735 2877 margo
759 2833 840 2868 Bas.

1074 2893 1130 2931 72
1166 2886 1188 2910 *
