1820 3249
659 213 719 254 L1
731 214 775 254 Β.
825 212 863 254 Χ
873 212 926 254 V.
1372 217 1484 260 1571

99 332 166 366 dro
194 331 358 366 Pheraeo
386 329 513 376 pressi,
543 341 565 364 a
593 330 780 365 Thebanis
806 341 915 376 opem
946 336 983 365 et
1010 329 1225 376 Pelopidam
1255 330 1389 365 ducem
1412 332 1483 367 im-

97 394 257 434 petrant.
288 389 452 422 defectus
479 386 608 421 solaris
636 388 795 433 prodigii
827 389 941 421 instar
971 394 1061 424 emt.
1118 388 1320 433 Pelopidas,
1351 401 1483 434 quam-

95 446 151 480 vis
180 445 382 487 victoriam
404 450 633 487 consecutus,
651 450 773 478 morte
801 445 995 485 occubuit3
1026 444 1230 479 Alexander
1257 457 1357 488 vero,
1386 447 1478 480 duo-

95 502 162 537 bus
191 502 338 548 proeliis
367 502 509 547 pulsus,
538 501 664 535 omnia
688 501 844 535 reddere
874 503 1021 547 cogitur
1053 499 1151 549 [b0.].
1184 502 1380 548 Pelopidae
1401 503 1477 537 sin-

94 559 242 605 gulares
285 559 441 593 virtutes
483 569 617 604 resque
656 564 778 604 gestae
813 557 917 592 brevi
967 558 1216 604 descriptione
1254 560 1476 605 propositae.

95 618 201 650 Tunc
238 615 439 649 Clearchus
479 614 715 660 tyrannidem
760 615 962 648 Heracleae
1004 615 1224 660 occupavit3
1260 617 1476 651 Timotheus
1492 639 1558 678 104

94 683 183 706 vero
206 671 484 706 Atheniensium
512 672 715 717 imperator
734 674 923 706 Toronem
954 677 990 704 et
1013 672 1227 706 Potidaeam
1249 673 1347 718 cepit
1376 670 1477 721 [81.].
1506 702 1529 735 2
1559 668 1567 677 ⁶

94 728 297 764 Dissidium
330 729 495 775 proximo
534 740 632 762 anno
662 729 759 762 inter
789 729 934 762 Pisaeos
968 735 1004 762 et
1033 729 1142 762 Eleos
1171 735 1294 763 ortum
1331 729 1370 762 in
1401 730 1478 764 bel-
1531 725 1540 734 ⁶

93 785 176 819 lum
207 785 390 820 Graeciae
419 797 617 820 commune
647 785 820 830 erumpit.
860 785 1043 830 principes
1072 785 1160 819 belli
1190 792 1312 830 partes
1339 785 1480 821 habent

97 844 302 887 Tegeatae,
344 854 412 888 pro
451 842 586 888 quibus
619 848 789 888 pugnant
827 842 956 876 Boeoti
993 842 1086 877 duce
1123 842 1403 887 Epaminonda3
1443 848 1483 876 et

95 901 372 942 Mammenses,
412 911 570 945 quorum
601 900 692 934 socii
725 905 811 934 sunt
848 899 1085 934 Athenienses
1117 907 1154 932 et
1182 899 1481 935 Lacedaemonii.

96 955 135 989 in
167 956 366 990 Arcadiam
402 956 715 1001 Lacedaemonii,
749 957 789 989 in
827 956 956 989 urbem
996 956 1168 1001 Spartam
1205 957 1482 1001 Epaminondas

94 1012 344 1047 incursionem
384 1013 475 1046 facit
507 1010 605 1061 [82.].
642 1014 773 1058 Sparta
801 1012 950 1046 fortiter
981 1012 1132 1047 defensa
1167 1019 1298 1048 contra
1328 1014 1481 1059 Epami-

95 1069 244 1103 nondae
269 1070 471 1105 acerrimos
505 1070 663 1115 impetus
696 1066 796 1116 [83.].
832 1069 918 1102 inde
947 1069 1224 1114 Epaminondas
1253 1070 1375 1105 subito
1411 1070 1481 1104 im-

94 1131 185 1170 petu
206 1127 441 1160 Mantineam
469 1126 682 1171 opprimere
707 1131 831 1170 parat,
860 1126 923 1159 sed
952 1137 1040 1160 ecce
1068 1132 1186 1161 totam
1213 1127 1373 1162 hostium
1404 1128 1482 1162 vim

94 1181 243 1216 obviam
278 1182 403 1220 habet.
443 1193 617 1217 recensus
654 1181 844 1228 copiarum
878 1183 924 1215 ab
962 1190 1121 1228 utraque
1161 1190 1265 1229 parte
1301 1181 1403 1232 [84.].
1434 1184 1480 1219 de

94 1249 242 1273 summa
269 1251 311 1274 re
340 1246 531 1274 certamen
561 1239 678 1273 initur
703 1238 977 1274 atrocissimum
1008 1239 1106 1285 apud
1134 1241 1379 1279 Mantineam.
1424 1241 1481 1276 in-

95 1301 256 1330 structae
294 1297 393 1330 acies
431 1295 705 1331 describuntur.
747 1296 930 1341 proelium
971 1302 1140 1342 equestre
1179 1297 1329 1332 initium
1373 1298 1478 1336 facit.

97 1352 228 1386 Boeoti
265 1364 309 1387 ac
338 1353 507 1389 Thessali
546 1353 706 1387 victores
738 1349 838 1400 [85,].
878 1353 1046 1399 sequitur
1083 1353 1269 1399 proelium
1297 1355 1481 1400 pedestre.

96 1408 253 1443 victoria
281 1409 404 1446 dubia.
451 1409 607 1444 tandem
644 1410 691 1444 ad
723 1409 969 1443 dirimendam
1007 1421 1171 1455 pugnam
1206 1411 1482 1456 Epaminondas

94 1464 173 1510 ipse
210 1465 411 1500 invehitur.
467 1478 541 1512 quo
583 1467 684 1501 facto
722 1466 1102 1500 Lacedaemoniorum
1142 1467 1238 1501 acies
1278 1468 1482 1503 inclinatur

97 1517 199 1569 [86.].
229 1523 506 1568 Epaminondae
544 1535 646 1557 mors
685 1523 932 1567 nobilissima,
961 1523 1155 1558 morientis
1192 1524 1305 1558 verba
1343 1525 1482 1571 gravis-

96 1578 191 1612 sima
223 1575 321 1629 [87.].
363 1580 575 1614 encomium
616 1580 895 1625 Epaminondae
937 1575 1035 1627 [88.].
1075 1591 1145 1625 pax
1173 1581 1348 1615 convenit
1382 1581 1481 1616 inter

97 1635 284 1680 Graecos,
327 1637 502 1671 adiuncto
547 1637 733 1671 societatis
772 1636 941 1680 foedere,
987 1648 1060 1682 quo
1102 1636 1172 1671 soli
1220 1637 1482 1673 abstinuerunt

96 1691 390 1728 Lacedaemonii.
464 1693 616 1727 Adiecta
660 1693 793 1728 notitia
836 1692 1120 1736 historicorum,
1157 1705 1318 1740 quorum
1368 1706 1480 1740 opera
1536 1730 1557 1741 ,-

97 1748 170 1782 hoc
209 1761 308 1784 anno
344 1750 518 1784 desinunt
557 1746 658 1798 [89.].
708 1750 853 1785 Bellum
891 1755 975 1794 post
1013 1750 1105 1783 haec
1142 1751 1405 1796 gravissimum
1443 1753 1481 1786 in

97 1807 338 1841 Artaxerxem
365 1818 493 1854 regem
522 1807 655 1851 oritur,
672 1807 771 1853 quod
800 1812 954 1841 movent
981 1805 1108 1850 plures
1133 1807 1260 1852 simul,
1280 1809 1417 1842 Graeci
1442 1809 1482 1843 in
1534 1801 1541 1809 ⁴

97 1863 202 1907 Asia,
237 1870 406 1909 satrapae
441 1864 621 1908 rebelles,
660 1864 806 1898 'rachos
840 1874 903 1896 rex
939 1863 1229 1909 Aegyptiorum,
1267 1870 1338 1899 etc.
1378 1862 1481 1914 [9o.].

99 1919 163 1964 qui
200 1931 222 1954 a
257 1931 346 1967 rege
387 1920 620 1964 defecerant,
659 1920 751 1954 belli
791 1931 978 1954 summam
1023 1919 1187 1954 Orontae
1231 1922 1481 1956 committunt.

98 1974 162 2009 hic
202 1977 362 2022 acceptis
409 1978 575 2022 pecuniis
622 1977 770 2011 eosdem
808 1977 890 2023 regi
930 1976 1065 2022 prodit.
1115 1977 1217 2012 aliud
1262 1979 1482 2023 proditionis

100 2033 312 2079 exemplum
341 2034 651 2068 Mithrobarzanis
686 2034 726 2067 in
755 2035 977 2076 Datamem,
1017 2032 1082 2079 qui
1110 2045 1131 2068 a
1162 2045 1251 2080 rege
1282 2036 1480 2080 defecerat,

100 2095 139 2123 et
167 2090 354 2135 quomodo
384 2091 514 2125 eadem
545 2103 566 2124 a
595 2093 752 2126 Datame
781 2090 882 2125 elusa
917 2091 1033 2125 fuerit
1064 2087 1163 2139 [91.].
1190 2091 1283 2125 alius
1313 2093 1482 2137 proditor

97 2146 360 2181 Rheomithres
388 2159 484 2181 nova
512 2147 746 2193 proditorum
774 2147 984 2193 proditione
1015 2158 1102 2182 cum
1130 2159 1219 2193 rege
1247 2148 1287 2182 in
1319 2150 1482 2195 gratiam

97 2202 206 2239 redit.
246 2204 388 2238 interea
416 2205 558 2239 'rachos
587 2215 654 2238 rex
683 2204 837 2251 Aegypti
871 2216 957 2238 cum
987 2204 1034 2238 ad
1062 2203 1205 2238 bellum
1233 2211 1366 2241 contra
1395 2209 1483 2242 Per-

98 2271 156 2293 sas
185 2262 390 2305 gerendum
426 2261 616 2306 profectus
646 2268 757 2304 esset,
789 2261 1000 2305 proditione
1031 2260 1107 2294 eius
1138 2262 1198 2295 cui
1226 2273 1384 2308 regnum
1418 2263 1482 2297 ad-

98 2315 387 2352 ministrandum
415 2319 657 2352 mandaverat
691 2329 808 2364 regno
846 2317 1003 2353 exuitur.
1042 2316 1096 2351 ita
1134 2318 1310 2363 deceptus
1337 2320 1384 2354 ad
1413 2321 1482 2355 Ar—

98 2378 288 2407 taxerxem
324 2375 467 2409 hostem
500 2375 688 2421 confugit,
728 2386 751 2410 a
788 2386 860 2420 quo
901 2373 991 2409 belli
1029 2380 1159 2409 contra
1186 2377 1385 2422 Aegyptios
1414 2388 1480 2424 ge-

99 2429 207 2464 rendi
241 2430 313 2464 dux
343 2432 582 2467 constituitur
612 2429 712 2480 [92].
738 2432 802 2466 sed
829 2431 933 2466 brevi
962 2433 1176 2467 Artaxerxes
1203 2433 1388 2479 moritur,
1419 2434 1481 2468 cui

102 2486 232 2521 Ochus
261 2489 436 2523 succedit.
481 2500 556 2537 quo
593 2489 694 2523 facto
724 2488 866 2523 Tachos
903 2488 951 2522 ad
979 2488 1189 2534 Agesilaum
1219 2489 1382 2535 rediisse,
1411 2491 1480 2524 hu-

100 2542 229 2589 iusque
258 2544 394 2578 virtute
421 2551 458 2579 et
485 2545 681 2592 prudentia
709 2557 868 2593 regnum
895 2557 1128 2592 recuperasse
1161 2545 1308 2582 dicitur.
1352 2547 1478 2593 Agesi-

99 2599 182 2634 laus
211 2601 372 2645 acceptis
399 2602 544 2648 magnis
576 2603 792 2638 muneribus
819 2603 859 2637 in
886 2602 1009 2636 reditu
1048 2602 1087 2636 in
1122 2603 1282 2648 patriam
1310 2603 1385 2637 vita
1415 2603 1479 2637 de-

100 2655 272 2702 fungitur
302 2653 400 2704 [93.].
428 2659 527 2694 inter
556 2660 713 2695 Arcades
741 2661 789 2694 ob
819 2659 915 2694 cives
949 2670 970 2694 e
999 2659 1227 2707 Megalopoli
1256 2660 1296 2694 in
1324 2661 1478 2705 antiqua

100 2712 238 2758 oppida
270 2714 472 2760 migrantes
508 2716 597 2750 novi
635 2718 817 2751 tumultus
855 2715 941 2752 orti.
987 2715 1054 2750 hos
1090 2717 1329 2750 Athenienses
1365 2716 1477 2750 misso

99 2769 300 2805 Pammene
329 2782 416 2805 cum
452 2773 618 2808 exercitu
647 2778 947 2820 composuerunt.
996 2772 1178 2807 Adiicitur
1205 2772 1338 2810 notitia
1365 2774 1478 2807 Atha-

99 2836 169 2860 nae
204 2827 369 2862 historici
405 2829 591 2874 Syracusii
633 2827 735 2878 [94.].
786 2828 990 2865 Alexander
1028 2830 1213 2864 Pheraeus
1248 2828 1479 2864 incursiones
1492 2826 1569 2864 104.

1078 2895 1163 2934 100
1180 2895 1204 2919 *
1507 2883 1540 2922 4.
