1820 3249
263 208 375 249 1224
622 201 737 244 LIB.
774 200 904 243 XV11.
963 200 1094 245 cAP.
1121 206 1190 245 99.
1219 206 1288 246 91.

260 314 448 373 βασιλέα
500 312 642 371 ὄνομα
690 311 956 383 Ἐμβίσαρον
995 292 1383 385 καταπληξάμενος
1426 314 1647 384 ἠνάγκασε

267 378 410 416 ποιεῖν
438 371 487 415 τὸ
523 370 919 442 προςταττόμενον·
951 369 1084 422 αὐτὸς
1114 373 1160 415 63
1191 372 1297 426 μετὰ
1324 377 1400 424 τῆς
1423 372 1649 428 δυνάμεως

269 427 460 484 περάσας
495 429 573 472 τὸν
611 428 807 484 ποταμὸν
843 432 1031 498 προῆγε
1050 428 1123 471 διὰ
1163 429 1305 484 χώρας
1343 428 1474 486 άρετῆ
1504 432 1651 499 διαφε

180 490 243 532 75
274 485 451 556 ρούσης.
512 485 707 539 δένδρων
742 485 826 540 γάρ
865 490 948 538 εἰχε
985 482 1090 555 γένη
1133 485 1442 529 διαλλάττοντα
1485 487 1558 529 καὶ
1601 485 1651 529 τὸ

274 543 359 613 μὲν
382 544 495 593 ὕψος
526 543 679 609 ἔχοντα
707 545 856 596 πηχῶν
886 540 1197 611 ἑβδομήκοντα,
1227 542 1276 586 τὸ
1306 543 1352 586 63
1371 540 1507 597 πάχος
1528 541 1653 598 μόγις

274 598 363 644 υπὸ
402 598 619 652 τεττάρων
650 595 826 666 ανδρῶν
854 596 1282 670 περιλαμβανόμενα,
1322 604 1455 653 τριῶν
1485 598 1531 643 63
1561 599 1656 642 πλέ-

270 662 405 710 θρων
435 656 566 700 σκιὰν
591 659 818 700 ποιοῦντα.
876 659 960 710 εἰχε
992 654 1038 698 63
1067 656 1141 699 καὶ
1170 654 1196 712 ἡ
1226 656 1347 711 χώρα
1375 656 1522 710 ὄφεων
1550 660 1655 711 πλῆ-

190 720 246 760 80
274 720 372 764 θος,
403 717 573 769 μικρῶν
606 711 691 781 μὲν
718 717 810 762 τοῖς
839 713 1049 767 μεγέθεσι,
1079 717 1172 763 ταῖς
1203 714 1248 756 63
1277 715 1511 764 ποικιλίαις
1541 713 1655 768 ἐξηλ-

274 770 515 825 λαγμένων.
575 770 620 813 οἱ
647 767 739 824 μὲν
765 768 849 824 γὰρ
887 770 1147 829 χαλκοειδεῖς
1178 769 1370 837 ράβδους
1401 768 1653 825 έπέφαινον,

276 829 320 870 οἱ
351 826 396 895 63
425 826 503 896 τὴν
534 823 677 881 λόφην
706 827 883 871 δασεῖαν
913 840 1030 880 ειχον
1042 824 1258 895 τριχῶδη,
1291 825 1363 895 δια
1394 827 1440 870 63
1468 830 1557 869 τῶν
1584 828 1656 882 δη-

265 881 452 950 γμάτων
483 882 599 936 ὀξεῖς
606 881 842 933 θανάτους
872 879 1197 936 ἀπειργάζοντο.
1257 881 1336 926 τόν
1366 882 1411 925 63
1439 881 1655 938 πληγέντα

275 940 406 986 πόνοι
444 940 579 985 δεινοὶ
607 944 821 994 συνεῖχον
854 938 929 981 καὶ
970 937 1094 993 ῥύσις
1133 939 1315 992 ἱδρῶτος
1352 940 1657 992 αἱματοειδοῦς

191 1000 246 1044 85
277 1003 455 1067 κατεῖχε.
514 994 663 1050 διόπερ
696 997 738 1039 οἱ
767 993 1042 1046 Μακεδόνες,
1084 997 1236 1046 δεινῶς
1264 995 1354 1039 ὑπὸ
1381 999 1469 1039 τῶν
1495 995 1657 1050 δηγμά-

276 1070 366 1097 των
395 1053 757 1104 άπαλλάττοντες,
803 1052 879 1101 τὰς
908 1053 1061 1102 κλίνας
1090 1050 1176 1095 άπὸ
1207 1056 1293 1095 τῶν
1321 1051 1514 1105 δένδρων
1543 1051 1660 1121 ἐξήρ-

276 1127 366 1155 των
395 1110 469 1154 καὶ
496 1110 545 1153 τὸ
575 1114 778 1153 πλεῖστον
811 1112 887 1164 τῆς
915 1107 1073 1159 νυκτὸς
1107 1109 1416 1179 διηγρύπνουν.
1477 1125 1584 1163 μετα
1613 1108 1660 1152 63

277 1171 417 1214 ’ταῦτα
445 1165 566 1221 παρὰ
594 1170 684 1209 τῶν
720 1166 940 1224 ἐγχωρίων
967 1163 1183 1221 μαθόντες
1215 1166 1295 1223 τὴν
1324 1164 1661 1222 ἀντιφάρμακον

190 1253 246 1292 91
279 1224 416 1282 ῥίζαν,
452 1223 748 1294 απελύθησαν
762 1225 850 1273 τῶν
881 1224 1052 1265 δεινῶν.

192 1313 248 1351 9⁰
277 1280 660 1407 ἄπαιῇἒὲἶίἷζῖἓς
656 1278 726 1380 οἵ.
750 1276 1662 1406 0333ἔοςμὶᾝέίἒξῗαῖἶῗὶιζ’ἔοέξιτῗέἒ

276 1393 747 1463 καταπεπολεμημένον
795 1392 988 1446 Πώρου,
1039 1410 1120 1448 την
1164 1394 1389 1462 βασιλείαν
1433 1392 1737 1436 ἄπολιπων231

277 1451 497 1507 πέφευγεν
527 1453 585 1501 εἰς
614 1449 664 1494 τό
696 1454 786 1493 τῶν
819 1451 1110 1503 Γανδαριδῶν
1141 1450 1285 1500 ἔθνος.
1347 1447 1371 1493 6
1403 1449 1441 1494 δ’
1472 1448 1661 1502 Ἀλέξαν-

191 1517 248 1560 95
279 1512 383 1564 δρος
418 1507 715 1562 παροξυνθεὶς
749 1505 1046 1574 ἹΙφαιστίωνα
1083 1505 1161 1561 μὲν
1209 1506 1440 1561 ἐξέπεμψεν
1482 1508 1541 1558 εἰς
1580 1505 1662 1561 τήν

276 1565 440 1610 τούτου
470 1564 617 1621 χῶραν
648 1580 752 1619 μετα
784 1561 1034 1617 δυνάμεως,
1072 1564 1145 1608 καὶ
1175 1562 1406 1632 προςέταξε
1417 1579 1514 1633 την
1545 1566 1663 1618 βασι-

275 1624 398 1667 λείαν
427 1624 708 1675 παραδοῦναι
736 1623 797 1678 τῷ
827 1619 926 1690 μεθ’
959 1620 1121 1663 ἑαυτοῦ
1154 1619 1310 1678 Πώρῳ.
1371 1618 1502 1671 αὐτὸς
1533 1594 1574 1691 6'
1603 1621 1663 1670 εἰς

277 1679 327 1723 τὸ
347 1683 436 1722 τῶν
454 1678 698 1748 Ἀδρηστῶν
716 1665 999 1745 καλουμένων
1021 1677 1150 1728 ε’θνος
1177 1675 1452 1730 στρατεύσας,
1483 1677 1556 1720 καὶ
1574 1681 1663 1720 τῶν

276 1735 450 1806 πόλεων
479 1735 529 1786 ἃς
557 1735 644 1804 μὲν
667 1736 741 1791 βία
771 1732 1114 1803 χειρωσάμενος
1125 1751 1175 1784 ας
1205 1735 1250 1777 63
1280 1739 1433 1779 πειθοῖ
1449 1748 1664 1788 προςαγα-

167 1804 248 1844 100
277 1794 476 1864 γόμενος,
507 1794 566 1843 εἰς
596 1790 676 1846 τὴν
696 1793 784 1836 τῶν
808 1792 1025 1836 Καθαίων
1053 1789 1201 1846 χῶραν
1231 1791 1503 1860 παρεγένετο.
1542 1790 1665 1844 παρὰ

279 1851 326 1898 63
356 1849 530 1900 τούτοις
565 1847 756 1904 νόμιμον
792 1850 848 1903 ἡν
877 1847 953 1898 τάς
982 1853 1195 1902 γυναῖκας
1224 1853 1315 1897 τοῖς
1345 1845 1531 1900 άνδράσι
1563 1858 1665 1902 συγ-

279 1908 607 1951 κατακαίεσθαι.
667 1907 800 1948 τοῦτο
843 1900 882 1947 δ’
928 1903 1133 1960 ἐκυρώθη
1173 1903 1221 1946 τὸ
1255 1904 1395 1959 δόγμα
1424 1902 1542 1958 παρὰ
1573 1908 1665 1956 τοῖς

279 1964 521 2034 βαρβάροις
563 1961 635 2005 διὰ
672 1962 778 2016 μίαν
807 1965 996 2015 γυναῖκα
1028 1960 1280 2016 φαρμάκοις
1309 1960 1552 2005 ἀνελοῦσαν
1583 1960 1664 2005 τόν

222 2028 249 2071 5
270 2020 434 2074 άνδρα.
498 2018 523 2063 ὁ
564 2015 604 2062 δ’
645 2034 727 2061 ουν
768 2018 969 2072 βασιλευς
1004 2035 1082 2073 την
1111 2020 1314 2089 μεγίστην
1342 2018 1415 2061 καὶ
1449 2016 1666 2088 ὀχυρωτά-

277 2094 360 2134 την
390 2076 520 2122 πόλιν
553 2091 658 2145 μετα
687 2078 863 2118 πολλῶν
885 2074 1106 2118 κινδύνων
1125 2074 1468 2130 ἐκπολιορκήσας
1488 2075 1663 2144 ἐνέπρη-

279 2147 366 2179 σεν.
425 2133 561 2188 ἄλλην
583 2130 629 2181 δ’
650 2130 882 2186 ἀξιόλογον
901 2135 1249 2203 πολιορκοῦντος
1276 2131 1427 2183 αὐτοῦ,
1462 2131 1537 2174 καὶ
1560 2129 1661 2184 μεθ’

267 2194 506 2248 ,ἱκετηριῶν
535 2187 781 2247 δεηθέντων
804 2191 892 2233 τῶν
920 2187 1079 2242 Ἰνδῶν,
1111 2187 1299 2236 ἀπέλυσε
1327 2192 1417 2235 τῶν
1439 2186 1663 2232 κινδύνων

226 2337 233 2347 ·.
276 2293 335 2344 71.
367 2302 616 2349 Ἐμβίσαρον]
653 2299 907 2360 Σαβαρσάνην
930 2302 1043 2346 FLQ,
1068 2300 1290 2359 Σαβισάρην
1314 2302 1345 2347 Q
1369 2303 1480 2344 Bas„
1521 2303 1665 2337 sabisa-

276 2364 355 2388 rum
379 2352 444 2385 Cos
431 2363 534 2394 pus,
581 2348 850 2404 Σασαβισάρην
874 2350 927 2391 Y,
972 2348 1263 2405 Σασαβισάρνην
1287 2349 1343 2391 Τ,
1392 2360 1517 2393 margo
1541 2350 1572 2383 F

415 2397 474 2434 77.
521 2394 896 2442 περιλαμβανόμενα]
927 2395 1293 2453 περιλαμβανόμενον
1319 2374 1349 2438 Q
1374 2395 1457 2428 Bas.

276 2445 334 2479 78.
381 2445 586 2488 ποιοῦντα]
613 2443 825 2478 ποιούντων
850 2441 883 2475 Τ
908 2442 989 2477 Bas.
1174 2443 1231 2477 80.
1267 2440 1469 2484 επέφαινον
1486 2443 1553 2476 ΤΧ
1572 2443 1665 2486 Bas,

275 2491 407 2526 caeteri
431 2490 561 2527 addunt
583 2487 868 2532 ἐξομοιοῦσθαι,
890 2490 983 2531 quod
1006 2487 1169 2526 asterisco
1192 2488 1326 2523 notavit
1353 2488 1551 2530 Stephanus

369 2536 425 2572 82.
476 2535 541 2575 διρὶ
567 2534 606 2575 63
630 2537 670 2578 L,
695 2535 823 2570 caeteri
848 2532 911 2570 διά
935 2546 972 2571 τε
1156 2534 1214 2570 85.
1262 2547 1335 2570 vno
1360 2535 1433 2571 τῶν
1460 2536 1566 2579 δηγμ
1594 2547 1663 2570 om.

276 2582 343 2617 ΤΧ
378 2583 464 2616 Bas.
658 2561 975 2624 α’παλλάττοντες]
1007 2579 1207 2628 πάσχοντες
1228 2581 1260 2615 F
1458 2582 1515 2617 86.
1563 2579 1661 2627 άπὸ]

275 2625 371 2672 ’ὑπὲρ
395 2628 456 2662 FL
642 2628 699 2662 99.
749 2625 787 2662 δ’
812 2629 842 2660 F

351 2642 450 2708 9231.
481 2673 540 2709 93.
579 2673 857 2731 Γανδαριδῶν]
876 2673 1179 2713 ΓανδαριτῶνΤ
1209 2673 1451 2718 Γαγγαριδῶν
1469 2674 1564 2716 Bas„
1586 2674 1665 2706 Cos-

276 2733 342 2766 pus
365 2724 559 2755 constanter
743 2720 800 2755 97.
847 2717 1051 2775 Ἀδρηστῶν
1075 2719 1104 2752 Ι
1118 2744 1127 2761 ,
1152 2718 1223 2764 άδρ
1227 2721 1340 2754 εσταῖν
1364 2721 1417 2760 F,
1442 2699 1571 2753 (παρίοι-’ἰ
1593 2717 1665 2754 Ἀν-

279 2767 443 2809 δρεστῶν
627 2767 684 2802 98.
730 2764 893 2809 καλουμέ
896 2778 970 2800 νων
993 2765 1209 2809 Stephanus:
1240 2766 1323 2800 libri
1347 2764 1595 2810 καλούμενον

278 2814 337 2850 99.
385 2810 735 2858 προςαγαγόμενος]
774 2809 1049 2866 προςαγόμενος
1071 2813 1155 2846 Bas.
1349 2813 1429 2846 1⁰0.
1481 2811 1665 2849 Καθαίων

283 2860 366 2897 We„
360 2860 556 2907 selingius:
595 2860 679 2895 libri
704 2860 898 2904 Καθαρῶν
1082 2857 1116 2893 4.
1166 2856 1208 2894 δ’
1224 2855 1324 2903 οὖν]
1362 2856 1398 2893 6'
1422 2860 1454 2893 F
