1820 3249
276 138 388 180 1538
704 131 822 172 LlB.
848 131 937 173 XX.
998 132 1131 175 cAP.
1161 137 1228 176 88

280 250 379 304 λῆς,
411 247 456 290 οἱ
489 261 570 302 μεν
601 244 720 298 παρά
749 248 841 296 τοῖς
864 243 1050 297 Ῥοδίοις
1076 244 1318 317 ναύκληροι
1347 244 1665 316 διαγωνιάσαν-

280 321 350 355 τες
387 303 489 358 περὶ
527 318 617 346 των
652 302 820 345 πλοίων
855 302 1120 371 κατέσβεσαν
1162 303 1215 347 τά
1263 302 1500 375 πυρφόρα,
1537 304 1582 345 οἱ
1617 302 1666 346 δὲ

279 360 518 416 πρυτάνεις
547 357 887 410 κινδυνεύοντος
916 357 1081 403 ἁλῶναι
1107 363 1190 404 τοῦ
1213 360 1401 430 λιμένος
1428 358 1665 427 παρεκάλε-

281 431 366 462 σαν
415 417 522 467 τούς
561 414 768 471 ἀρίστους
816 419 905 459 τῶν
947 420 1136 460 πολιτῶν
1172 416 1253 461 τόν
1302 417 1439 474 ὑπὲρ
1458 420 1533 473 τῆς
1573 431 1664 459 κοι-

278 479 359 531 νῆς
383 474 610 543 σωτηρίας
629 472 865 528 υπομεῖναι
892 473 1118 517 κίνδυνον.
1175 477 1353 518 πολλῶν
1381 476 1466 516 οὐν
1492 471 1665 526 προθύ-

279 548 372 588 μως
407 527 756 581 ὑπακουόντων,
793 534 931 601 τρεῖς
945 534 1058 581 ναῦς
1098 530 1175 582 τὰς
1213 533 1446 586 κρατίστας
1473 529 1666 585 ἐπλήρω-
1692 565 1698 569 .

195 591 250 636 40
281 600 366 633 σαν
395 585 629 631 ἐπιλέκτων
657 585 855 656 ἄνδρων,
886 583 952 637 οἷς
981 585 1280 656 παρήγγειλαν
1309 591 1546 643 πειρᾶσθαι
1575 589 1668 636 τοῖς

280 642 487 702 ἐμβόλοις
525 644 749 701 βυθίσαι
745 642 799 686 τὰ
836 647 970 686 πλοῖα
999 659 1053 686 τα
1089 643 1166 694 τοὶς
1202 661 1394 700 μηχανας
1431 644 1668 715 κομίζοντα

279 718 370 746 των
399 702 631 756 πολεμίων.
692 702 818 743 οὑτοι
847 700 926 755 μὲν
956 701 1066 752 οὐν,
1094 701 1249 756 καίπερ
1281 704 1459 744 πολλων
1488 699 1558 743 ἐπ’
1592 692 1668 742 αύ-

280 775 386 810 τους
422 758 682 828 φερομένων
702 759 882 825 βελων,
921 754 1140 811 ωσάμενοι
1176 757 1227 800 τὸ
1263 757 1344 813 μὲν
1381 772 1560 812 πρωτον
1588 754 1670 798 τόν

282 815 634 885 σεσιδηρωμένον
663 812 833 868 χάρακα
871 812 1132 866 διέσπασαν,
1162 818 1255 865 τοῖς
1285 814 1332 857 δὲ
1360 814 1532 863 πλοίοις
1561 816 1668 856 πολ-

196 877 250 920 45
280 874 358 924 λὰς
395 870 585 928 έμβολας
617 871 791 922 δόντες,
831 870 906 913 καὶ
943 869 1163 941 θαλάττης
1202 869 1315 914 αὐτά
1363 870 1671 942 πληρώσαντες

281 929 366 975 δύο
407 929 488 983 μὲν
526 943 615 971 των
655 929 862 996 μηχανῶν
901 927 1168 997 κατέβαλον,
1209 931 1286 984 τῆς
1323 927 1371 971 δὲ
1395 928 1549 999 τρίτης
1577 923 1668 969 ύπό

281 991 372 1030 τῶν
406 984 504 1041 περὶ
544 984 624 1028 τόν
649 982 918 1055 Δημητριον
946 985 1008 1035 εἰς
1034 982 1232 1028 τούπίσω
1259 989 1352 1035 τοῖς
1383 983 1577 1040 ρύμασιν
1605 981 1670 1025 έλ-

280 1041 493 1099 κομένης,
534 1042 578 1085 οἱ
615 1057 696 1096 μεν
729 1039 893 1084 Ρόδιοι
922 1040 1226 1097 θαρρήσαντες
1254 1046 1347 1092 τοῖς
1380 1038 1671 1109 κατωρθωμέ-

196 1103 252 1148 50
280 1116 378 1150 νοις
419 1096 700 1168 θρασύτερον
738 1100 820 1141 τοῦ
866 1098 1141 1167 καθηκοντος
1174 1097 1446 1153 προέπιπτον
1495 1098 1556 1148 εἰς
1592 1095 1672 1139 τὸν

282 1158 509 1202 κίνδυνον.
567 1154 638 1198 διὸ
678 1156 858 1198 πολλῶν
889 1152 1040 1205 αὐτοῖς
1077 1155 1152 1198 καὶ
1171 1154 1384 1224 μεγάλων
1411 1157 1527 1197 νεῶν
1555 1167 1673 1206 περι-

282 1216 505 1286 χυθεισων
541 1211 615 1255 καὶ
654 1216 746 1261 τοῖς
791 1209 996 1281 ἐμβόλοις
1042 1209 1182 1254 πολλα
1230 1212 1340 1267 μέρη
1382 1214 1471 1253 τῶν
1513 1211 1673 1279 τοίχων

285 1271 681 1341 ἀναρρηττουσων,
712 1267 736 1311 ὁ
767 1284 845 1337 μεν
874 1267 1097 1322 ναύαρχος
1122 1265 1370 1322 Ἐξήκεστος
1397 1267 1471 1310 καὶ
1502 1263 1526 1309 6
1556 1264 1676 1320 τριή-

284 1343 449 1398 ραρχος
485 1326 562 1369 καί
597 1340 712 1375 τινες
759 1323 886 1367 ἄλλοι
924 1323 1433 1378 κατατραυματισθέντες
1471 1322 1674 1392 ἥλωσαν·

199 1389 255 1434 55
283 1388 367 1429 τοῦ
398 1382 441 1427 δ’
475 1381 613 1425 ἄλλου
641 1379 844 1435 πλήθους
873 1380 1280 1436 εκκολυμβήσαντος
1311 1381 1386 1424 καὶ
1419 1378 1674 1434 διανηξαμέ-

285 1458 370 1486 νου
406 1439 519 1496 πρός
557 1453 663 1489 τους
703 1439 868 1489 ἰδίους,
907 1438 985 1505 μία
1021 1438 1103 1493 μὲν
1141 1441 1232 1481 τῶν
1269 1453 1385 1481 νεων
1422 1437 1674 1492 ’ὑποχείριος

285 1499 454 1569 ἐγένετο
483 1499 576 1546 τοῖς
604 1494 704 1551 περὶ
731 1494 810 1538 τὸν
831 1492 1118 1567 Δημητριον,
1148 1496 1195 1538 αἱ
1225 1492 1268 1538 δ’
1296 1493 1425 1538 άλλαι
1461 1495 1675 1565 διέφυγον

285 1554 365 1599 τὸν
393 1554 618 1598 κίνδυνον.
675 1549 878 1621 τοιαύτης
908 1557 993 1594 οὐν
1030 1551 1267 1621 γενομένης
1304 1555 1381 1606 τῆς
1418 1551 1677 1606 ναυμαχίας,

288 1610 313 1656 6
354 1612 436 1667 μὲν
464 1607 739 1680 Δημήτριος
757 1607 892 1678 α’λλην
930 1624 1128 1665 μηχανην
1167 1607 1456 1652 κατεσκεύασε
1493 1611 1676 1663 τριπλα-

202 1677 257 1718 60
286 1670 388 1713 σίαν
413 1671 484 1738 ,τῷ
527 1665 632 1718 ὕψει
669 1665 745 1709 καὶ
784 1664 934 1708 πλάτει
972 1669 1049 1720 τῆς
1087 1664 1317 1721 πρότερον.
1374 1664 1676 1719 προςάγοντος

289 1725 334 1770 δ’
367 1723 526 1794 αὐτην
543 1721 653 1777 πρὸς
685 1721 766 1765 τὸν
795 1721 947 1778 λιμένα
976 1721 1107 1774 νότος
1135 1722 1340 1777 ἐκνεφίας
1369 1720 1678 1776 ἐπιγενόμενος

286 1799 342 1827 τα
382 1797 463 1852 μεν
503 1778 730 1849 ὁρμοῦντα
762 1782 853 1822 τῶν
892 1780 1059 1822 πλοίων
1096 1778 1356 1830 συνέκλυσε,
1392 1778 1474 1834 τὴν
1513 1779 1559 1821 δὲ
1597 1793 1675 1832 μη-

288 1854 427 1896 χανην
454 1836 678 1892 κατέβαλε.
724 1833 834 1879 καθ’
867 1835 922 1878 ὃν
951 1834 1005 1892 δὴ
1032 1836 1197 1906 χρόνον
1227 1838 1272 1879 οι
1296 1834 1457 1879 Ῥόδιοι
1485 1837 1546 1889 τῷ
1574 1849 1676 1878 και·-

204 1899 260 1944 65
291 1900 355 1967 ρῷ
385 1896 537 1946 δεξιως
573 1891 841 1962 χρησάμενοι
876 1890 1023 1948 πύλην
1061 1891 1312 1945 ἀνοίξαντες
1344 1891 1549 1935 ἐπέθεντο
1581 1894 1676 1940 τοῖς

287 1952 338 1998 τό
357 1955 500 2022 χῶμα
542 1948 838 2022 κατειληφόσι.
907 1948 1143 2019 γενομένης
1181 1949 1227 1993 δὲ
1257 1948 1396 2019 μάχης
1424 1948 1493 1992 ἐπὶ
1530 1946 1676 1990 πολύν

289 2008 451 2081 χρόνον
480 2009 684 2077 ἰσχυρᾶς,
712 2006 787 2050 καὶ
813 2008 894 2049 τοῦ
925 2022 1004 2061 μεν
1031 2008 1288 2077 Δημητρίου
1319 2005 1392 2049 διά
1420 2005 1500 2048 τὸν
1526 2019 1677 2060 χειμω-

291 2082 349 2112 να
377 2066 437 2122 μὴ
476 2063 726 2121 δυναμένου
756 2065 997 2119 βοηθῆσαι,
1038 2067 1128 2107 τῶν
1167 2063 1215 2107 δὲ
1239 2062 1420 2107 Ροδίων
1448 2061 1496 2105 ἐκ
1525 2062 1676 2105 διαδο-

195 313 220 352 02

226 310 250 352 <71
237 277 247 286 α

294 2223 355 2260 34.
390 2221 722 2269 διαγωνιάσαντες]
756 2223 1040 2279 διαγωνίσαντες
1067 2223 1114 2257 W
1145 2223 1230 2258 Bas.
1265 2224 1299 2256 et
1324 2233 1349 2256 α
1371 2232 1475 2266 super
1497 2230 1534 2255 ισ
1563 2219 1677 2275 posito

294 2271 327 2304 F
510 2270 569 2304 35.
599 2270 646 2307 τά
680 2269 886 2324 πυρφόρα]
919 2268 986 2309 τάς
1008 2266 1227 2315 πυρφόρους
1251 2269 1317 2302 ΤΥ
1341 2269 1422 2302 Bas.
1433 2277 1560 2310 ,quos
1591 2263 1679 2306 τούς

296 2316 423 2350 saltem
447 2315 606 2351 debuisse
635 2318 770 2351 monuit
793 2316 892 2350 Wess
895 2314 1045 2370 elingius
1237 2314 1295 2351 37.
1325 2311 1538 2369 ῧπομεῖναι]
1562 2312 1678 2356 αιρεῖ-

299 2364 392 2397 σθαι
414 2362 494 2404 QW
526 2366 561 2396 et
576 2363 653 2411 qui
675 2364 711 2398 in
744 2374 855 2418 marg.
880 2375 936 2406 γρ.
968 2358 1169 2405 ’ὑπομεῖναι
1192 2361 1223 2394 F
1407 2360 1464 2394 38.
1490 2362 1560 2395 οὐν
1581 2360 1679 2400 Bas„

298 2407 428 2441 cacteni
450 2405 518 2451 μὲν
542 2421 611 2443 ουν
793 2406 1080 2464 ὑπακουόντων]
1102 2403 1395 2442 ὑπακουσάντων
1419 2406 1497 2439 1⁴W

299 2454 358 2488 39.
381 2466 448 2494 τας
471 2465 541 2487 οιιι.
568 2456 650 2489 Bas.
832 2454 890 2488 45.
915 2452 1011 2489 αὐτοὶ
1032 2465 1101 2488 οιιι.
1125 2455 1157 2488 F
1339 2453 1398 2486 49.
1432 2449 1677 2508 προέπιπτον]

300 2498 550 2579 προςῖπιπτον
571 2501 650 2536 FW
814 2499 871 2534 50
897 2499 1025 2541 αὐτοῖς
1046 2499 1108 2535 καὶ
1130 2497 1312 2556 μεγάλων]
1336 2498 1399 2533 καὶ
1421 2496 1585 2542 μεγάλων
1609 2496 1677 2532 αύ-

301 2558 514 2673 ξίῗτοῖῧων
544 2592 598 2634 F,
618 2547 1096 2649 ἶῖεἶεῖἒχέἶᾎέἔῆξῗένῖω..
1240 2544 1571 2673 ἅέἒῗρξέζέἒῶὦᾟ
1591 2541 1679 2623 ‘5322

304 2681 482 2728 ἄγοντος]
503 2617 920 2743 Ζὲἒέάξάέόνῗορςοῑρέῗῧς
941 2638 1221 2730 Ξὲῖάγάῖιιόξιτῗέ
1235 2649 1278 2718 l¹⁴3
1297 2636 1376 2672 202
1393 2637 1467 2717 562.
1487 2647 1679 2739 ὁρμῖἔῖτςα

304 2741 430 2776 margo
453 2732 503 2771 F,
527 2732 654 2766 caeteri
676 2729 906 2778 ὁρμαίνοντα
1066 2732 1123 2765 (54.
1145 2731 1266 2775 πύλην
1290 2730 1344 2771 X,
1368 2727 1546 2774 πόληνΥ,
1570 2727 1677 2764 πόλιν

303 2758 406 2822 Bassi
424 2777 554 2814 caeteri
576 2776 688 2814 πάλιν
825 2777 884 2816 67.
909 2778 1100 2825 βοηθῆσαι
1121 2776 1174 2824 μή
1197 2775 1406 2822 δυναμένου
1430 2776 1461 2811 1¹*
