1820 3249
911 23 928 38 l

321 147 435 191 1218
676 143 792 199 LIB.
823 141 954 185 XVII.
1013 142 1146 185 CAP.
1173 146 1327 187 84.8ο

321 256 429 308 ὥςτε
455 252 732 310 πανταχόθεν
759 258 852 306 τοῖς
881 253 1263 327 πρόςμαχομένοις
1277 253 1486 324 ἀσφαλῶς
1508 251 1698 298 άντιτάτ·

320 318 488 357 τεσθαι.
545 311 893 382 ἀπονοηθέντων
923 311 967 355 δ’
1010 312 1158 356 αὐτῶν
1197 312 1269 356 καὶ
1308 310 1380 354 διά
1420 312 1514 378 τήν
1537 310 1700 366 τόλμαν

322 370 398 414 καὶ
432 368 506 413 διά
544 384 624 425 την
662 367 709 411 ἐν
746 374 837 419 τοῖς
867 366 1030 424 ἄγωσιν
1061 367 1219 424 ἀρετήν
1247 368 1426 424 ἰσχυρὰν
1455 366 1598 423 μάχην
1628 379 1700 410 συ-

326 426 625 482 στησαμένων,
672 428 746 468 καὶ
783 428 873 468 τῶν
911 427 1187 470 Maxe66voev
1230 425 1611 490 φιλοτιμουμένων
1639 422 1698 480 μή

237 483 294 527 35
323 487 558 538 λειφθηναι
586 485 661 543 τῆς
690 484 776 524 τῶν
806 482 1046 538 βαρβάρων
1065 480 1380 536 ἀνδραγαθίας,
1413 479 1623 549 μεγάλην
1627 497 1702 524 κα·

325 540 532 610 τάπληξιν
572 543 681 594 εῖχεν
720 537 743 581 6
782 540 996 590 κίνδυνος.
1066 539 1113 582 ἐκ
1135 540 1293 608 χειρὸς
1328 539 1409 594 γὰρ
1450 554 1525 606 της
1564 537 1703 607 μάχης

326 595 475 651 οὔσης,
506 595 580 638 καὶ
608 595 973 651 συμπλεκομένων
1001 598 1089 638 τῶν
1121 593 1456 651 ἀγωνιζομένων
1487 592 1706 649 ἀλλήλοις,

324 652 483 696 πολλαὶ
522 651 594 695 καὶ
623 656 827 695 παντοῖαι
856 652 1072 702 διαθέσεις
1100 652 1309 695 θανάτων
1338 653 1412 694 καὶ
1441 651 1705 705 τραυμάτων

239 711 296 756 40
327 709 534 765 ἐγίνοντο.
603 724 645 751 οι
682 707 767 763 γάρ
807 707 1063 758 Μακεδόνες
1100 714 1194 759 ταῖς
1243 710 1444 763 σαρίσαις
1493 706 1707 762 άναῤῥήτ-

322 782 471 816 τοντες
507 782 585 816 τας
619 768 706 807 τῶν
745 764 983 835 βαρβάρων
1023 765 1177 815 πέλτας
1206 782 1282 816 τας
1311 764 1452 820 άκμας
1480 769 1560 808 τοῦ
1589 763 1702 820 σιδή-
1715 773 1783 808 296

324 839 407 890 ρου
443 827 535 873 τοῖς
572 820 813 876 πνεύμοσιν
850 821 1098 890 ένὴρειδον·
1147 822 1189 864 οἱ
1227 822 1274 864 δὲ
1313 820 1590 877 μισθοφόροι
1627 823 1706 873 τοὶς

323 877 479 948 λόγχας
527 876 823 931 ἀκοντίζοντες
869 880 928 929 εἰς
972 877 1169 933 ἁθρόους
1207 878 1312 928 τούς
1349 881 1584 933 πολεμίους
1624 876 1707 949 οὐχ

322 933 602 1003 ἡμάρτανον,
656 933 868 990 σύνεγγυς
911 935 1114 990 κειμένου
1135 938 1232 1004 ,τοῦ
1277 940 1460 978 σκοποῦ.
1520 934 1589 978 διό
1632 951 1709 978 και

240 993 297 1038 45
325 995 502 1035 πολλῶν
531 990 609 1047 μὲν
640 991 1041 1048 ταυματιζομένων,
1092 989 1174 1035 οὐκ
1205 990 1364 1047 ὀλίγων
1395 992 1441 1035 δε
1471 990 1705 1034 τελευτων-

323 1064 436 1100 των,
489 1049 535 1091 αἱ
570 1054 775 1103 γυναῖκες
804 1049 857 1091 τά
882 1053 970 1091 τῶν
1001 1048 1224 1092 πεσόντων
1254 1048 1368 1091 ὅπλα
1398 1048 1704 1104 λαμβάνουσαι

325 1106 675 1175 συνηγωνίζοντο
705 1110 797 1156 τοῖς
828 1105 1054 1158 άνδράσιν.
1101 1104 1127 1161 ἡ
1152 1105 1233 1175 γὰρ
1266 1103 1418 1161 ὀξύτης
1447 1109 1529 1147 τοῦ
1559 1105 1706 1149 κινδύ-

324 1179 409 1206 νου
439 1162 513 1205 καὶ
541 1161 589 1205 τὸ
618 1167 694 1217 τῆς
722 1162 940 1233 ἐνεργείας
969 1162 1118 1205 δεινόν
1147 1160 1388 1216 ἠνάγκαζεν
1419 1159 1554 1212 αὐτάς
1585 1178 1706 1215 παρα

327 1217 465 1275 φύσιν
500 1217 735 1272 τρέπεσθαι
763 1219 871 1272 πρὸς
902 1219 1051 1276 άλκην.
1111 1218 1178 1262 διὸ
1217 1219 1291 1262 καὶ
1318 1235 1429 1269 τινες
1458 1219 1536 1288 μὲν
1562 1218 1708 1262 αὐτῶν

243 1276 298 1320 50
327 1279 696 1319 καθοπλισθεῖσαι
740 1275 1007 1330 συνήσπιζον
1043 1280 1137 1325 τοῖς
1176 1277 1304 1324 ἰδίοις
1345 1274 1557 1329 ἀνδράσι,
1597 1293 1711 1328 τινες

330 1333 377 1377 δε
417 1332 522 1376 ἄνευ
573 1331 720 1376 ὅπλων
767 1332 1057 1387 ἐμπίπτουσαι
1096 1348 1187 1374 των
1231 1330 1427 1375 ἀσπίδων
1466 1332 1710 1388 ἐπελαμβά-

328 1406 460 1433 νοντο
495 1388 568 1433 καὶ
605 1388 742 1433 πολλὰ
779 1406 884 1440 τους
919 1389 1157 1441 πολεμίους
1194 1387 1456 1441 ἐνεπόδιζον.
1514 1391 1633 1440 τέλος
1664 1389 1711 1434 δὲ

328 1444 486 1496 πάντες
514 1446 620 1501 μετὰ
648 1449 739 1488 τῶν
765 1450 987 1500 γυναικῶν
1009 1443 1334 1514 ἀγωνισάμενοι
1354 1446 1426 1488 καὶ
1448 1446 1712 1490 κατακοπέν-

245 1506 300 1548 55
328 1518 396 1553 τες
414 1501 503 1546 ὑπὸ
525 1506 607 1546 τοῦ
621 1501 840 1570 πλήθους,
870 1502 950 1546 τόν
970 1502 1151 1554 εὐδοξον
1175 1501 1376 1546 θάνατον
1397 1507 1477 1569 τῆς
1499 1501 1711 1558 ἀγεννοῦς

328 1560 568 1628 φιλοζωίας
605 1556 860 1630 ἠλλάξαντο.
920 1559 943 1603 6
980 1557 1021 1603 δ’
1051 1559 1329 1628 Ἀλέξανδρος
1357 1557 1435 1603 τόν
1464 1575 1507 1602 τε
1535 1559 1711 1616 αχρεῖον

328 1617 406 1660 καὶ
445 1615 642 1660 α’νοπλον
683 1616 814 1671 ὄχλον
851 1617 927 1661 καὶ
955 1633 1046 1659 των
1073 1633 1298 1671 γυναικων
1326 1616 1402 1668 τὰς
1432 1614 1712 1673 ὑπολειφθεί<

245 1704 303 1746 85
334 1684 412 1725 σας
442 1671 624 1727 ἀπάγων
652 1673 756 1724 τοὺς
785 1675 926 1723 ἱππεῖς
956 1673 1256 1729 συνεπέστησε.

574 1748 600 1772 α
961 1748 985 1772 α
1055 1745 1112 1772 πθ
1143 1746 1159 1772 ἓ

246 1764 302 1803 ⁶0
331 1729 856 1857 ..ιςῖἶῗῗτὲπῖῐιῖἔὶς
877 1729 1080 1860 αέἒειέν,
1103 1729 1712 1858 ᾗξὲῆξέῗέᾗξῖἶξῗίἰτέἕέ

331 1860 412 1900 την
429 1841 618 1897 ’Ἄορνον
642 1844 928 1914 καλουμένην.
987 1845 1046 1894 εἰς
1068 1842 1154 1898 γάρ
1172 1843 1335 1913 ταύτην
1351 1845 1395 1887 οἰ
1411 1843 1713 1914 περιλειφθέν-

331 1917 402 1951 τες
442 1916 532 1943 των
561 1900 780 1970 ἐγχωρίων
820 1900 893 1945 διά
930 1900 1011 1958 τὴν
1037 1895 1298 1971 ὑπερβολην
1326 1905 1409 1972 τῆς
1447 1898 1713 1970 ὀχυρότητος

332 1955 741 2011 κατεπεφεύγεισαν.
799 1958 966 2012 λέγεται
993 1957 1078 2013 γάρ
1103 1957 1152 2001 τὸ
1177 1956 1366 2001 παλαιόν
1381 1957 1594 2027 Ηρακλέα
1611 1958 1713 2002 ταύ-

247 2011 303 2056 65
332 2030 411 2070 την
439 2030 521 2085 την
549 2012 711 2067 πέτραν
739 2013 1054 2085 ἐπιβαλόμενον
1084 2019 1337 2069 πολιορκεῖν
1366 2013 1609 2071 ἀποστῆναι
1637 2014 1713 2059 διά

330 2087 453 2121 τινας
489 2070 825 2126 ἐπιγενομένους
862 2071 1077 2126 μεγάλους
1114 2070 1318 2127 σεισμούς
1345 2072 1419 2115 καὶ
1448 2073 1713 2144 διοσημείας.

332 2125 357 2171 6
387 2125 430 2172 δ’
469 2125 743 2182 Ἀλέξανδρος
779 2129 1030 2198 πυθόμενος
1048 2128 1164 2198 περὶ
1199 2128 1391 2180 τούτων,
1445 2127 1506 2172 ἔτι
1545 2133 1716 2185 μᾶλλον,

331 2183 604 2240 παρωξύνθη
641 2189 929 2256 πολιορκῆσαι
957 2184 1005 2228 τὸ
1029 2182 1240 2255 ὀχύρωμα
1269 2185 1344 2228 καὶ
1374 2187 1715 2259 διαμιλληθῆναι

333 2257 386 2299 τη
425 2244 506 2284 τοῦ
534 2244 644 2285 θεοῦ
675 2242 791 2311 δόξη.
820 2242 875 2313 ἡ
909 2243 954 2286 δὲ
986 2242 1121 2297 πέτρα
1149 2240 1229 2285 τὸν
1257 2258 1337 2297 μεν
1364 2243 1601 2314 περίβολον
1629 2248 1715 2315 εἰχε

252 2299 309 2341 70
338 2284 528 2342 σταδίων
565 2297 742 2353 ἑκατόν,
782 2298 831 2343 τὸ
862 2298 906 2343 δ’
935 2297 1050 2351 ὕψος
1079 2299 1329 2352 ἑκκαίδεκα,
1368 2315 1450 2356 την
1479 2297 1522 2344 δ’
1552 2301 1712 2357 ε’πιφά-

333 2464 391 2501 31.
437 2464 779 2512 προςμαχομένοις]
799 2465 1096 2513 προμαχομένοις
1117 2467 1226 2511 FLQ,
1251 2468 1377 2503 caeteri
1400 2467 1626 2513 μαχομένοις

333 2511 392 2545 39.
419 2509 604 2556 ἐγίγνοντο
628 2524 747 2546 omnes
885 2516 1052 2556 σαρίσαις
1075 2515 1120 2556 F,
1144 2519 1302 2569 μακροῖς
1326 2513 1479 2559 δόρασιν
1504 2515 1557 2556 T,
1582 2513 1713 2552 caetexi

334 2559 530 2638 σαρίσσεέἳις
541 2604 598 2640 Ἠ.
644 2559 772 2640 πνείτῐὶθ.
820 2557 1131 2643 οἷνζςῤῥήττοῑντες]
1157 2557 1453 2615 άιαρῤήσσοντες
1478 2571 1599 2641 οἵόηεε

739 2617 848 2649 μοσιν
959 2618 1019 2641 cae
1036 2618 1086 2640 en
1109 2605 1313 2650 πνεύμασιν
1533 2619 1544 2640 ν
1601 2617 1713 2651 συνη-

336 2650 888 2731 γωνίζοντοέ6.,,σᾶυνηὲῑπίζοντο
910 2653 1025 2733 Xfflin
1045 2652 1710 2756 gggvnozqitfftaaZgilglorgzsassaslvgts
1647 2699 1713 2741 qni

335 2744 412 2786 post
436 2739 666 2798 ιριλουμένην
684 2743 782 2787 ponit
796 2744 828 2780 F
965 2745 987 2778 (⁵
990 2744 1021 2778 3
1054 2747 1378 2800 καταπεφεύγεσαν
1397 2746 1427 2781 F
1535 2747 1539 2751 “
1565 2745 1607 2780 τὰ
1630 2744 1709 2779 Ste-

334 2789 491 2833 phanum
512 2788 596 2823 libri
611 2788 676 2825 τόν
813 2790 870 2825 64.
896 2788 1180 2837 ἐπιβαλλόμενον
1197 2792 1228 2827 F
1365 2790 1451 2826 7⁰,
1445 2789 1482 2837 ἐξ
1496 2789 1559 2828 καὶ
1570 2788 1663 2828 δέκα
1676 2789 1708 2824 F
