1820 3249
554 181 668 231 LIB.
697 180 1125 231 X1X.CA;P.84.·
1387 184 1493 233 1371

133 294 217 351 γάρ
247 294 317 339 ἐπὶ
344 297 432 341 τῶν
453 293 596 338 ἄλλων
625 291 831 336 ἁπάντων
853 296 1115 363 θεωρεῖσθαι
1138 292 1241 344 τούς
1266 293 1496 349 πρεσβυτέ-

135 368 242 405 ρους
278 349 390 396 πολὺ
418 351 679 423 προέχοντας
718 353 807 392 τῶν
835 351 1056 403 νεωτέρων
1095 351 1152 401 εἰς
1181 350 1393 418 ἐντροπὴν
1422 351 1496 394 καὶ

133 407 381 478 τιμήν.οῑ
411 407 454 450 δ’
484 415 568 474 οὑν
597 407 824 475 στρατηγοὶ
865 405 938 449 διὰ
967 411 1054 449 τῶν
1081 405 1335 464 μαιεύεσθαι
1365 409 1494 452 δυνα-
1522 408 1577 449 75

132 465 276 520 μένων
302 463 477 519 γνόντες
505 464 584 519 τήν
609 462 907 532 πρεσβυτέραν
935 463 1090 532 ἔγκυον
1120 465 1272 513 οὐσαν,
1294 463 1496 520 προέκρι-

131 537 214 563 ναν
250 520 329 576 τήν
370 521 710 574 νεωτέραν.οὐ
749 519 994 575 συμβάντος
1032 518 1059 575 ἡ
1101 519 1179 574 μὲν
1218 520 1495 574 ἀποτυχοῦσα

130 582 205 632 τῆς
233 579 412 646 κρίσεως
441 576 569 634 ἀπῄει
597 576 703 632 μετὰ
731 579 963 643 κλαυθμοῦ
995 576 1298 631 καταρρήξασα
1327 578 1375 620 τό
1397 577 1495 631 περὶ

130 634 209 689 τὴν
237 634 431 690 κεφαλὴν
459 635 649 689 διάδημα
679 634 750 676 καὶ
780 632 856 682 τὰς
885 634 1030 687 τρίχας
1060 633 1389 686 σπαράττουσα,
1419 650 1494 676 κα-
1525 636 1579 675 80

129 692 311 744 θαπερεί
336 706 455 741 τινος
484 693 716 746 συμφορᾶς
734 688 928 760 ,μεγάλης
948 689 1352 759 προςηγγελμένης·
1393 689 1419 744 ἦ
1451 689 1497 732 δὲ

128 747 196 789 ἐπὶ
233 750 288 803 τῇ
321 749 421 804 νίκη
458 747 692 817 περιχαρής
720 744 847 802 άπήει
875 744 984 799 πρὸς
1025 745 1104 802 τὴν
1141 745 1310 800 πυράν,
1342 758 1496 800 στεφα-

127 802 318 873 νουμένη
347 803 426 874 μὲν
454 807 622 858 μίτραις
657 803 747 846 ὑπὸ
777 807 866 846 τῶν
896 804 1065 846 οἰκείων
1093 806 1340 858 γυναικῶν,
1371 818 1496 846 κεκο-

126 858 344 929 σμημένη
359 860 404 903 δὲ
433 862 679 915 διαπρεπῶς
715 859 852 913 ὥςπερ
891 861 951 910 ε’ίς
987 876 1084 903 τινα
1111 859 1253 914 γάμον
1283 859 1494 928 προεπέμ-

125 930 228 959 πετο
256 914 345 959 ὑπό
387 921 474 960 τῶν
503 920 746 971 συγγενῶν,
788 914 983 973 ᾀδόντων
1019 916 1163 970 ὕμνον
1193 917 1253 967 εἰς
1281 915 1360 970 τὴν
1391 913 1489 968 ἀρε·
1521 915 1575 957 85

124 971 204 1027 τὴν
242 970 399 1042 αὐτῆς.
443 971 504 1025 ῶς
534 972 579 1016 δ’
609 973 735 1042 ἐγγὺς
776 960 958 1028 ἐγενήθη
1003 977 1077 1026 τῆς
1114 977 1280 1026 πυρᾶς,
1319 987 1490 1026 περιαι-

125 1028 316 1085 ρουμένη
350 1028 430 1073 τὸν
447 1029 631 1103 κόσμον
667 1029 819 1085 ἑαυτῆς
857 1031 1048 1072 διεδίδου
1085 1034 1176 1079 τοῖς
1207 1030 1383 1079 οἰκείοις
1417 1028 1492 1071 καὶ

123 1086 290 1139 φίλοις,
339 1085 398 1137 ῶς
438 1084 493 1136 ἀν
530 1088 642 1129 εἴποι
681 1101 766 1135 τις,
805 1087 1123 1128 καταλείπουσα
1160 1091 1251 1136 τοῖς
1290 1083 1490 1141 ἀγαπῶσι

119 1145 342 1196 μνημεῖον.
399 1139 423 1185 6
461 1141 508 1185 δὲ
536 1141 699 1196 κόσμος
726 1143 784 1195 ἠν
816 1142 915 1194 περὶ
945 1158 1024 1195 μεν
1053 1141 1128 1192 τὰς
1156 1147 1301 1197 χεῖρας
1332 1143 1488 1184 δακτυ-

119 1198 227 1239 λίων
265 1213 309 1240 τε
337 1201 514 1267 πλῆθος
551 1197 840 1252 ἐνδεδεμένων
878 1199 1020 1248 λίθοις
1058 1214 1102 1240 τε
1133 1197 1384 1241 πολυτελέσι
1414 1198 1487 1240 καὶ
1517 1202 1571 1243 90

9 1253 443 1324 344διηλλαγμένοις
479 1259 572 1305 τοῖς
606 1253 828 1324 χρώμασι,
851 1254 950 1308 περὶ
979 1254 1026 1297 δὲ
1057 1253 1134 1309 τὴν
1163 1254 1359 1310 κεφαλήν
1387 1271 1486 1309 χρυ-

121 1314 211 1353 σῶν
239 1308 504 1365 ἀστερίσκων
527 1310 609 1354 οὐκ
636 1310 780 1381 ὀλίγος
805 1309 993 1379 ἀριθμός
1021 1313 1316 1361 παντοδαποῖς
1346 1312 1488 1362 λίθοις

119 1366 444 1438 διειλημμένων,
465 1368 563 1422 περὶ
592 1367 638 1411 δε
667 1367 744 1410 τὸν
748 1367 986 1438 τράχηλον
1015 1367 1166 1438 όρμων
1193 1371 1377 1436 πλῆθος,
1399 1371 1487 1410 τῶν

119 1439 198 1491 μεν
235 1423 496 1475 ἐλαττόνων,
533 1427 622 1466 τῶν
661 1422 792 1466 δ’ἐκ
829 1428 908 1466 τοῦ
947 1422 1043 1466 κατ’
1083 1421 1230 1493 ὀλίγον
1271 1423 1336 1467 ἀει
1371 1422 1483 1468 καθ’
1515 1427 1569 1470 95

117 1477 355 1532 ὑπέρθεσιν
383 1481 600 1535 μειζόνων.
640 1479 689 1523 τό
722 1479 768 1522 δε
796 1484 1042 1523 τελευταῖον
1072 1478 1352 1548 ἀσπασαμένη
1381 1497 1488 1532 τους

118 1536 305 1586 οἰκείους
333 1535 422 1580 ὑπὸ
450 1536 671 1604 τάδελφοῦ
706 1552 809 1606 μεν
812 1536 881 1579 ἐπὶ
909 1536 989 1603 τήν
1024 1535 1169 1589 πυρὰν
1199 1536 1486 1604 ἀνεβιβάσθη,

117 1590 204 1636 υπὸ
236 1593 281 1636 δὲ
317 1597 398 1636 τοῦ
427 1591 755 1647 συνδραμόντος
793 1591 861 1635 ἐπὶ
892 1610 972 1648 την
1007 1593 1119 1636 θέαν
1149 1592 1346 1648 πλήθους
1373 1598 1486 1636 θαυ-

93 1654 331 1717 ,μασθεῖσα
368 1649 652 1703 κατέστρεψεν
685 1648 885 1705 ἡρωικῶς
923 1649 1001 1693 τόν
1035 1652 1146 1705 βίον.
1218 1649 1244 1705 ἡ
1280 1650 1360 1703 μὲν
1400 1649 1485 1718 γάρ

118 1704 302 1761 δύναμις
330 1705 377 1750 ἐν
414 1712 505 1758 τοῖς
534 1705 683 1756 ὅπλοις
709 1709 826 1749 πᾶσα
854 1706 960 1759 πριν
991 1705 1201 1749 ἅπτεσθαι
1230 1705 1309 1761 τὴν
1337 1705 1485 1759 πυράν
1517 1711 1596 1751 100

114 1777 207 1814 τρις
234 1767 487 1833 περιῆλθεν,
517 1760 625 1816 αὐτή
655 1763 701 1806 δὲ
730 1761 884 1815 τάνδρὶ
912 1767 1245 1816 παρακλιθεῖσα,
1274 1763 1347 1805 καὶ
1375 1762 1485 1805 κατὰ

114 1817 194 1873 τήν
222 1823 301 1862 τοῦ
333 1818 473 1874 πυρὸς
509 1818 649 1874 ὁρμήν
675 1816 889 1888 οὐδεμίαν
927 1819 1082 1888 φωνήν
1119 1818 1277 1874 ἀγεννῆ
1307 1819 1483 1873 προεμέ-

115 1890 184 1929 νη,
202 1877 517 1944 προεκαλέσατο
547 1880 634 1919 τῶν
663 1873 870 1929 ὁρώντων
897 1892 1001 1927 τους
1030 1893 1107 1930 μεν
1137 1878 1197 1926 εἰς
1224 1876 1357 1927 ἐλεον,
1379 1876 1481 1926 τούς

116 1929 158 1973 δ’
189 1932 249 1983 εἰς
278 1929 523 2003 ὑπερβολὴν
557 1931 871 1976 ἐπαίνων.οὐ
908 1932 993 1989 μὴν
1021 1931 1118 1976 ἀλλ’
1149 1933 1252 1977 ἔνιοι
1282 1936 1369 1977 τῶν
1393 1932 1481 1975 “-Ελ
1510 1936 1536 1978 5

115 1985 260 2042 λήνων
305 1988 513 2046 ἐπετίμων
553 1993 646 2040 τοῖς
689 1989 893 2044 νομίμοις
938 1991 1009 2041 ῶς
1047 1989 1213 2046 ἀγρίοις
1259 1984 1360 2033 οὖσι
1407 1991 1481 2033 καὶ

109 2048 352 2145 zakfiwgfgb,
387 2100 586 2173 Εὐμένης
615 2099 698 2145 άπὸ
729 2104 804 2157 τῆς
831 2103 920 2144 τῶν
954 2101 1315 2170 τετελευτηκότων
1341 2106 1481 2158 ταφῆς

113 2155 344 2226 γενόμενος
373 2157 589 2212 ανέζευξεν
617 2158 664 2202 ἐκ
693 2162 780 2201 τῶν
806 2158 1098 2212 Παραιτάκων
1127 2160 1185 2210 εἰς
1213 2159 1292 2214 τὴν
1323 2163 1480 2214 Γαβιη-

113 2213 217 2270 νήν,
247 2219 385 2260 ουσαν
414 2213 618 2272 ἀκέραιον
646 2215 720 2259 καὶ
748 2216 999 2272 δυναμένην
1025 2214 1167 2260 πάντα
1195 2217 1357 2273 δαψιλῆ
1385 2222 1479 2268 ταῖς

112 2381 170 2416 78.
201 2380 245 2417 τό
269 2394 337 2418 om.
359 2384 440 2419 Bas.
574 2384 630 2419 79.
666 2381 945 2428 σπαράττουσα]
975 2383 1235 2429 σπαράσσουσα
1258 2397 1375 2420 omnes

112 2427 168 2461 80.
215 2428 544 2484 προςηγγελμένης]
568 2430 855 2476 προηγγελμένης
879 2431 954 2465 VW'
1089 2431 1146 2465 88.
1190 2434 1471 2477 καταλείπουσα]

112 2476 364 2510 καταλιπονσα
387 2477 414 2509 V
580 2478 637 2511 90.
683 2490 722 2512 τε
745 2489 812 2511 om.
838 2478 920 2511 Bas.
1099 2478 1372 2524 διηλλαγμένοις
1394 2483 1474 2527 τρῖς

113 2518 295 2566 χρωμασι]
321 2524 400 2562 τοῖς
419 2520 586 2567 χρώμασι
609 2523 884 2569 διηλλαγμένοις
907 2523 938 2557 F

203 2588 282 2623 344.
317 2589 371 2623 92.
419 2588 637 2632 ἀστερίσκων
660 2591 928 2635 wesselingius:
961 2590 1043 2624 libri
1066 2587 1291 2648 ἀστερισμῶν

113 2633 169 2667 93.
216 2635 480 2690 διειλημμένων
514 2637 780 2682 Wesselingius:
822 2637 904 2672 libri
939 2637 1188 2694 διειλημμένος
1414 2638 1472 2673 9⁴}-

112 2677 335 2737 ἐλαττόνων]
362 2681 565 2719 ἐλασσόνων
589 2695 705 2717 omnes
885 2683 942 2718 97.
991 2681 1071 2727 ἐπὶ]
1104 2681 1178 2720 νπὸ
1203 2684 1232 2718 F
1415 2684 1472 2718 98.

112 2723 201 2769 ἐπὶ]
225 2726 287 2761 δια
310 2727 341 2760 F
486 2765 492 2773 „
531 2730 564 2764 1.
611 2726 722 2774 αντή]
757 2727 851 2773 αὕτη
876 2741 993 2764 omnes
1183 2728 1224 2765 δε
1247 2728 1405 2776 τάνδρί]
1431 2725 1472 2764 6’

111 2770 221 2814 ἀνδρί
243 2774 323 2807 Bas.
527 2775 561 2809 7.
608 2775 878 2832 Παραιτακων]
914 2777 1160 2821 Παραιτακῶν
1182 2777 1231 2812 W
1434 2775 1469 2811 8·

115 2818 305 2864 Γαβιηνήν
326 2818 414 2864 FW,
436 2820 563 2856 caeteri
587 2821 762 2868 Γαβηνήν
