1820 3249
308 163 416 205 1698
640 159 746 204 LIB
775 159 891 206 XVI.
951 161 1083 203 CAP.
1114 166 1182 205 61.
1210 165 1277 205 62.

219 280 274 324 65
305 273 352 318 ἐκ
389 275 509 318 θεῶν
543 274 781 346 γενομένην
818 278 908 326 τοῖς
940 274 999 325 είς
1026 273 1076 318 τό
1107 277 1311 345 μαντεῖον
1338 274 1667 330 παρηνομηκόσι

300 329 493 376 κόλασιν
551 332 665 382 ὅλως
700 333 784 388 γὰρ
824 331 878 375 ου’
908 332 1047 387 μόνον
1076 337 1167 382 τοῖς
1197 330 1428 382 αὐθένταις
1456 336 1531 386 τῆς
1561 334 1669 384 ἷερο

301 389 452 440 συλίας
491 387 597 433 ἄλλα
636 390 711 433 καὶ
747 390 850 432 πᾶσι
891 393 984 439 τοῖς
1027 388 1375 444 προςαψαμένοις
1413 387 1555 442 μόνον
1597 393 1671 442 τῆς

298 447 575 500 παρανομίας
616 444 928 515 ἀπαραίτητος
944 445 990 488 ἐκ
1032 449 1113 488 τοῦ
1153 447 1382 499 δαιμονίου
1426 445 1670 512 ἐπηκολού-

297 507 407 557 θησε
445 504 638 558 τιμωρία
698 501 721 545 6
760 502 839 557 μὲν
877 501 982 569 γὰρ
999 498 1259 557 ἀρχιτέκτων
1287 518 1362 557 της
1391 500 1670 558 καταληψεως

215 565 269 605 70
298 563 383 602 τοῦ
418 560 544 627 ἱεροῦ
592 558 837 627 Φιλόμηλος
874 557 984 602 κατά
1019 574 1116 601 τινα
1158 560 1409 612 περίστασιν
1435 559 1696 614 πολεμικὴν,

297 614 458 659 ἑαυτὸν
486 615 836 685 κατεκρήμνισεν.
895 613 920 658 ὁ
951 615 996 658 δε
1025 613 1211 669 ἀδελφὸς
1240 613 1380 658 αὐτοῦ
1406 613 1673 670 Ὀνόμαρχος

293 671 600 726 διαδεξάμενος
638 673 716 728 τὴν
749 676 838 715 τῶν
881 669 1225 742 απονοηθέντων
1264 673 1525 743 στρατηγίαν
1566 672 1672 726 μετα

290 732 382 771 τῶν
413 729 870 784 συμπαραταξαμένων
899 727 946 770 ἓν
967 729 1175 771 Θετταλία
1199 729 1388 772 Φωκέων
1417 728 1490 771 καὶ
1516 733 1672 782 μισθο-

292 784 448 840 φόρων
476 786 732 835 κατακοπεὶς
761 782 1034 853 ἐσταυρώθη.
1093 783 1116 828 ὁ
1148 772 1194 827 δὲ
1221 787 1366 839 τρίτος
1394 801 1467 828 και
1493 789 1672 828 πλεῖστα

209 843 264 885 75
294 845 384 885 τῶν
398 840 710 912 αναθηματων
739 839 993 892 κατακόψας
1013 839 1217 892 Φαύλλος
1245 843 1522 913 πολυχρονίῳ
1549 839 1670 897 νόσῳ

293 897 505 968 νοσήσας
530 896 633 940 οὐδ’
666 895 947 952 απολυθῆναι
980 896 1202 952 συντόμως
1230 902 1306 952 τῆς
1334 899 1542 953 τιμωρίας
1569 897 1672 953 ηδυ-

291 956 419 1011 νήθη.
481 953 505 997 ὁ
536 952 577 996 6'
609 953 677 996 ἐπι
705 957 812 996 πᾶσι
847 953 1069 1005 Φάλαικος
1097 963 1148 996 τα
1178 955 1364 1005 λείψανα
1396 958 1471 1009 τῆς
1505 955 1673 1024 ἱεροσυ-

292 1014 388 1061 λίας
418 1008 652 1081 αναλαβων
682 1010 729 1052 ἐν
749 1009 933 1061 πλάναις
962 1011 1034 1053 καὶ
1064 1009 1269 1081 μεγαλοις
1297 1008 1457 1066 φόβοις
1487 1011 1559 1053 καὶ
1581 1026 1673 1054 κιν-

211 1072 267 1112 80
297 1068 448 1117 δύιοις
479 1065 550 1122 ἐφ’
584 1067 736 1110 ἱκανὸν
765 1067 928 1122 χρόνον
959 1067 1162 1137 ἐβίωσεν,
1194 1084 1281 1138 ουχ
1303 1069 1377 1110 ἵνα
1405 1067 1672 1135 μακαριώτε-

294 1142 373 1180 ρος
402 1125 576 1180 γένηται
606 1128 694 1166 τῶν
726 1122 1137 1180 συνασεβησαντων,
1184 1122 1281 1166 αλλ’
1313 1125 1386 1166 ι’να
1414 1125 1544 1167 πλείω
1574 1123 1672 1179 χρό-

291 1197 375 1226 νον
406 1183 690 1236 στρεβλωθεὶς
718 1181 790 1223 καὶ
819 1185 996 1231 πολλοῖς
1027 1181 1098 1224 δια
1129 1180 1209 1236 τὴν
1232 1179 1411 1236 οἷτυχίαν
1440 1179 1670 1237 γενόμενος

290 1236 512 1307 γνώριμος
553 1235 815 1293 περιβόητον
861 1237 934 1294 ἔχῃ
980 1254 1059 1291 την
1098 1237 1347 1293 συιιφοράν
1417 1238 1548 1288 οὗτος
1585 1237 1668 1292 γὰρ

292 1312 399 1364 μετα
441 1295 520 1350 τὴν
560 1294 606 1337 ἐκ
644 1298 718 1349 τῆς
757 1296 1047 1349 αἰχμαλωσίας
1080 1294 1228 1350 φυγὴν
1259 1294 1364 1346 μετὰ
1393 1298 1482 1336 τῶν
1514 1300 1668 1348 μισθο-

207 1359 262 1402 85
293 1352 451 1408 φόρων
472 1351 522 1394 τὸ
556 1351 634 1406 μὲν
662 1354 839 1403 πρῶτον
868 1351 1054 1406 διέτριβε
1081 1352 1182 1404 περὶ
1211 1350 1293 1406 τήν
1316 1350 1670 1406 Πελοπόννησον,

291 1409 486 1464 συνέχων
523 1424 625 1458 τους
664 1405 927 1461 στρατιώτας
968 1407 1016 1449 ἐκ
1053 1411 1143 1449 τῶν
1181 1407 1559 1475 ἱεροσυληθέντων
1588 1412 1671 1450 λει-

290 1466 462 1519 ψανων,
483 1481 598 1534 μετα
630 1464 676 1508 δὲ
704 1468 840 1507 ταῦτα
865 1463 911 1506 έν
933 1465 1146 1535 Κορίνθῳ
1174 1464 1512 1535 μισθωσάμενος
1536 1468 1670 1508 πλοῖα

291 1539 494 1590 φορτηγα
516 1521 648 1590 μεγάλ
653 1538 694 1594 αἱ
721 1521 795 1565 καὶ
813 1520 1015 1573 τέτταρας
1035 1520 1144 1576 ἔχων
1161 1519 1376 1577 ἡμιολιας,
1405 1533 1670 1576 παρεσκευα-

205 1593 260 1633 90
291 1585 381 1633 ζετο
411 1578 523 1632 πρὸς
551 1577 629 1621 τὸν
659 1581 716 1629 εἰς
743 1577 823 1634 τὴν
850 1575 1032 1620 Ἰταλίαν
1061 1579 1135 1621 καὶ
1164 1580 1372 1621 Σικελίαν
1401 1582 1565 1629 πλοῦν,
1597 1594 1670 1622 νο-

289 1639 424 1705 μίζων
458 1637 504 1679 έν
525 1636 705 1685 τούτοις
733 1652 823 1686 τοις
851 1633 1003 1685 τόποις
1023 1633 1052 1690 ἢ
1069 1634 1397 1689 καταληψεσθαί
1416 1651 1516 1678 τινα
1538 1631 1670 1677 πόλιν

287 1694 315 1750 ἢ
345 1692 571 1745 τεύξεσθαι
602 1693 920 1761 μισθοφορίας·
951 1691 1152 1760 ἐτύγχανε
1179 1692 1262 1748 γὰρ
1285 1696 1550 1742 Λευκανοῖς
1560 1690 1673 1745 πρὸς

293 1752 591 1804 Ταραντίνους
632 1748 906 1818 συνεστηκώς
942 1747 1142 1803 πόλεμος.
1211 1747 1322 1803 πρὸς
1351 1749 1396 1792 δὲ
1424 1748 1530 1798 τούς
1558 1760 1671 1801 συμ-

290 1808 502 1857 πλέοντας
540 1806 623 1861 ἔφη
662 1806 958 1861 μετάπεμπτος
993 1809 1115 1848 πλεῖν
1153 1803 1242 1849 υπὸ
1283 1809 1374 1848 τῶν
1413 1806 1456 1856 ἐξ
1492 1803 1671 1855 Ἰταλίας

204 1848 263 1897 62-
291 1865 363 1908 καὶ
393 1859 610 1913 Σικελίας.
669 1862 982 1913 ἐκπλεύσαντος
1020 1859 1062 1905 δ’
1095 1860 1237 1906 αὐτοῦ
1266 1863 1340 1906 καὶ
1368 1864 1577 1917 πελαγίου
1605 1877 1670 1916 γε-

205 1903 261 1944 95
290 1920 509 1991 νομένου,
548 1921 807 1977 στρατιῶταί
833 1935 946 1969 τινες
988 1922 1079 1961 τῶν
1118 1918 1165 1962 έν
1202 1922 1264 1978 τῷ
1303 1921 1488 1990 μεγίστῳ
1527 1920 1668 1975 πλοίῳ

290 1977 612 2049 κομιζομένων,
669 1978 784 2036 ᾧπερ
827 1975 958 2026 αὐτὸς
989 1973 1012 2019 6
1050 1964 1274 2027 Φάλαικός
1303 1975 1493 2028 ἐνέπλει,
1535 1963 1670 2029 λόγον

291 2033 495 2091 αλλήλοις
524 2022 750 2085 ἐδίδοσαν,
789 2031 1085 2084 ὑπονοοῦντες
1113 2033 1276 2103 μηδένα
1306 2033 1667 2101 μεταπέμψασθαι
1683 2039 1745 2073 101

181 2100 262 2140 100
293 2097 421 2148 σφᾶς.
482 2090 582 2134 οὔτε
609 2107 694 2146 γαρ
723 2089 937 2161 ἡγεμόνας
973 2089 1145 2159 έωρων9
1155 2089 1240 2134 dud
1270 2093 1360 2132 τῶν
1388 2088 1670 2143 ἐπικαλουμέ-

289 2165 380 2193 νων
414 2147 734 2204 συμπλέοντας,
764 2146 864 2191 οὔτε
895 2147 919 2190 6
951 2151 1090 2197 πλοῦς
1116 2148 1172 2202 ἠν
1201 2145 1368 2216 ὀλίγος,
1397 2145 1505 2189 ἄλλα
1534 2144 1671 2196 πολυς
1716 2159 1721 2161 ’

288 2204 490 2250 ὑπέκειτο
518 2205 592 2249 καὶ
615 2203 808 2261 χαλεπός.
849 2203 1000 2257 διόπερ
1025 2201 1304 2254 ἀπιστοῦντες
1329 2202 1418 2258 ἅμα
1441 2207 1532 2253 τοῖς
1553 2206 1670 2256 λεγο-

289 2262 436 2320 μένοις
465 2262 538 2306 καὶ
569 2263 838 2334 φοβούμενοι
866 2261 945 2317 τὴν
976 2259 1230 2304 διαπόντιον
1260 2261 1508 2314 στρατείαν,
1554 2260 1670 2301 συνί-

294 2333 478 2372 σταντο,
527 2320 602 2363 καὶ
638 2318 820 2374 μάλισθ’
855 2320 898 2362 οἷ
926 2335 1002 2369 τας
1033 2317 1262 2387 ηγεμονίας
1291 2317 1460 2372 ε’χοντες
1487 2320 1576 2358 τῶν
1604 2332 1671 2368 μι-

236 2377 262 2419 5
296 2375 550 2431 σθοφόρων.
598 2377 719 2426 τέλος
749 2377 793 2420 δὲ
823 2387 1094 2430 σπασαιιενοι
1125 2373 1179 2416 τὰ
1210 2375 1325 2429 ξίφη.
1354 2373 1427 2416 καὶ
1455 2376 1667 2426 καταπλ-ι]

291 2433 468 2490 ξάμενοι
496 2432 574 2476 τόν
603 2449 648 2477 τε
681 2431 904 2476 Φάλαικον
938 2432 1013 2476 καὶ
1036 2431 1113 2474 τὸν
1144 2430 1437 2487 κυβερνήτην,
1481 2427 1668 2486 ἠνάγκα-

289 2604 348 2639 67.
394 2604 650 2650 παρανομίας]
693 2604 896 2649 ιεροσυλιάς
927 2603 957 2637 F
990 2605 1160 2636 correctus
1189 2601 1226 2634 in
1257 2611 1417 2647 margum
1612 2598 1668 2634 80.

293 2649 358 2686 αλλ
407 2651 437 2683 F
634 2650 691 2685 88
738 2647 933 2728 τέτταρας]
972 2647 1149 2690 τέσσαρας
1183 2659 1300 2681 omnes
1498 2642 1670 2689 ηιιιολίας

291 2697 361 2741 FL,
386 2696 517 2731 caeteri
539 2692 730 2741 ἦιιιολίους
911 2694 968 2730 ἕν.9
1015 2695 1083 2739 τήν
1101 2693 1281 2738 Ἰταλίαν]
1307 2691 1462 2728 Ἰταλίαν
1487 2693 1548 2726 FL

383 2765 459 2799 131
498 2767 532 2801 1.
588 2763 703 2806 πολνς
736 2762 924 2809 ὑπέκειτο]
972 2764 1155 2811 legebatur
1189 2763 1304 2804 πλοῦς
1335 2759 1503 2799 νπέκειτο
1538 2759 1646 2805 μέγας

293 2810 693 2857 conf.adp.13:..86.
