1820 3249
275 160 407 202 1244*
607 157 882 203 Llss..xV11.
931 161 1065 204 CAP.
1098 167 1193 207 119
1225 166 1322 207 111.

274 270 356 327 τήν
387 267 666 324 Ἀλεξανδρου
694 273 942 326 παρουσίαν
972 274 1017 324 ἓξ
1041 273 1193 343 μόναι
1231 273 1440 344 μυριάδες
1470 271 1653 329 ἠριθμή-

193 331 245 372 50
276 333 502 383 θησαν,“ε
483 327 678 371 ἐνταῦθα
710 329 940 397 διαμείνας
967 328 1133 386 ἡμέρας
1161 331 1393 386 τριάκοντα
1421 330 1654 386 ἑβδομαῖος

273 384 480 439 διήνυσεν
528 385 589 434 εἰς
626 382 865 437 Ἐκβάτανα
891 389 978 455 τῆς
1012 390 1201 443 Μηδίας.
1259 388 1417 444 ταύτης
1455 387 1502 430 δέ
1543 398 1653 442 φασι

273 442 511 485 διακοσίων
547 456 626 495 μεν
659 441 741 484 καὶ
768 441 1037 512 πεντήκοντα
1058 446 1255 488 σταδίων
1283 462 1363 501 την
1393 445 1652 499 περίμετρον

270 497 532 552 ὑπάρχειν,
550 498 745 552 βασίλεια
784 497 828 542 δ’
866 498 984 554 ἔχειν
1020 501 1098 572 τῆς
1127 500 1231 557 ὅλης
1260 503 1438 570 Μηδίας
1469 501 1544 544 καὶ
1571 507 1652 569 θη-

272 553 470 607 σαυρούς
507 557 682 596 πολλῶν
718 554 962 624 χρημάτων.
1022 556 1132 600 ε’νθα
1169 558 1222 612 δη
1259 559 1420 628 χρόνον
1447 556 1545 600 τινὰ
1573 555 1653 612 τὴν

190 617 243 657 55
275 610 465 665 δύναμιν
503 609 760 666 ἀναλαβών,
808 610 979 666 ἀγῶνάς
1019 628 1066 655 τε
1097 615 1365 674 θυμελικους
1403 614 1539 657 ἐποίει
1577 613 1653 656 καὶ

272 666 437 718 πότους
466 671 655 735 συνεχεῖς
684 672 774 710 τῶν
802 670 958 723 φίλων.
1001 669 1048 712 ἐν
1070 673 1138 720 οἱς
1159 670 1429 740 Ηφαιστίων
1451 669 1654 722 ἀκαίροις

272 724 425 779 μέθαι,
407 741 428 762 τ’
456 724 749 794 χρησάμενος,
786 725 860 768 καὶ
888 725 1133 778 περιπεσών
1157 725 1408 796 άῤῥωστίᾳ,
1444 726 1523 770 τόν
1551 728 1653 794 βίον

271 780 490 833 ἐξέλιπεν·
511 799 534 824 ο
567 781 612 824 δὲ
643 780 863 835 βασιλεύς
876 786 1069 836 χαλεπῶς
1098 783 1275 839 ἐνέγκας
1303 785 1351 827 τὸ
1384 782 1572 840 συμβάν,
1602 781 1653 825 τὸ

273 843 398 892 σῶμα
435 842 519 881 τοῦ
557 836 905 892 τετελευτηκότος
935 841 1157 896 Περδίκκα
1192 839 1445 893 παρέδωκεν
1481 841 1541 890 εἰς
1571 842 1655 881 Βα-

189 903 244 942 60
274 898 453 951 βυλῶνα
481 896 691 962 κομίσαι.
703 893 972 949 βουλόμενος
1000 895 1346 954 ἐπιφανεστάτην
1364 895 1504 941 αὐτοῦ
1524 895 1656 974 ποιή

275 956 438 995 σασθαι
464 949 546 1007 τὴν
573 948 734 1020 ταφήν.
777 983 782 984 .
894 970 897 974 -

162 1007 494 1079 111“”Αμα
524 1007 571 1051 δὲ
599 1006 775 1059 τούτοις
803 996 1118 1080 πραττομένοις
1144 1008 1255 1053 κατὰ
1273 1008 1353 1066 τὴν
1377 1008 1568 1053 Ἑλλάδα
1581 1024 1655 1052 τα-

276 1064 405 1134 ραχαὶ
444 1065 705 1108 συνίσταντο
746 1064 820 1108 καὶ
851 1066 1119 1121 πραγιιάτων
1156 1070 1325 1109 καινῶν
1336 1067 1564 1137 κινήσεις,
1611 1065 1655 1116 ἐξ

192 1126 246 1169 65
277 1133 341 1164 ων
371 1119 395 1164 6
437 1119 667 1176 Λαμιακὸς
704 1121 892 1177 πόλεμος
930 1124 1105 1178 κληθεὶς
1135 1123 1262 1179 ἔλαβε
1294 1122 1383 1193 τήν
1403 1122 1567 1179 ἀρχήν,
1606 1137 1656 1165 εκ

275 1177 481 1244 τοιαύτης
510 1194 578 1220 τιν
583 1178 630 1228 ὸς
658 1179 809 1228 αἰτίας
867 1182 950 1221 τοῦ
980 1180 1188 1235 βασιλέως
1219 1179 1542 1235 προςτάξαντος
1564 1182 1658 1229 τοῖς

276 1233 518 1288 σατράπαις
559 1233 724 1278 ἅπασιν
758 1235 1038 1304 ἀπομίσθους
1074 1241 1254 1292 ποιῆσαι
1291 1252 1398 1288 τους
1435 1234 1658 1306 μισθοφό-

277 1309 400 1347 ρους,
432 1292 502 1334 καὶ
537 1290 708 1334 τοῦτων
736 1291 785 1334 τὸ
814 1292 1069 1348 πρόςταγμα
1097 1292 1472 1345 συντελεσάντων,
1502 1290 1660 1336 πολλοὶ

275 1353 352 1404 τῆς
387 1350 614 1401 στρατείας
653 1346 982 1417 ἀπολελυμένοι.
1001 1350 1116 1401 ξένοι
1134 1350 1376 1419 διέτρεχον
1414 1325 1523 1393 πάθ’
1554 1348 1660 1404 ὅλην

191 1414 247 1453 70
276 1407 355 1460 τὴν
389 1403 535 1448 Ἀσίαν
573 1403 851 1474 πλανώμενοι
891 1406 965 1449 καὶ
1000 1423 1077 1456 τας
1116 1405 1358 1461 ἀναγκαίας
1400 1422 1571 1461 τροφας
1613 1406 1661 1449 ἐκ

275 1466 365 1506 τῶν
393 1465 634 1516 προνομῶν
661 1460 956 1517 ποριζόμενοι.
1015 1479 1120 1519 μετα
1150 1463 1198 1506 δε
1223 1467 1361 1506 ταῦτα
1385 1462 1662 1517 πανταχόθεν

278 1522 435 1574 διῆραν
472 1517 543 1560 ἐπὶ
588 1519 813 1573 Ταίναρον
849 1523 926 1574 τῆς
962 1523 1236 1575 Λακωνικῆς.
1301 1520 1463 1589 ὁμοίως
1506 1520 1553 1564 δὲ
1587 1518 1662 1562 καὶ

276 1579 365 1619 τῶν
404 1578 637 1628 Περσικῶν
680 1580 914 1629 σατραπῶν
953 1577 1027 1620 καὶ
1060 1581 1149 1620 τῶν
1187 1576 1332 1620 ἄλλων
1363 1576 1590 1646 ἡγεμόνων
1618 1576 1661 1619 οἱ

190 1637 247 1680 75
276 1632 628 1703 περιλειφθέντες
657 1630 852 1687 χρήματά
889 1649 934 1675 τε
971 1633 1045 1676 καὶ
1078 1632 1345 1686 στρατιώτας
1384 1632 1662 1687 ἀθροίζοντες

274 1689 432 1733 ε’πλεον
461 1686 531 1731 ἐπὶ
565 1689 790 1741 Ταίναρον
819 1690 892 1732 καὶ
921 1689 1078 1744 κοινὴν
1107 1690 1297 1745 δύναμιν
1325 1688 1549 1746 ἤθροιζον.
1608 1688 1658 1732 τό

276 1747 323 1790 δὲ
351 1749 600 1789 τελευταῖον
631 1745 891 1813 Λεωσθένην
919 1745 996 1789 τὸν
1022 1745 1284 1818 Ἀθηναῖοι),
1331 1747 1474 1800 άνδρα
1519 1749 1662 1801 ψυχῆς

274 1802 544 1858 λαμπρότητι
591 1799 812 1857 διάφορον
862 1803 938 1845 καὶ
988 1801 1176 1857 μάλιστα
1221 1802 1535 1874 αντικείμενον
1569 1807 1660 1853 τοῖς

273 1859 554 1918 Ἀλεξάνδρου
583 1858 847 1913 πράγμασιν,
875 1860 1045 1904 ει’λοντο
1076 1859 1318 1929 στρατηγόν
1340 1858 1660 1913 αὐτοκράτορα.

192 1927 248 1967 80
278 1919 408 1966 οὑτος
438 1915 485 1958 δὲ
514 1918 582 1982 τῇ
598 1918 739 1972 βουλῇ
769 1917 1006 1984 διαλεχθεὶς
1035 1916 1083 1959 ἐν
1105 1915 1370 1987 απορρήτοις
1388 1916 1661 1972 πεντήκοντα

278 1989 358 2029 μεν
387 1972 524 2040 ε’λαβε
532 1969 721 2015 τάλαντα
740 1971 850 2026 πρὸς
872 1972 952 2028 τὴν
971 1975 1279 2028 μισθοδοσίαν,
1307 1973 1457 2017 ὅπλων
1486 1973 1533 2017 δὲ
1560 1975 1662 2026 πλῆ-

277 2035 362 2080 θος
400 2027 555 2072 ἱκανόν
584 2029 644 2079 εἰς
681 2029 758 2079 τὰς
770 2029 1129 2099 κατεπειγούσας
1163 2031 1330 2085 χρείας,
1367 2029 1480 2084 πρὸς
1509 2028 1555 2073 δὲ
1587 2030 1660 2071 Αἰ·
1670 2034 1738 2072 2}ss

279 2085 449 2136 τωλούς
477 2083 719 2140 ἀλλοτρίως
755 2084 930 2140 ε’χοντας
966 2085 1078 2141 πρὸς
1112 2086 1190 2130 τὸν
1217 2085 1396 2156 βασιλέα
1423 2086 1529 2155 περὶ
1556 2096 1663 2141 συμ-

197 2150 252 2195 35
282 2143 438 2198 μαχίας
465 2141 845 2210 διεπρεσβεύσατο,
874 2143 949 2186 καὶ
979 2143 1124 2187 πάντα
1151 2160 1205 2186 τα
1234 2142 1347 2198 πρὸς
1373 2142 1452 2186 τὸν
1471 2140 1664 2210 πόλεμον

282 2195 642 2257 παρεσκευάζετο.
709 2199 971 2258 Λεωσθένης
1016 2217 1095 2257 μεν
1133 2195 1217 2245 οὖν
1253 2198 1568 2257 προορώμενος
1611 2196 1662 2242 τό

277 2346 335 2381 49.
383 2346 601 2403 διαμείνας]
627 2345 669 2383 δε
690 2348 817 2392 μείνας
839 2349 871 2384 F
1057 2347 1279 2408 εβδομαῒος]
1305 2345 1446 2406 εβδόμῃ
1471 2347 1505 2381 X

277 2392 336 2427 59.
383 2392 544 2449 ταύτης]
585 2393 726 2440 ταύτην
758 2396 818 2430 FL
993 2393 1080 2430 56.
1125 2397 1201 2430 τῶν
1227 2396 1356 2437 φίλων.
1387 2393 1426 2430 ἐν
1452 2392 1509 2434 οἷς
1529 2391 1663 2437 Ηφαι-

278 2440 391 2474 στίων
416 2436 588 2481 ἀκαίροις
602 2441 696 2496 FL,
728 2440 858 2476 caeteri
880 2438 920 2476 ἐν
948 2438 1005 2481 οἷς
1028 2445 1173 2485 καιροῖς
1195 2443 1269 2476 τῶν
1293 2443 1412 2484 φίλων
1435 2437 1663 2484 Ηφαιστίων

369 2485 427 2519 62.
464 2483 564 2530 ἅμα]
591 2467 730 2529 ὁμοίως
753 2489 783 2522 F
938 2486 997 2521 63.
1029 2488 1194 2531 καινῶν]
1217 2489 1365 2523 πολλῶν
1387 2487 1466 2541 LQ,
1485 2491 1520 2519 et
1542 2485 1603 2530 qui
1625 2485 1663 2520 in

278 2542 396 2586 marg.
419 2544 473 2575 γρ.
498 2544 639 2567 καινων
662 2533 692 2566 F
838 2532 898 2568 66.
931 2536 1012 2574 τοῖς
1036 2532 1242 2579 σατράπαις
1265 2532 1425 2577 ἅπασιν]
1450 2528 1564 2568 ἅπασι
1586 2534 1666 2570 τοῖς

281 2575 485 2620 σατράπαις
508 2578 539 2611 F
682 2578 740 2613 67
772 2591 821 2623 πρ
802 2576 986 2624 ρόςταγμα
1012 2580 1095 2621 FL,
1122 2580 1250 2614 caet‘eri
1276 2580 1467 2624 σύνταγμα
1604 2577 1666 2611 69.

278 2621 380 2667 ξένοι
403 2623 567 2665 asteriscp
591 2625 725 2660 notavit
747 2624 944 2668 Stephanus
1080 2626 1138 2662 71.
1163 2628 1228 2672 διῆ
1229 2639 1299 2671 ραν
1324 2627 1388 2662 TY
1409 2627 1512 2667 Bas„
1536 2623 1665 2658 caeteri

276 2669 429 2715 ἀπῆραν
565 2670 624 2704 76.
660 2671 907 2716 Λεωσθένην]
941 2672 1140 2717 Λεωσθένη
1165 2640 1248 2707 FLQ
1361 2672 1419 2707 77.
1457 2669 1666 2714 διάφορον]

279 2759 511 2805 διαφέροντα
527 2762 556 2796 F
598 2788 601 2790 -
696 2760 838 2804 μάλιστ’
847 2763 942 2805 Bas„
962 2761 1257 2818 οιὶοῐοκίμάλιστα
1397 2763 1455 2798 78.
1479 2760 1664 2798 εἷ’λαντοΕ

371 2807 449 2842 248.
481 2808 538 2844 82.
585 2808 635 2847 εἰς
660 2807 738 2852 PL,
763 2809 891 2844 caeteri
914 2806 1009 2855 πρὸς
1423 2826 1425 2829 ·
