1820 3249
270 125 380 166 1586
802 119 922 161 LIB.
968 119 1147 162 xvlll.

268 239 396 274 omnia
424 237 624 284 antiquari.
654 237 791 271 milites
819 236 982 271 seditiosi
1010 239 1056 273 30
1083 244 1122 273 et
1151 237 1342 284 Meleager
1372 238 1410 271 in
1435 236 1661 283 supplicium

267 296 378 342 rapti.
408 295 447 329 in
469 296 647 339 Graecos,
668 293 733 341 qui
753 295 792 328 in
810 295 1000 339 superiore
1025 297 1108 331 Asia
1132 295 1359 339 defecerant,
1383 294 1501 340 Pytho
1528 295 1660 329 missus

271 351 350 401 [4.].
391 352 557 398 sequitur
607 351 778 385 omnium
817 351 1098 397 provinciarum
1141 352 1338 397 descriptio
1387 352 1660 398 geographica:

271 411 378 445 Asiae
413 409 628 456 provinciae
669 409 986 453 septemtrionales
1026 406 1101 459 [5..]
1132 410 1344 454 provinciae
1375 409 1552 444 australes
1585 406 1620 456 [6
1634 406 1662 456 ].

270 467 408 503 Graeci
442 466 599 501 rebelles
628 465 746 500 invito
778 467 945 510 Pythone
981 471 1079 501 caesi
1111 464 1189 515 [⁴7..]
1219 467 1257 500 in
1286 469 1434 513 Europa
1463 467 1664 501 Athenien-

271 537 328 559 ses
357 525 397 558 in
427 524 667 568 Antipatrum
703 523 847 557 bellum
875 524 1095 559 Lamiacum
1124 530 1287 558 movent.
1332 535 1442 559 causa
1475 529 1557 558 erat
1586 522 1663 556 edi-

273 589 376 615 ctum
415 581 459 615 de
488 581 616 615 reditu
656 580 846 625 exsulum,
886 580 987 615 iussu
1025 581 1123 627 regis
1165 581 1203 613 in
1242 587 1426 615 conventu
1465 579 1664 626 Olympico

274 639 569 684 promulgatum.
602 637 723 672 Aetoli
752 643 788 671 et
821 637 1059 672 Athenienses
1086 649 1128 671 eo
1159 637 1323 683 graviter
1353 638 1483 672 offensi
1518 635 1594 685 [8..]
1626 636 1667 670 hi

275 696 401 730 audita
430 694 630 729 Alexandri
659 701 781 728 morte
813 695 932 729 adiuti
963 695 1117 740 Harpali
1151 695 1309 739 pecunia
1338 695 1432 728 duce
1461 696 1667 729 Leosthene

274 752 373 787 bello
413 752 604 786 communi
649 752 860 786 libertatem
902 752 1087 786 Graeciae
1125 759 1252 786 contra
1292 752 1520 786 Macedones
1569 751 1668 784 tueri

274 818 408 857 parant
441 806 516 857 [9..]
558 816 757 854 apparatus
794 809 885 842 belli
922 815 958 842 et
988 809 1126 855 legatio
1163 809 1209 842 ad
1241 809 1405 844 civitates
1435 810 1669 843 Graecorum

276 869 387 902 missa
418 863 519 915 [10.].
549 878 721 900 recensus
750 867 938 900 sociorum
968 867 1070 901 belli.
1114 867 1245 900 Boeoti
1273 867 1527 901 Macedonum
1555 864 1671 910 parti-

274 925 342 959 bus
379 936 417 958 se
453 924 664 969 adiungunt
704 919 806 971 [11.].
845 924 1037 969 Antipater
1069 924 1263 957 Alexandri
1302 924 1340 958 in
1370 924 1521 969 Europa
1552 924 1671 967 impe-

275 988 379 1016 rator
419 981 558 1015 coactis
595 980 708 1024 copiis
750 981 953 1023 obnititnr3
994 982 1057 1015 sed
1089 982 1232 1026 proelio
1272 982 1390 1015 victus
1423 979 1593 1014 Lamiam
1631 979 1671 1012 in

278 1038 466 1073 Thessalia
495 1038 699 1084 confugere
726 1038 874 1084 cogitur
895 1035 994 1086 [19.].
1024 1039 1246 1073 Leosthenes
1277 1050 1360 1073 eum
1392 1039 1577 1072 inclusum
1609 1036 1674 1069 ob-

279 1096 423 1130 sidione
451 1101 574 1135 tenet3
614 1094 678 1129 sed
715 1095 818 1129 facta
847 1096 1040 1141 eruptione
1071 1096 1345 1142 commissoque
1376 1096 1516 1140 proelio
1546 1095 1674 1128 Mace-

279 1153 393 1187 dones
422 1152 597 1195 vincunt,
629 1158 666 1186 et
694 1152 918 1186 Leosthenes
947 1153 1024 1198 ipse
1053 1154 1163 1189 cadit.
1201 1160 1285 1187 tum
1313 1154 1580 1187 Demosthenes
1611 1161 1674 1184 ex·

281 1209 356 1244 silii
395 1221 556 1255 poenam
598 1209 722 1243 subiit.
771 1210 810 1243 in
849 1210 1063 1244 Leosthenis
1093 1211 1220 1244 locum
1258 1210 1431 1244 successit
1465 1208 1673 1254 Antiphilus

281 1264 385 1315 [13.].
417 1267 650 1301 Ptolemaeus
681 1267 838 1313 Aegypti
867 1273 1014 1312 satrapa
1044 1279 1131 1301 cum
1161 1268 1353 1312 ¹Antipatro
1384 1267 1514 1300 foedus
1545 1271 1674 1299 contra

280 1325 497 1359 Perdiccam
521 1323 658 1369 iungit.
698 1323 941 1368 Lysimachus
969 1325 1007 1357 in
1029 1323 1191 1360 Thracia
1219 1325 1400 1359 Seutham
1425 1335 1555 1370 regem
1574 1322 1674 1357 hello

280 1382 489 1428 impugnat.
519 1381 618 1414 inter
648 1381 740 1414 haec
769 1382 982 1415 Leonnatus
1013 1392 1057 1415 ex
1085 1381 1170 1416 Asia
1199 1381 1240 1415 in
1272 1383 1460 1427 Europam
1488 1379 1677 1414 traiiciens

281 1438 431 1472 auxiliis
467 1438 617 1472 adiuvat
645 1438 882 1484 Antipatrum
915 1435 1016 1487 [14.].
1060 1439 1204 1490 Graeci*
1241 1439 1358 1473 soluta
1389 1439 1542 1473 Lamiae
1580 1436 1675 1471 obsi-

282 1495 392 1529 dione
422 1496 617 1529 Leonnato
658 1495 786 1530 infesti
815 1495 966 1530 obviam
997 1503 1100 1531 eunt.
1141 1497 1286 1542 proelio
1319 1497 1478 1542 equestri
1507 1497 1680 1530 Leonna-

280 1558 341 1586 tus
372 1552 475 1586 fusus
507 1558 544 1586 et
581 1552 733 1590 occisus.
776 1553 893 1587 victos
924 1553 1068 1600 colligit
1096 1554 1310 1599 Antipater,
1350 1560 1386 1588 et
1416 1554 1455 1588 in
1487 1559 1612 1588 tutum
1640 1561 1679 1585 se

282 1609 427 1655 recipit.
470 1609 534 1643 sed
563 1609 674 1644 maris
711 1610 912 1656 imperium
943 1611 1086 1646 obtinet
1125 1612 1250 1645 classis
1279 1611 1550 1655 Macedonica,
1587 1609 1680 1643 duce

282 1667 381 1701 Clito
412 1666 552 1713 duplici
591 1667 734 1712 proelio
765 1668 898 1702 victrix
932 1665 1034 1716 [15.].
1068 1668 1209 1703 interea
1239 1668 1439 1703 Perdiccas
1467 1668 1566 1702 bello
1594 1666 1681 1700 sub-

282 1720 352 1770 igit
381 1724 614 1758 Ariarathen.
658 1725 917 1771 Cappadociae
945 1726 1106 1770 satrapia
1136 1726 1295 1760 Eumeni
1318 1725 1500 1760 Cardiano
1529 1724 1681 1760 tradita.

282 1787 366 1814 tum
398 1781 591 1826 Antipater
627 1793 694 1827 per
723 1785 921 1817 Craterum
962 1794 982 1817 e
1023 1783 1156 1817 Cilicia
1185 1784 1399 1817 venientem
1431 1783 1534 1817 novis
1563 1780 1680 1826 copiis

282 1845 414 1872 auctus
457 1835 561 1887 [16.].
604 1839 740 1874 Graeci
784 1840 928 1874 interea
967 1840 1076 1875 nimis
1111 1840 1234 1875 securi
1274 1841 1367 1875 facti
1408 1840 1448 1874 in
1490 1837 1684 1876 Thessalia

283 1895 424 1942 proelio
454 1895 546 1930 victi
575 1908 707 1942 pacem
738 1904 881 1942 petunt.
911 1897 1080 1944 singulae
1102 1898 1270 1932 civitates
1290 1898 1518 1944 singularem
1548 1905 1682 1944 pacem

287 1959 589 2000 consequuntur,
633 1955 795 2000 exceptis
833 1955 967 1988 Aetolis
1011 1962 1047 1989 et
1086 1956 1364 1990 Atheniensibus
1403 1951 1502 2007 [17.].
1531 1953 1684 1988 tandem

287 2010 527 2045 Athenienses
568 2022 715 2056 quoque
753 2011 788 2044 vi
826 2012 948 2046 coacti
986 2013 1196 2046 Demadem
1233 2012 1277 2046 de
1319 2024 1411 2058 pace
1447 2009 1684 2058 impetranda

287 2067 454 2101 mittunt.
509 2067 704 2112 Antipater
743 2068 783 2102 in
825 2069 939 2103 fidem
977 2069 1121 2114 recepit
1158 2069 1440 2104 Atheniensium
1481 2069 1683 2106 civitatem,

287 2135 444 2170 eamque
484 2124 522 2158 in
564 2125 759 2160 meliorem
798 2125 963 2160 formam
1001 2126 1285 2173 transmutavit,
1324 2126 1456 2160 relicto
1494 2124 1683 2172 praefecto

290 2193 377 2215 cum
407 2181 602 2226 praesidio.
651 2182 703 2217 ita
741 2183 848 2216 finito
888 2183 980 2218 bello
1006 2184 1184 2217 Lamiaco
1212 2183 1406 2228 Antipater
1443 2189 1480 2217 et
1509 2184 1685 2218 Craterus

288 2238 459 2272 redeunt.
518 2238 635 2273 Samii
664 2240 703 2274 in
733 2239 950 2275 libertatem
980 2252 1069 2274 mox
1099 2241 1275 2274 vindicati
1307 2236 1408 2289 [18.].
1439 2240 1576 2275 sensim
1598 2250 1685 2272 con·

289 2295 452 2330 trahitur
488 2296 629 2330 bellum
660 2297 933 2342 Cyrenaicum,
973 2298 1077 2333 cuius
1107 2309 1231 2332 causas
1269 2297 1379 2331 altius
1407 2298 1546 2343 repetit
1573 2295 1687 2330 histo-

290 2352 402 2386 ricus.
441 2353 625 2387 remotior
654 2366 766 2388 causa
796 2360 875 2389 erat
902 2355 1061 2400 Thibro,
1090 2356 1156 2402 qui
1183 2354 1348 2401 Harpalo
1377 2354 1578 2390 interfecto
1607 2353 1686 2387 eius

292 2409 408 2455 copiis
439 2410 576 2456 potitus
613 2410 652 2444 in
681 2413 958 2457 Cyrenaeorum
995 2424 1129 2459 agrum
1159 2411 1323 2455 traiecit,
1355 2418 1392 2445 et
1426 2413 1493 2447 hos
1520 2410 1592 2446 sibi
1621 2409 1686 2444 ob-

291 2467 424 2501 noxios
455 2466 617 2501 reddidit
649 2464 751 2516 [19.].
783 2469 1009 2515 Mnasicles,
1050 2481 1095 2503 ex
1132 2470 1212 2504 eius
1252 2469 1405 2504 ducibus
1444 2480 1562 2511 unus,
1600 2477 1685 2502 cum

293 2523 488 2558 defecisset
531 2524 577 2558 ad
607 2526 834 2571 Cyrenaeos,
875 2527 1017 2562 Thibro
1059 2526 1259 2573 multiplici
1298 2526 1406 2561 clade
1444 2527 1595 2560 affectus
1633 2530 1687 2558 est

296 2578 398 2629 [20.].
429 2582 528 2616 bello
558 2583 661 2616 varia
689 2583 842 2618 fortuna
863 2585 1079 2619 continuato
1100 2583 1253 2627 diutius,
1279 2583 1427 2618 tandem
1454 2584 1686 2618 Ptolemaeus

294 2638 494 2674 advocatus
520 2638 752 2674 Thibronem
791 2640 890 2675 hello
920 2641 1057 2685 vincit,
1102 2647 1138 2675 et
1167 2643 1376 2686 Cyrenaeos
1407 2640 1499 2675 duce
1529 2639 1690 2685 Ophella

294 2695 334 2730 in
363 2703 590 2742 potestatem
625 2707 731 2731 suam
767 2697 902 2744 redigit
936 2695 1037 2748 [21u]
1074 2697 1232 2733 Pisidiae
1263 2699 1354 2733 duas
1387 2698 1517 2740 urbes,
1547 2698 1690 2731 Laran-

295 2753 469 2790 densium
499 2761 537 2789 et
565 2754 825 2801 Isaurensium,
846 2755 893 2790 ob
912 2755 1134 2791 seditionem
1165 2755 1360 2790 Perdiccas
1382 2755 1517 2790 infesto
1539 2753 1689 2800 agmine
