1820 3249
683 126 806 168 LlB.
842 125 971 167 XVI.
1418 129 1531 171 1575

143 245 233 280 chus
269 244 414 292 aliquot
450 243 601 290 proeliis
640 242 761 277 victor
801 243 936 278 ultimo
975 242 1117 288 proelio
1156 241 1262 277 susus
1303 244 1451 289 capitur
1489 251 1527 279 et

142 301 246 336 cruci
277 302 446 348 affigitur
468 298 566 348 [35.].
597 299 770 345 Phayllus
792 300 1021 334 Onomarchi
1051 310 1238 333 successor
1265 301 1368 335 omni
1388 300 1423 336 vi
1445 301 1524 335 bel..

138 358 218 392 lum
247 358 441 393 instaurat.
499 356 662 391 Moritur
693 363 775 391 tum
814 357 1003 391 Mausolus
1044 367 1108 391 rex
1139 356 1293 403 Cariae,
1325 357 1386 392 cui
1416 358 1521 392 Arte-

137 415 245 448 misia
260 415 443 450 succedit:
472 414 564 448 item
585 413 787 448 Clearchus
815 415 1016 448 Heracleae
1035 420 1225 458 tyrannus,
1254 415 1366 448 Tusci
1386 426 1518 460 agrum

136 472 348 506 Romanum
382 471 620 518 populantur.
690 471 735 504 In
777 470 904 504 Sicilia
936 470 1163 517 Hipparinus
1201 470 1307 514 pulso
1347 471 1517 517 Callippo

134 540 293 574 regnum
330 529 594 574 Syracusarum
623 532 780 572 occupat
818 523 917 575 [36.].
957 527 1127 572 Phayllus
1165 533 1296 561 auctus
1335 527 1451 573 copiis
1480 535 1517 562 et

132 585 317 619 sociorum
346 585 493 619 auxiliis
514 584 712 619 Boeotiam
737 583 890 627 invadit,
919 584 982 618 sed
1009 584 1127 618 tribus
1156 584 1305 628 proeliis
1331 585 1516 621 funditur.
1571 588 1579 597 '

135 638 237 689 [37.].
279 641 468 687 Philippus
497 641 695 687 impeditus
731 640 779 674 ab
819 641 1097 675 Atheniensibus
1128 651 1213 673 cum
1246 640 1285 674 in
1312 642 1518 676 Phocenses

131 698 313 744 tenderet,
337 699 375 732 in
403 698 565 745 patrium
595 709 753 744 regnum
773 696 893 732 rediit.
939 698 1111 742 Phayllus
1139 697 1278 731 Locros
1306 698 1518 743 Epicnemi-

129 754 209 788 dios
234 755 399 791 invadit:
431 755 563 790 Boeoti
587 745 833 790 Phocensium
856 761 975 788 terras
995 753 1231 800 populantur.
1271 755 1402 788 morbo
1432 762 1516 789 tan-

128 810 215 844 dem
234 817 424 857 correptus
443 812 615 858 Phayllus
645 812 816 855 moritur.
849 811 882 844 ei
911 811 1078 846 succedit
1102 809 1316 854 Phalaecus,
1336 812 1514 846 adiuncto

128 874 300 903 curatore
330 870 494 903 Mnasea.
525 871 696 903 Mnaseas
720 867 862 913 proelio
889 868 1053 911 occisus3
1085 867 1285 913 Phalaecus
1316 868 1362 901 ad
1391 869 1511 903 Chae-

125 936 284 959 roneam
315 926 432 959 victus
470 922 571 973 [38].
612 925 818 959 discordiae
856 930 892 958 et
923 926 1023 958 bella
1060 925 1097 958 in
1127 925 1382 970 Peloponneso
1409 924 1510 959 inter

125 982 437 1016 Lacedaemonios
473 987 512 1015 et
549 981 850 1028 Megalopolitas.
887 982 1091 1016 Phalaecus
1126 981 1341 1025 Boeotiam,
1378 981 1509 1016 Boeoti
1523 1006 1590 1041 107

125 1039 324 1073 Phocidem
354 1045 501 1073 vastant
530 1036 630 1086 [39.].
659 1039 825 1072 Thebani
856 1038 902 1072 ad
930 1039 1071 1072 bellum
1100 1037 1304 1084 gerendum
1333 1039 1509 1084 pecunias
1538 1065 1562 1099 2
1593 1032 1602 1040 ’

125 1095 171 1127 ab
209 1097 410 1129 Artaxerxe
449 1095 637 1140 accipiunt
675 1096 772 1128 inter
812 1096 968 1129 Boeotos
1008 1102 1043 1129 et
1071 1096 1275 1130 Phocenses
1311 1095 1410 1129 leves
1439 1107 1508 1140 pu-
1564 1090 1574 1099 ⁹

121 1161 230 1196 gnae.
272 1157 475 1186 renovatur
513 1151 654 1185 bellum
684 1155 882 1185 Persarum
916 1154 956 1185 in
984 1154 1182 1199 Aegyptios
1214 1152 1261 1185 ob
1290 1152 1510 1187 Phoeniciae

122 1207 384 1242 defectionem.
424 1214 623 1254 apparatus
653 1208 741 1242 belli
780 1205 881 1256 [40.].
913 1208 1133 1243 defectionis
1162 1208 1392 1243 Phoenicum
1421 1221 1508 1244 cau-

120 1276 182 1298 sae
213 1271 250 1299 et
279 1265 399 1310 prima
427 1265 545 1299 initia.
569 1264 732 1299 multum
760 1266 882 1299 vexati
912 1276 932 1299 a
960 1265 1118 1310 satrapis
1147 1266 1261 1312 regiis
1290 1266 1508 1300 societatem

120 1320 253 1355 ineunt
283 1333 369 1355 cum
398 1333 487 1367 rege
517 1322 798 1367 Aegyptiorum,
828 1317 981 1356 bellicos
1010 1328 1210 1368 apparatus
1239 1322 1394 1368 faciunt,
1420 1324 1509 1357 Per-

118 1389 173 1411 sas
208 1389 413 1424 eorumque
442 1390 500 1412 res
522 1378 700 1412 infestant
725 1375 827 1425 [41.].
857 1378 1003 1424 Belesys
1031 1380 1156 1424 Syriae
1188 1385 1338 1428 satrapa
1368 1386 1404 1413 et
1423 1381 1508 1415 Ma-

117 1445 223 1468 zaeus
252 1435 364 1479 primi
401 1435 543 1468 bellum
572 1435 611 1468 in
640 1435 843 1468 Phoenices
871 1441 1035 1471 movent.
1066 1436 1133 1470 hos
1161 1437 1306 1470 Tenues
1335 1436 1508 1471 Sidoniae

118 1502 184 1524 rex
214 1491 304 1525 vicit
335 1497 370 1526 et
401 1498 502 1525 terra
538 1491 694 1537 expulit.
735 1492 879 1526 interea
908 1492 1020 1537 Cypri
1049 1503 1178 1538 reges,
1210 1493 1407 1528 Persarum
1435 1493 1508 1528 im·

117 1548 221 1592 perio
257 1548 433 1595 subiecti,
471 1548 583 1582 simul
612 1548 830 1582 defecerant
859 1554 896 1581 et
922 1549 1066 1582 bellum
1097 1554 1331 1594 paraverant.
1370 1550 1409 1583 in
1438 1549 1508 1584 hos

115 1604 259 1640 Idrieus
299 1605 431 1653 Cariae
465 1605 619 1650 dynasta
657 1605 810 1640 classem
840 1605 958 1638 mittit
995 1605 1148 1640 ducibus
1177 1606 1363 1639 Phocione
1392 1606 1504 1653 Athe·

116 1662 233 1695 niensi
272 1668 311 1696 et
347 1663 534 1708 Euagora.
574 1658 676 1710 [42].
724 1663 943 1696 Artaxerxes
985 1661 1176 1706 Babylone
1220 1663 1412 1707 profectus
1461 1664 1503 1697 in

114 1718 327 1752 Phoenicen
365 1718 501 1753 tendit.
565 1730 639 1764 quo
679 1719 898 1764 perterritus
936 1719 1082 1752 Tennes
1120 1730 1189 1763 per
1226 1718 1504 1754 Thessallonem

114 1775 326 1820 prodendae
354 1775 498 1810 Sidonis
535 1781 572 1809 et
602 1775 759 1821 Aegypti
788 1775 942 1808 consilia
979 1775 1089 1808 offert
1119 1781 1156 1808 et
1186 1764 1370 1820 approbat
1401 1772 1501 1826 [43.].

116 1832 352 1867 Graecorum
400 1832 569 1867 civitates
607 1831 722 1877 copiis
759 1832 1002 1865 Artaxerxem
1050 1830 1247 1875 adiuvant,
1285 1833 1503 1877 praesertim

114 1888 304 1934 Thebani,
342 1888 472 1935 Argivi
498 1878 569 1922 etc.
603 1888 748 1922 interea
776 1899 841 1922 rex
870 1888 997 1923 Sidoni
1027 1893 1145 1922 castra
1173 1887 1350 1923 admovit.
1391 1901 1502 1934 appa-

114 1950 216 1979 ratus
242 1933 480 1980 Sidoniorum
510 1945 558 1979 ad
587 1945 856 1979 defendendam
885 1945 1018 1978 urbem
1048 1943 1268 1978 describitur
1297 1941 1398 1993 [44.].
1447 1946 1503 1980 Si-

113 2002 188 2035 don
216 2004 365 2036 Tennae
393 2001 602 2048 proditione
635 2008 858 2047 expugnata.
892 2001 933 2034 in
961 2001 1078 2035 victos
1098 2001 1273 2035 immanis
1299 2002 1399 2048 regis
1419 2014 1504 2036 cru-

113 2057 260 2095 delitas.
299 2070 426 2093 omnes
459 2070 536 2093 una
573 2070 662 2092 cum
701 2058 794 2093 urhe
839 2057 1013 2096 incendio
1055 2058 1254 2093 consumti.
1309 2059 1504 2092 Artemisia

113 2115 245 2149 Cariae
276 2116 410 2162 regina
437 2116 621 2152 moritur:
654 2115 821 2149 succedit
848 2114 1002 2148 Idrieus.
1032 2114 1190 2150 Romani
1221 2126 1309 2148 cum
1343 2117 1503 2150 Praene-

111 2172 215 2206 stinis
254 2179 291 2207 et
319 2172 545 2208 Samnitibus
581 2171 744 2206 inducias
787 2177 823 2206 et
851 2171 980 2205 foedus
1011 2172 1144 2206 fecere.
1201 2172 1246 2205 In
1275 2171 1402 2206 Sicilia
1429 2173 1503 2206 Le-

112 2229 232 2274 ptines
276 2235 313 2263 et
342 2229 531 2275 Callippus
566 2229 755 2275 Rhegium
799 2229 838 2262 in
875 2228 1087 2262 libertatem
1115 2228 1356 2262 vindicarunt
1397 2226 1497 2277 [45.].
1515 2250 1581 2285 107

112 2286 254 2331 Cyprus
282 2298 305 2320 a
332 2286 521 2321 Phocione
550 2292 588 2319 et
615 2286 787 2331 Euagora
815 2285 974 2322 domita.
1030 2286 1224 2330 Euagorae
1252 2285 1406 2320 fortuna
1434 2297 1495 2321 va-
1525 2310 1547 2345 3
1582 2277 1590 2286 ⁹

112 2342 180 2377 ria.
209 2344 425 2378 Artaxerxes
452 2348 671 2388 recuperata
703 2341 889 2376 Phoenice
917 2341 1039 2387 pergit
1070 2341 1112 2375 in
1143 2341 1367 2387 Aegyptum.
1408 2355 1498 2377 cum
1552 2334 1561 2343 ⁶

112 2398 256 2444 ingenti
287 2400 392 2434 clade
420 2406 571 2445 superat
599 2401 793 2434 Barathra.
838 2410 964 2444 pugna
1000 2398 1233 2432 atrocissima
1270 2399 1368 2444 apud
1393 2400 1501 2434 Pelu-

113 2456 212 2488 sium
244 2451 342 2503 [46.],
378 2457 581 2490 instructae
611 2456 708 2490 acies
740 2458 958 2491 Persarum:
1000 2454 1090 2488 item
1121 2455 1386 2501 Aegyptiorum
1413 2467 1501 2490 cum

114 2512 259 2558 reliquo
293 2519 472 2558 apparatu
501 2511 603 2561 [47.].
650 2513 888 2547 Nectanebus
918 2511 1185 2558 Aegyptiorum
1216 2523 1281 2547 rex
1308 2514 1399 2547 belli
1427 2513 1500 2547 im-

113 2570 254 2613 peritus
291 2569 422 2614 spretis
453 2570 668 2605 melioribus
698 2570 854 2604 ducibus
890 2568 1046 2614 imperio
1075 2569 1257 2615 fungitur.
1308 2570 1498 2604 Nicostra-

116 2631 196 2658 tum
224 2627 355 2660 Persae
382 2626 504 2660 insciis
533 2627 734 2674 Aegyptiis,
763 2627 917 2661 ducibus
947 2632 1070 2660 tamen
1100 2626 1301 2672 Aegyptiis,
1330 2638 1396 2671 per
1421 2627 1501 2676 fos-s

114 2693 192 2715 sam
230 2682 497 2720 transmittunt.
536 2696 662 2730 pugna
695 2689 917 2729 superantur
945 2683 1137 2729 Aegyptii:
1182 2693 1255 2728 quo
1289 2683 1388 2717 facto
1419 2677 1498 2718 Ne-¹

116 2738 292 2773 ctanebus
330 2739 541 2786 Memphim
579 2752 618 2776 se
657 2741 793 2788 recipit
825 2737 928 2789 [484
990 2740 1126 2776 Pelusii
1163 2740 1392 2788 oppugnatio
1431 2739 1495 2773 de-
