1820 3249
364 159 472 200 1002
700 156 811 199 LIB.
843 154 940 199 XV.
998 157 1131 200 *CAR
1159 160 1227 201 58
1256 180 1313 190 --
1339 162 1407 203 60.

361 269 538 310 πολλῶν
564 267 637 311 καὶ
665 268 1046 325 μεγαλοπλούτων,
1071 272 1345 340 καταγνῶναι
1372 267 1584 315 θάνατον.
1624 286 1744 315 αναι-

362 324 582 378 ρεθέντων
620 325 667 369 δὲ
704 331 794 369 τῶν
832 328 1038 371 δυνατων
1073 325 1252 382 ἀνδρῶν
1288 327 1504 371 πλειόνων
1532 326 1561 383 ἢ
1595 329 1744 397 χιλίων

279 383 332 425 65
364 381 438 424 καὶ
468 382 703 426 διακοσίων
739 383 811 426 καὶ
839 387 930 427 τῶν
958 386 1233 454 δημαγωγῶν
1262 382 1407 427 αὐτῶν
1439 383 1463 428 6
1495 386 1631 440 δῆμος
1660 383 1745 428 οὐκ

357 437 572 494 ἐφείσατο.
623 438 696 483 διὰ
723 438 808 495 γὰρ
837 439 886 484 τὸ
916 439 1100 509 μέγεθος
1129 445 1204 495 τῆς
1234 445 1465 511 συμφορᾶς
1494 443 1538 485 οἱ
1567 441 1646 496 μὲν
1661 443 1747 511 δη-

356 496 553 551 μαγωγοὶ
583 496 852 566 φοβηθέντες
880 496 942 553 μή
970 514 1013 541 τι
1041 496 1298 566 παράλογον
1324 495 1474 548 αὐτοῖς
1504 496 1746 569 ἀπαντήσῃ,

356 555 434 607 τῆς
473 555 735 623 κατηγορίας
775 550 1044 610 ἀπέστησαν,
1100 554 1145 596 οἰ
1181 553 1222 597 δ’
1263 550 1383 609 ὄχλοι
1424 553 1626 605 δόξαντες
1660 553 1743 598 ὑπ’

357 608 506 651 αὐτων
545 609 952 680 ἐγκαταλελεῖφθαι,
993 610 1068 653 καὶ
1104 609 1178 653 διά
1217 613 1345 654 τοῦτο
1383 610 1744 668 παροξυνθέντες,

272 667 328 707 70
357 664 549 738 ἅπαντας
584 665 690 718 τοὺς
731 666 1021 736 δημαγωγούς
1061 664 1327 711 ἀπέκτειναν.
1380 669 1531 710 οὑτοι
1529 683 1621 724 μεν
1659 669 1743 710 οὐν

357 720 538 777 ὥςπερεί
578 740 700 774 τινος
735 723 1056 794 νεμεσήσαντος
1085 725 1316 779 δαιμονίου
1353 728 1430 780 τῆς
1466 723 1742 779 ἁρμοζούσης

355 782 566 848 τιμωρίας
596 781 763 836 ἔτυχον,
792 779 815 824 ὁ
849 781 907 850 δε,
926 783 1104 835 δῆμος
1091 780 1371 850 παυσάμενος
1399 784 1474 838 τῆς
1501 781 1658 837 λύττης
1683 781 1742 831 εἰς
1756 792 1801 829 49

272 868 327 908 ⁷9
355 835 425 892 τηε
424 852 435 872 ²
463 837 839 907 προϋπάρχουσαν
869 836 1048 880 εὔνοιαν
1078 835 1362 907 ἀποκατέστη.

269 882 326 965 ‚¹7³5
471 894 580 946 Περὶ
612 895 658 938 δὲ
687 893 791 944 τούς
822 892 985 945 αὐτούς
1011 893 1204 950 χρόνους
1235 890 1501 949 Λυκομήδης
1530 889 1554 937 6
1589 891 1744 948 Τεγεά-

353 965 429 1004 της
459 948 599 994 ἔπεισε
627 967 735 1023 τ,ους
768 949 982 1004 Ἀρκάδας
1014 952 1073 1001 εἰς
1106 952 1211 1006 μίαν
1241 950 1494 995 συντέλειαν
1529 954 1745 1005 ταχθῆναι

354 1007 430 1050 καὶ
458 1007 614 1062 κοινὴν
644 1008 753 1064 εχειν
783 1007 977 1051 σύνοδον
998 1012 1277 1052 συνεστῶσαν
1297 1008 1339 1060 ἐξ
1360 1006 1539 1079 ἀνδρων
1560 1009 1744 1076 μυρίων

355 1063 430 1106 καὶ
469 1063 653 1116 τούτους
691 1065 897 1117 εξουσίαν
937 1064 1048 1120 ἔχειν
1086 1065 1185 1119 περὶ
1223 1065 1418 1134 πολέμου
1458 1063 1532 1107 καὶ
1570 1061 1744 1132 εἰρήνης

355 1119 660 1175 βουλεύεσθαι.
712 1121 959 1191 γενομένης
981 1121 1028 1164 δὲ
1066 1122 1253 1173 στάσεως
1290 1120 1476 1178 μεγάλης
1503 1119 1623 1175 παρὰ
1650 1124 1745 1171 τοῖς

271 1182 327 1223 80
356 1176 555 1231 Ἀρκάσι,
596 1178 672 1222 καὶ
702 1178 774 1222 διά
813 1182 902 1222 τῶν
943 1177 1093 1222 ὅπλων
1127 1180 1445 1234 διακριθέντων
1475 1182 1565 1220 τῶν
1595 1179 1745 1232 διαφε-

356 1235 578 1288 ρομένων,
618 1236 773 1279 πολλοὶ
813 1236 892 1308 μὲν
921 1234 1231 1307 ἀνῃρέθησαν,
1269 1237 1448 1286 πλείους
1483 1234 1529 1279 δε
1557 1237 1644 1276 τῶν
1671 1251 1745 1290 χι-

354 1292 463 1335 λίων
492 1292 567 1335 καὶ
595 1295 888 1347 τετρακοσίων
918 1292 1131 1350 ε’φυγον,
1138 1294 1182 1336 οἱ
1208 1292 1288 1362 μὲν
1315 1294 1375 1343 εἰς
1402 1307 1484 1351 την
1511 1289 1743 1346 Σπάρτην,

355 1349 401 1390 οἱ
445 1347 488 1392 δ’
519 1350 582 1399 εἰς
623 1348 704 1405 τὴν
745 1348 1013 1392 Παλάντιον.
1077 1351 1202 1393 οὑτοι
1243 1365 1327 1418 μεν
1364 1353 1448 1392 οὐν
1488 1347 1742 1398 έκδοθέντες

353 1403 440 1448 ὑπὸ
476 1409 566 1448 τῶν
596 1407 861 1449 Παλαντίων
889 1404 977 1449 υπὸ
1008 1409 1097 1450 τῶν
1125 1405 1416 1476 νενικηκότων
1445 1403 1743 1472 έσφαγιάσθη-

267 1465 323 1510 85
354 1474 460 1505 σαν“
494 1463 539 1505 οἱ
566 1461 611 1505 δ’
642 1464 702 1514 εἰς
730 1461 827 1532 τὴν
841 1462 1050 1535 Σπάρτην
1078 1463 1294 1519 φυγόντες
1323 1461 1498 1508 ἔπεισαν
1527 1460 1632 1512 τοὺς
1654 1463 1741 1504 Λα-

350 1520 661 1589 κεδαιμονίους
691 1520 750 1570 εἰς
777 1535 858 1575 την
882 1518 1115 1574 Ἀρκαδίαν
1140 1522 1411 1575 στρατεῦσαι.
1451 1516 1602 1572 διόπερ
1622 1515 1742 1589 Ἀγη-

350 1577 499 1627 σίλαος
529 1573 553 1619 6
583 1575 788 1646 βασιλεὺς
816 1577 921 1633 μετὰ
951 1575 1180 1645 δυνάμεως
1207 1577 1282 1620 καὶ
1310 1579 1398 1619 τῶν
1421 1573 1672 1630 φυγάδων’
1655 1575 1741 1618 ενέ

348 1635 482 1689 βαλεν
522 1633 584 1684 είς
612 1634 699 1703 τὴν
719 1636 810 1676 τῶν
843 1637 1067 1688 Τεγεατῶν
1104 1632 1254 1689 χώραν
1283 1631 1356 1676 διὰ
1384 1632 1433 1676 τὸ
1465 1634 1610 1676 δοκεῖν
1638 1630 1740 1674 τού.

348 1706 453 1740 τους
484 1692 572 1759 τῆς
620 1688 812 1741 στάσεως
857 1690 933 1733 καὶ
969 1694 1046 1746 τῆς
1091 1693 1239 1759 φυγῆς
1289 1689 1454 1740 αἰτίους
1494 1688 1737 1757 γεγονέναι.

264 1755 322 1796 90
350 1745 582 1801 πορθήσας
613 1747 658 1790 δὲ
686 1762 768 1816 την
804 1744 952 1802 χώραν
987 1747 1063 1789 καὶ
1099 1750 1153 1801 τῇ
1181 1746 1305 1790 πόλει
1339 1745 1585 1814 προςβολας
1613 1760 1740 1800 ποιη-

351 1802 541 1857 σάμενος
577 1800 872 1860 κατεπλήξατο
910 1805 998 1847 τῶν
1034 1801 1263 1859 Ἀρκάδων
1300 1801 1406 1854 τούς
1453 1802 1738 1858 ἐναντιοπρα-

379 1864 554 1911 οῦντας.

266 1926 325 1964 60
349 1877 377 1917 y
454 1916 570 1972 ’Λμα
599 1915 647 1960 δὲ
684 1912 860 1967 τούτοις
896 1917 1214 1972 πραττομένοις
1239 1913 1392 1959 Ἰάσων
1425 1911 1453 1958 6
1483 1916 1641 1970 Φερων
1668 1911 1741 1957 τύ

267 1980 324 2024 95
354 1989 538 2028 ραννος,
580 1973 753 2016 συνέσει
790 1988 835 2016 τε
873 1977 1138 2045 στρατηγικῇ
1178 1972 1404 2026 διαφέρων
1436 1971 1512 2015 καὶ
1547 1969 1742 2022 πολλοὺς

350 2035 441 2074 τῶν
483 2031 722 2085 περιοίκων
762 2031 821 2080 εἷς
860 2031 1108 2085 συμμαχίαν
1144 2027 1556 2083 προςαγαγόμενος,
1601 2027 1741 2071 ε’πεισε

350 2104 458 2139 τους
490 2087 733 2138 Θετταλοὺς
763 2083 1087 2130 ἀντιποιεῖσθαι
1123 2090 1199 2141 τῆς
1228 2090 1317 2129 τῶν
1341 2084 1559 2140 Ἑλλήνων
1587 2082 1741 2140 ἡγεμο-

351 2146 472 2196 νίας·
518 2143 685 2198 ταύτην
730 2143 843 2211 γὰρ
865 2141 1005 2195 ω’ςπερ
1047 2143 1242 2186 επαθλον
1284 2139 1438 2198 ἀρετῆς
1481 2145 1751 2196 προκεῖσθαι.

351 2206 447 2252 τοῖς
485 2201 749 2252 δυναμένοις
787 2195 923 2271 αύτης
967 2198 1308 2257 άμφιςβητῆσαι.
1364 2198 1741 2254 Λακεδαιμονίους

244 2266 327 2307 100
353 2257 440 2315 γὰρ
477 2256 714 2314 συνέβαινε
747 2256 851 2314 περὶ
885 2258 1088 2315 Λεῦκτρα
1122 2258 1289 2315 μεγάλῃ
1325 2259 1532 2315 συμφορα
1569 2268 1742 2312 περιπε-

350 2393 408 2430 63.
427 2391 468 2430 δὲ
490 2405 561 2428 om.
589 2396 619 2430 Α
803 2390 956 2440 ἀνδρῶν
979 2404 1050 2429 om.
1072 2392 1104 2430 L
1285 2390 1341 2427 64.
1365 2388 1585 2436 διακοσίων]
1610 2386 1738 2434 ἑξακο-

353 2441 608 2522 oiqugUInge
633 2485 764 2531 λύττης
787 2485 999 2521 Sohaeferus
1020 2485 1185 2529 Melchp
1188 2483 1316 2521 .128,·
1339 2481 1422 2518 libri
1446 2479 1566 2526 λύπης

352 2533 409 2568 74.
433 2530 671 2578 Λυκομήδης]
696 2533 909 2577 Λυκομίδης
930 2533 947 2567 1
1115 2495 1185 2565 76¹,
1196 2532 1318 2576 ταχθῇ
1318 2543 1382 2565 ναι
1403 2529 1475 2571 AL,
1499 2525 1629 2562 caeteri
1652 2536 1738 2561 συν-

355 2581 542 2626 ταχθῆναι
725 2578 781 2613 77.
805 2579 983 2633 πολέμου]
1007 2575 1177 2622 πολέμων
1198 2578 1230 2612 F
1415 2574 1472 2608 82.
1497 2574 1534 2608 οι
1559 2571 1626 2615 δ’]
1652 2570 1672 2607 ὁ
1699 2570 1737 2607 δ’

571 2622 809 2669 Παλάντιον]
834 2621 1024 2661 Παλάτιον
1046 2624 1079 2658 Κ
1238 2620 1295 2659 83.
1320 2619 1570 2700 Hazwmstcgffl
1594 2620 1738 2709 Ξζλὲῖ]

353 2672 475 2755 ξίξῗῑῖ)
489 2671 630 2761 {gnam
653 2718 685 2752 A
745 2670 803 2706 89
828 2664 1489 2769 ⁶¹:332&ss‘zzaetzffiezgossmoivmffl
1502 2679 1628 2766 ῈΙῗζρ
1649 2678 1669 2710 Q

353 2766 674 2847 wqogaymwdmgog
689 2761 912 2846 Schaessruffi
901 2760 1218 2810 ,προηγούμενος
1229 2761 1301 2803 AF
1315 2758 1445 2797 caeteri
1466 2754 1739 2804 προςαγόμενος

492 2811 550 2847 98.
576 2822 599 2845 α
626 2821 692 2856 της
713 2820 771 2846 om
