1820 3249
367 161 478 201 1008
740 157 858 199 LIB.
889 156 985 200 XV.
1039 161 1170 203 cAP.
1200 165 1270 205 65.
1301 166 1369 205 66

365 275 757 339 συνομολογεῖσθαι
777 270 1072 327 προςέταττον
1094 272 1251 329 ἥττους
1271 271 1384 318 εἶναι
1404 291 1491 318 των
1511 279 1742 345 πολεμίων

364 325 723 394 ἀποκριναμένων
753 330 799 371 δὲ
827 332 918 372 τῶν
937 333 1229 401 Σπαρτιατων
1259 330 1324 374 ὅτι
1353 332 1510 386 καιρὸν
1537 333 1741 387 λαβόντες

362 383 545 428 εὔθετον
582 387 923 440 διαγωνιοῦνται
963 388 1062 438 περὶ
1112 391 1199 430 τῶν
1250 385 1383 438 ὅλων,
1434 388 1740 457 ἀπηλλάγησαν

278 448 330 488 10
359 439 447 484 ἀπὸ
476 446 551 497 τῆς
580 441 760 492 πόλεως.
807 446 955 485 πᾶσαν
994 442 1039 486 δὲ
1068 441 1149 497 τήν
1177 443 1441 512 Λακωνικὴν
1479 444 1738 514 δῃώσαντες,

355 499 428 542 καὶ
465 498 680 554 λαφύρων
710 497 1014 570 ἀναρίθμητον
1043 503 1211 568 πλῆθος
1241 499 1549 570 ἀθροίσαντες,
1580 500 1742 558 απεχώ-

355 566 496 610 ρησαν
525 557 584 606 εἰς
615 555 696 612 τήν
731 554 977 611 Ἀρκαδίαν.
1027 556 1133 610 μετὰ
1164 557 1209 599 δὲ
1238 554 1363 599 ταῦτ’
1389 552 1615 628 Ἀθηναῖοι
1644 559 1738 629 μέν,

352 611 638 681 υστερηκότες
675 615 765 655 τῶν
800 615 1013 682 καιρῶν,
1013 612 1285 681 ἐπανῆλθον
1326 614 1386 664 εἰς
1424 612 1504 668 τήν
1543 611 1739 672 Ἀττικηυ

355 668 486 712 οὐδὲν
515 670 755 737 πράξαντες
774 670 964 741 μνημῖης
995 667 1132 720 α’ξιον.
1176 674 1268 720 τοῖς
1299 669 1344 712 δὲ
1374 673 1737 726 Λακεδαιμονίοις

273 730 326 773 15
356 741 474 780 παρα
513 742 602 768 των
639 724 874 780 συμμάχων
903 730 1012 793 ἡκον
1042 725 1339 782 βοηθήσοντες
1376 731 1634 779 στρατιῶται
1661 745 1738 771 τε-

353 785 643 852 τρακιςχίλιοι.
695 781 808 837 πρὸς
839 783 885 825 δὲ
913 779 1088 833 τούτοις
1123 783 1388 836 προςθέντες
1423 782 1529 835 τούς
1559 786 1736 835 είλωτας

353 838 426 894 ἠλε
431 840 739 894 υθερωμένους
777 839 1040 894 προςφάτως
1078 841 1244 894 χιλίους
1281 840 1356 882 καὶ
1395 843 1484 882 τῶν
1523 844 1735 884 Βοιωτῶν

355 896 568 966 φυγάδων
608 896 879 947 διακοσίους,
925 896 986 938 ἔτι
1026 893 1068 938 δ’
1108 895 1155 938 ἐκ
1194 913 1282 939 των
1307 895 1528 965 σύνεγγυς
1564 897 1735 942 πόλεων
1750 897 1794 935 54

270 960 325 999 20
356 951 438 995 οὐκ
468 952 645 1008 ὀλίγους
674 950 1078 1020 μεταπεμψαμένοι,
1108 951 1422 1005 κατεσκεύαζον
1448 953 1635 1008 δύναμιν
1661 954 1734 998 ἆν-

353 1011 540 1053 τιπαλον
576 1026 668 1060 τοις
707 1011 943 1062 πολεμίοις.
980 1006 1143 1065 ταύτην
1184 1008 1230 1052 δ’
1270 1007 1444 1065 αθρόαν
1483 1010 1734 1066 συνέχοντες

353 1067 428 1109 καὶ
465 1066 751 1122 γυμνάζοντες
790 1064 858 1109 οἷεὶ
895 1069 1062 1135 μᾶλλον
1101 1063 1326 1121 ἐθάρρουν
1361 1067 1433 1111 καὶ
1470 1068 1733 1122 παρεσκευά-

356 1127 480 1177 ζοντο
509 1123 620 1177 πρὸς
648 1123 725 1166 τὸν
754 1121 863 1177 ὑπὲρ
894 1127 982 1166 τῶν
1012 1122 1127 1166 ὅλων
1157 1140 1318 1178 αγωνα.

266 1168 325 1206 66
461 1179 808 1235 Ἐπαμεινώνδας
845 1180 890 1223 δὲ
930 1180 1063 1236 φύσει
1092 1181 1429 1235 μεγαλεπίβολος
1465 1196 1528 1229 ων
1556 1180 1630 1224 καὶ
1659 1179 1731 1224 δό-

266 1223 322 1265 25
352 1237 426 1293 ξης
469 1236 729 1306 ὀρεγόμενος
769 1237 974 1289 αἰωνίου,
1014 1237 1300 1292 συνεβούλευε
1343 1242 1435 1287 τοῖς
1472 1253 1517 1280 τε
1553 1235 1730 1291 Ἀρκάσι

347 1295 423 1337 καὶ
448 1299 539 1345 τοῖς
569 1293 714 1344 ἄλλοις
744 1292 982 1364 συμμάχοις
1011 1295 1172 1336 οἰκίσαι
1200 1310 1281 1363 την
1312 1292 1561 1350 Μεσσήνην,
1590 1292 1731 1337 πολλα

347 1367 429 1406 μεν
458 1351 529 1422 ε’τη
557 1350 844 1406 γεγενημένην
875 1349 1118 1393 ἀνάστατον
1144 1349 1235 1393 ὑπὸ
1266 1351 1638 1405 Λακεδαιμονίων,
1661 1349 1730 1393 τό-

347 1423 435 1451 πον
465 1406 508 1451 δ’
541 1408 727 1451 εὔθετον
739 1407 943 1477 ε’χουσαν
970 1405 1079 1450 κατοὶ
1112 1411 1189 1463 τῆς
1217 1406 1435 1475 Σπάρτης.
1479 1418 1731 1461 συγκατατι-

261 1477 318 1518 30
347 1465 546 1519 θεμένων
595 1465 642 1507 δὲ
689 1462 868 1507 πάντων
919 1461 1143 1532 ἀνεζητησε
1186 1463 1292 1514 τούς
1335 1461 1728 1518 ὑπολελειμμένους

344 1526 435 1564 τῶν
463 1522 754 1589 Μεσσηνίων,
786 1521 860 1563 καὶ
892 1524 981 1563 τῶν
1013 1520 1157 1562 ἄλλων
1191 1535 1297 1570 τους
1325 1519 1620 1574 βουλομένους
1650 1536 1728 1563 κα-

343 1578 521 1630 ταλέξας
552 1580 612 1627 εἰς
652 1594 758 1646 την
767 1579 991 1620 πολιτείαν
1023 1576 1160 1620 ἔκτισε
1197 1593 1277 1632 την
1306 1576 1569 1645 Μεσσήνην,
1613 1581 1725 1619 πολ-

343 1634 450 1686 λους
485 1633 672 1690 ποιήσας
702 1631 838 1689 αὐτῆς
869 1632 1111 1688 οἰκήτορας.
1147 1633 1320 1683 τούτοις
1355 1632 1400 1676 δὲ
1431 1637 1724 1688 κατακληρου-

342 1689 481 1748 χήσας
509 1692 582 1734 καὶ
609 1693 689 1747 την
716 1691 864 1746 χώραν
892 1689 1241 1760 ἀνοικοδομήσας
1270 1687 1459 1733 ανέσωσε
1486 1689 1614 1733 πόλιν
1637 1689 1723 1733 ἐπί-

261 1759 317 1803 35
345 1761 487 1818 σημον
512 1747 757 1817 Ἑλληνίδα,
790 1747 865 1791 καὶ
891 1745 1075 1802 μεγαλης
1107 1745 1325 1818 ἀποδοχῆς
1352 1745 1470 1801 ἔτυχε
1497 1762 1616 1800 παρα
1640 1749 1723 1789 πᾶ-

344 1817 416 1848 σιν
449 1803 717 1874 ανθρώποις.
769 1802 851 1847 οὐκ
888 1803 1106 1846 ανοίκειον
1135 1801 1180 1846 δ’
1212 1808 1323 1846 εἰναι
1351 1804 1534 1856 νομίζω,
1563 1801 1723 1846 πολλά-

339 1879 411 1911 mg
445 1866 536 1931 τῆς
554 1859 788 1933 Μεσσήνης
806 1859 1012 1931 ἁλούσης
1041 1859 1113 1903 καὶ
1141 1861 1510 1914 κατασκαφείσης,
1539 1859 1593 1902 τά
1621 1860 1721 1911 περὶ

343 1917 484 1977 αὐτην
512 1916 590 1961 ἀπ’
621 1917 755 1974 αρχῆς
785 1934 843 1968 ως
875 1917 920 1960 έν
945 1917 1200 1970 κεφαλαίοις
1227 1915 1621 1970 παραδραμεῖν.τό
1640 1916 1719 1970 μὲν

260 1982 317 2024 40
348 1978 432 2020 οὐν
467 1975 659 2019 παλαιὸν
696 1977 738 2017 οἱ
783 1973 870 2017 dn&
911 1972 1098 2043 Νηλέως
1141 1989 1215 2016 και
1255 1975 1479 2025 Νέστορος
1512 1974 1720 2045 κατέσχον

344 2031 484 2088 αὐτὴν
513 2032 634 2104 μέχρι
663 2036 752 2074 τῶν
785 2033 996 2085 Τρωικων
1023 2028 1213 2100 χρόνων,
1243 2027 1347 2085 μετοὲ
1377 2029 1422 2072 δὲ
1449 2028 1570 2072 ταῦτ’
1598 2027 1720 2084 Ἀγα-

342 2090 561 2146 μέμνονος
585 2088 786 2144 Ὀρέστης
821 2089 896 2131 καὶ
936 2088 979 2130 οἱ
1016 2086 1101 2130 ἀπὸ
1131 2084 1293 2129 τούτου
1322 2085 1444 2140 μέχρι
1471 2089 1546 2141 τῆς
1575 2085 1719 2129 καθό-

344 2149 427 2191 δου
456 2163 544 2189 των
569 2145 873 2200 Ἡρακλειδων,
906 2142 992 2187 απὸ
1025 2144 1070 2187 δὲ
1098 2141 1257 2215 ταύτης
1283 2141 1568 2212 Κρεσφόντης
1597 2142 1718 2211 ε’λαχε
1742 2179 1747 2182 ,

342 2204 422 2275 τὴν
451 2205 721 2272 Μεσσηνίαν
746 2203 918 2270 μερίδα,
957 2200 1032 2244 καὶ
1069 2201 1113 2244 οἱ
1142 2198 1226 2243 aad
1256 2197 1417 2243 τούτου
1448 2198 1570 2254 μέχρι
1597 2200 1716 2250 τινὸς

258 2263 314 2309 45
343 2259 628 2318 ἐβασίλευσαν
666 2256 824 2317 αὐτῆς·
867 2257 1055 2314 ’ὕστερον
1094 2256 1142 2302 δὲ
1176 2272 1265 2301 των
1305 2254 1392 2300 απὸ
1422 2256 1716 2313 Κρεσφόντου

336 2432 372 2467 6.
406 2432 490 2467 libri
520 2432 851 2478 ξυνομολογεῒσθαι
1031 2430 1090 2466 10.
1119 2427 1183 2466 καὶ
1212 2427 1417 2474 λαφύρων]
1446 2427 1511 2463 καὶ
1543 2438 1613 2464 οιιι.
1635 2427 1714 2472 FK,

335 2479 498 2514 asterisco
522 2481 656 2514 notavit
676 2481 871 2523 Stephanus

427 2526 484 2559 54.
532 2526 588 2559 18.
616 2523 652 2562 δ’
680 2493 748 2571 ἐκ]
769 2524 808 2561 δὲ
832 2534 950 2558 omnes
1131 2519 1323 2565 σύνεγγυς]
1356 2517 1458 2564 ἐγγύς
1481 2522 1514 2552 et
1537 2518 1573 2551 in
1596 2529 1713 2574 mar-g.

335 2583 394 2616 γρ.
429 2570 602 2617 σύνεγγυς
637 2573 667 2606 F
850 2571 905 2605 21.
940 2568 1008 2614 οἷεὶ]
1035 2568 1107 2604 αἰεὶ
1131 2579 1251 2602 omnes
1431 2565 1487 2598 22.
1512 2561 1577 2601 τὸν
1600 2559 1710 2611 νπὲρ]

337 2617 404 2651 τὸν
427 2617 457 2651 L
638 2618 695 2652 24.
719 2618 1005 2663 μεγαλεπίβολος
1029 2619 1068 2657 Α,
1092 2613 1221 2648 caeteri
1241 2614 1368 2657 μεγαλε
1371 2608 1531 2656 πήβολος

337 2663 396 2697 25.
432 2666 510 2704 τοῖς
541 2664 603 2708 τε]
637 2667 716 2704 τοῖς
738 2665 804 2698 FK
984 2661 1041 2696 26.
1073 2661 1230 2705 οἰκίσαι]
1262 2659 1409 2700 οἰκῆσαι
1433 2657 1528 2691 ΑΕΚ

335 2708 394 2743 30.
417 2706 622 2753 υπολελειμ.
646 2711 732 2753 ῈΚ,
765 2709 893 2745 caeteri
925 2704 1131 2763 ἀπολελειμ.
1313 2704 1369 2739 34.
1393 2704 1455 2739 καὶ
1479 2699 1548 2748 τήν
1570 2699 1709 2748 χωραν]

335 2756 460 2790 malim
483 2755 549 2802 τήν
571 2770 697 2801 χωραν
720 2756 782 2791 καὶ
963 2755 1022 2789 36.
1051 2750 1090 2788 δ’
1117 2763 1186 2787 om.
1207 2752 1238 2785 F

335 2803 395 2837 41
419 2804 556 2850 ταῦτ’]
582 2805 691 2839 immo
712 2799 830 2839 ταῦθ’
854 2796 875 2838 ὅ
1057 2799 1114 2834 44.
1139 2797 1388 2845 ἐβασίλευσαν]
1414 2794 1624 2843 ἐβασίλευον
1647 2796 1677 2830 Α
