1820 3249
484 121 604 167 LlB.
633 120 725 164 XV.
785 118 917 167 GAP.
947 121 1013 160 47.
1047 121 1115 162 48.
1408 122 1490 162 991

102 252 181 307 top
209 230 544 291 α’προςδοκήτως
575 234 683 283 ,τοῖς-
696 232 1016 301 πολιορκοῦσιν
1046 228 1303 295 ἐπιθέμενος
1331 227 1498 273 ἀνεῖλεν
1528 236 1580 275 15

104 291 252 345 αὐτῶν
277 290 377 360 περὶ
405 289 677 348 διακοσίους,
698 287 894 358 ὕστερον
924 287 970 330 65
1001 283 1188 356 μεγάλης
1218 286 1354 356 μάχης
1380 303 1499 358 γενο

101 350 253 406 μένης
260 345 339 393 τόν
360 362 414 393 τε
428 341 712 405 Μνάσιππον
740 343 883 394 άνεῑλε
913 344 986 389 καὶ
1009 348 1108 395 τῶν,
1125 341 1270 386 ἄλλων
1300 341 1383 386 οὐκ
1407 341 1500 388 ὀλί-

101 419 230 462 γουςτ
243 402 388 455 τέλος
411 403 458 447 65
486 397 593 455 τούς
623 397 974 476 πολιορκοῦντας
1014 402 1075 452 εἷς
1103 401 1368 466 πολιορκίαν
1399 413 1500 456 συγ-
1533 432 1536 436 ,

101 448 276 521 κλείσας
304 456 505 531 μεγάλων
535 461 741 504 ἐπαίνων
753 459 883 529 ἔτυχε.
940 461 1022 502 τοῦ
1062 456 1109 501 65
1143 457 1244 513 περὶ
1281 455 1362 526 τὴν
1390 458 1500 512 Κέρ-

101 534 247 589 κυραν
281 517 476 588 πολέμου
512 516 683 574 σχεδὸν
709 514 796 589 ἤδη
834 514 959 566 τέλος
997 515 1174 571 ἔχοντος
1211 512 1501 582 κατέπλευσεν
1529 520 1585 559 20

102 572 127 620 6
158 573 312 645 στόλος
339 578 430 618 τῶν
457 571 704 646 Ἀθηναίων
735 573 795 624 εἰς
820 572 904 642 τὴν
933 571 1190 629 Κέρκυραν,
1231 571 1341 639 ἔχων
1372 583 1501 625 στρα-

100 648 262 703 τηγους
285 629 519 701 Τιμόθεον
547 631 622 675 καὶ
658 628 923 702 Ἰφικράτην.
982 630 1110 672 οὑτοι
1139 628 1186 672 65
1214 644 1303 671 των
1331 644 1502 683 καιρων

98 688 385 759 ’ὑστερηκότες
431 687 539 740 ἄλλο
591 687 673 744 μὲν
719 685 851 731 οὐδὲν
903 686 1096 740 ἔπραξαν
1145 686 1316 755 μνήμης
1362 684 1501 743 α’ξιον,

99 745 294 817 τριήρεσι
331 744 378 790 65
413 749 666 796 Σικελικαῖς
699 741 1024 816 περιτυχόντες,
1071 741 1124 795 ἃς
1155 741 1403 794 Διονύσιος
1443 745 1501 799 ἡν
1530 746 1587 789 25

101 801 381 854 άπεσταλκως
409 803 778 858 Λακεδαιμονίοις
806 801 876 844 ἐπὶ
907 802 1176 859 συμμαχίαν,
1218 801 1282 843 ὠν
1309 799 1502 854 ἡγοῦντο

99 860 340 915 Κισσίδης
348 859 423 903 καὶ
452 860 724 929 Κρίνιππος,
765 855 1045 911 αὐτάνδρους
1085 853 1228 910 εἷλον,
1270 855 1407 909 οὔσας
1433 857 1504 901 έν-

99 915 199 960 νέα·
229 933 335 967 τους
365 915 404 960 δ’
438 915 625 967 ἁλόντας
654 915 1123 970 λαφυροπωλήσαντες,
1153 916 1226 957 καὶ
1255 916 1388 958 πλείω
1413 918 1504 957 τῶν

99 973 331 1042 ἑξήκοντα
339 971 575 1042 ταλάντων
596 971 902 1027 ἀθροίσαντες,
933 969 1287 1041 έμισθοδότησαν
1315 970 1395 1041 την
1425 970 1503 1015 δυ’·-

96 1046 254 1086 ναμιν.
301 1028 392 1085 ἅμα
423 1029 470 1074 65
498 1028 672 1101 τούτοις
698 1028 1015 1100 πραττομένοις
1044 1026 1155 1072 κατά
1185 1028 1265 1083 μὲν
1297 1029 1382 1097 τὴν
1411 1028 1499 1072 Κύ-
1529 1029 1586 1069 30

98 1102 217 1140 προν
240 1089 473 1158 Νικοκλῆς
502 1085 527 1131 6
557 1086 770 1142 εὐνοῦχος
797 1085 1122 1143 ἐδολοφόνησεν
1150 1084 1393 1141 Εὐαγόραν
1423 1085 1502 1129 τὸν

99 1142 303 1214 βασιλέα,
345 1143 420 1188 καὶ
435 1147 525 1215 τῆς
552 1148 644 1188 τῶν
671 1145 958 1198 Σαλαμινίων
974 1145 1218 1213 βασιλείας
1253 1144 1499 1199 ἐκυρίευσε·

98 1200 210 1245 κατά
238 1199 285 1244 65
319 1199 401 1258 τὴν
435 1199 619 1245 Ἰταλίαν
655 1199 867 1257 Ῥωμαῖοι
902 1200 1012 1255 πρὸς
1042 1202 1390 1254 Πραινεστίνονς
1420 1217 1502 1244 πα-

98 1257 391 1314 ραταξάμενοι
426 1258 502 1302 καὶ
536 1256 793 1315 νικήσαντες
829 1257 937 1311 τούς
970 1258 1204 1310 πλείστους
1243 1261 1335 1302 τῶν
1377 1255 1502 1302 άντι-

98 1315 355 1368 ταξαμένων
381 1313 643 1368 κατέκοψαν.
1529 1320 1586 1363 35

206 1369 306 1419 ''Eu
312 1369 559 1443 ’a'qxov‘cog
579 1370 626 1416 6'
632 1369 895 1442 Ἀθήνησιν
921 1370 1115 1417 Ἀστείου
1140 1370 1348 1443 Ρωμαῖοι
1376 1372 1502 1418 κατέ·
1529 1381 1588 1420 48

99 1439 264 1487 στησαν
298 1425 394 1472 άντὶ
431 1432 520 1471 τῶν
553 1426 739 1485 ὑπάτων
775 1429 1023 1486 χιλιάρχους
1060 1430 1129 1489 ἕξ,
1159 1429 1354 1484 Μάρκον
1385 1429 1503 1476 Φού-

100 1501 202 1556 ριον
228 1484 312 1536 καὶ
337 1483 541 1529 Λεύκιον
584 1480 811 1558 Φούριον,
849 1487 909 1530 ἔτι
948 1487 994 1530 65
1030 1483 1184 1531 Αὖλον
1215 1488 1503 1544 Ποστούμιον

97 1542 200 1586 καὶ
212 1539 404 1585 Λεύκιον
432 1541 712 1613 Λουκρήτιον
743 1543 817 1586 καὶ
832 1542 1038 1614 Μάρκον
1060 1543 1246 1614 Φάβιον
1287 1545 1362 1588 καὶ
1390 1545 1502 1589 Λεύ-
1530 1549 1587 1592 40

97 1609 199 1642 κιον
228 1596 527 1668 Ποστούμιον.
588 1599 658 1642 ἐπὶ
686 1599 733 1643 65
761 1599 933 1644 τούτων
962 1600 1074 1644 κατὰ
1103 1600 1186 1657 τὴν
1216 1601 1500 1658 Πελοπόννη-

98 1666 182 1699 σον
223 1653 430 1725 ἐγένοντο
473 1656 643 1712 σεισμοὶ
683 1655 865 1726 μεγάλοι
903 1659 980 1701 καὶ
1014 1659 1314 1729 κατακλυσμοὶ
1355 1659 1501 1714 χώρας

97 1728 174 1773 και
200 1711 372 1757 πόλεων
402 1709 590 1756 άπιστοι.
644 1711 855 1757 οὐδέποτε
892 1730 989 1786 γαρ
1019 1715 1068 1758 έν
1097 1720 1191 1766 τοῖς
1220 1714 1364 1759 ἐπάνω
1401 1717 1501 1772 χρό-

96 1785 205 1820 νοις
243 1768 479 1839 ἐγένοντο.
496 1768 619 1826 πάθη
665 1774 851 1814 τοιαῦτα
895 1771 992 1825 περὶ
1044 1770 1193 1824 πόλεις
1234 1771 1498 1830 Ἑλληνίδας,

99 1823 206 1870 0665
243 1829 334 1879 τῶν
381 1825 553 1870 πόλεων
594 1824 856 1882 αὐτάνδρων
901 1826 1174 1900 α’φανισμός,
1214 1831 1338 1880 θείας
1377 1831 1499 1882 τινός
1527 1835 1584 1878 45

99 1882 320 1953 ἐνεργείας
349 1881 430 1939 τήν
451 1881 673 1930 ἀπώλειαν
702 1885 777 1928 καὶ
807 1886 993 1956 φθοράν
1021 1903 1110 1929 των
1134 1883 1394 1940 ἀνθρώπων
1423 1906 1501 1958 μη-

96 1939 409 2010 χαν-ησαμένης.
466 1940 652 1984 ἐπέτεινε
692 1941 741 1986 65
781 1941 844 1985 τὸ
871 1944 1057 1999 μέγεθος
1087 1946 1170 2013 τῆς
1202 1948 1437 2014 συμφορᾶς
1475 1943 1499 1990 ὁ

96 1993 274 2068 καιρός·
302 1994 358 2041 οὐ
388 1995 491 2070 γὰρ
502 1995 669 2054 ἡμέρας
699 1999 861 2055 συνέβη
887 2000 1093 2056 γενέσθαι
1120 1999 1200 2044 τόν
1227 2001 1417 2072 σεισμόνὲ
1450 2001 1500 2046 ἐν

97 2048 128 2111 ᾖ
157 2053 350 2098 δυνατὸν
377 2051 434 2111 ἦν
462 2055 566 2106 §069
594 2056 938 2108 κινδυνεύοντας
958 2061 1140 2127 βοηθεῖν
1169 2057 1358 2112 ἑαυτοῖς,
1390 2057 1497 2102 ἄλλα

95 2110 255 2163 νυκτὸς
282 2114 366 2155 τοῦ
391 2109 573 2163 πάθους
603 2112 855 2169 συμβάντος
891 2116 937 2157 αἱ
965 2114 1057 2170 μὲν
1073 2115 1208 2159 οἰκίαι
1239 2115 1310 2159 δια
1344 2115 1394 2159 τὸ
1425 2117 1497 2172 μέ·
1527 2122 1583 2165 50

95 2172 230 2237 γεθος
269 2171 352 2212 τοῦ
395 2171 581 2224 σεισμοῦ
636 2170 1065 2241 καταῤῥιπτούμεναι
1114 2172 1401 2243 συνεχέοντο,
1453 2190 1498 2217 οι

100 2223 149 2268 65
177 2219 408 2296 ανθρωποι
449 2225 524 2270 διά
568 2241 614 2271 τε
653 2226 703 2272 τό
751 2227 908 2279 σκότος
951 2230 1027 2274 καὶ
1071 2228 1122 2273 τό
1169 2234 1247 2285 τῆς
1286 2229 1500 2301 περιστά-

99 2292 209 2334 σεως
240 2279 574 2352 οἷπροςδόκητον
603 2280 684 2327 καὶ
705 2285 960 2341 παράδοξον
1001 2284 1231 2347 άδυνάτως
1265 2291 1385 2342 εἰχον
1416 2284 1500 2331 άν-

97 2337 444 2394 τιλαμβάνεσθαι
483 2357 562 2410 της
600 2343 925 2412 σωτηρίας.οῑ
952 2343 1032 2400 μὲν
1063 2347 1153 2388 ,οὐν
1189 2344 1367 2394 πλείους
1406 2345 1500 2388 ένα-

21 2405 68 2444 40
96 2395 399 2467 ποληφθέντες
447 2402 542 2448 τοῖς
577 2395 778 2468 πτώμασι
817 2416 907 2444 των
953 2402 1107 2444 οἰκιῶν
1138 2392 1494 2473 η’φανισθησαν·
1526 2407 1581 2451 55

97 2450 401 2512 ἐπιλαβούσης
427 2451 474 2498 δ’
513 2453 681 2512 ημέρας
719 2456 835 2509 τινες
871 2456 1094 2515 ἐξεπήδων
1133 2457 1180 2503 ἐκ
1209 2461 1299 2501 τῶν
1328 2460 1498 2512 οἰκιῶν,

191 2555 249 2591 39.
273 2556 332 2594 14.
358 2554 650 2603 απροςδοκήτως
672 2570 741 2594 om.
760 2560 778 2594 Ι
915 2559 975 2596 18.
997 2561 1234 2618 πολιορκίαν]
1255 2560 1417 2618 μεγάλην
1433 2562 1498 2595 ad-

99 2600 185 2635 dunt
197 2602 260 2639 ΕΙ
405 2605 463 2639 3⁰.
489 2607 697 2651 Νικοκλῆς]
723 2607 851 2642 Κοκλ”
825 2619 870 2651 ης
891 2605 923 2641 Λ
1087 2603 1106 2642 ὁ
1132 2606 1325 2652 εὐνοῦχος]
1355 2605 1412 2643 δι’
1436 2606 1498 2643 515--

98 2646 238 2691 νούχου
262 2649 425 2686 Reiskius
508 2685 511 2694 ⁸,
572 2652 631 2686 33.
660 2620 968 2697 Πραινεστίνους]
999 2654 1303 2701 Πραινεστήνονς
1328 2656 1371 2697 Κ,
1388 2668 1497 2698 πραι-

96 2692 296 2738 νεστηνθΰς
317 2695 348 2729 F
560 2698 617 2735 38.
645 2698 833 2744 Φούριον]
867 2698 1065 2757 Φρούριον.
1081 2701 1113 2743 Q
1309 2701 1492 2745 Φούριον]

101 2740 302 2796 Φρούριον,
313 2742 372 2786 Q,
393 2752 463 2778 om.
486 2744 520 2780 A
644 2774 646 2777 .
697 2746 772 2784 Μ.
792 2744 908 2791 οὐδε]
937 2744 982 2783 οἷ’
986 2758 1024 2783 τε
1043 2757 1166 2783 omnes
1327 2748 1382 2782 51.
1406 2760 1492 2784 avv-

98 2785 260 2833 εχεοντο]
286 2789 478 2833 συνέχοντο
503 2791 520 2827 1
