1820 3249
472 143 587 184 [AB.
617 141 705 183 XV.
764 140 895 182 GAP.
925 143 992 183 31.
1022 145 1089 184 32.
1386 141 1471 181 975

91 256 317 326 Ἀρκάδες,
359 253 566 311 τετάρτην
595 251 639 298 δ’
671 250 852 302 Ἠλεῖοι,
881 250 1078 323 πέμπτην
1107 249 1150 295 δ’
1179 250 1359 306 Ἀχαιοί,
1398 249 1473 293 καὶ

95 314 176 414 την
211 313 289 368 μὲν
328 311 455 368 ἕκτην
479 310 711 381 -ἐπλήρουν
739 311 981 362 Κορίνθιοι
1009 309 1082 353 καὶ
1112 312 1354 379 Μεγαρεῖς,
1392 307 1472 362 τὴν

97 369 361 425 δ’έβδόμην
399 367 643 411 Σικυώνιοι
672 367 743 410 καὶ
776 365 979 409 Φλιάσιοι
1016 365 1089 409 καὶ
1132 367 1176 408 οἱ
1205 382 1287 420 την
1321 363 1515 417 Ἀκτὴν
1504 369 1552 409 (ζ
1534 386 1556 407 )

96 426 371 481 καλουμένην
399 428 642 476 οἰκοῦντες,
681 423 760 480 τὴν
790 422 834 468 δ’
843 422 1028 493 ὀγδόην
1054 421 1333 474 Ἀκαρνᾶνες,
1369 420 1473 462 ἐνά-

95 499 175 554 την
202 483 249 526 δὲ
285 486 450 533 Φωκεῖς
478 482 550 526 καὶ
578 484 773 535 Λοκροί,-
806 479 886 536 τὴν
915 477 956 523 δ’
989 480 1058 523 ἐπὶ
1087 483 1223 522 πᾶσιν
1249 475 1474 521 Ὀλύνθιοι

95 539 169 584 καὶ
199 540 243 582 οἱ
274 539 342 582 ἐπὶ,
376 538 550 609 Θράκης
589 553 895 587 κατοικουντες
933 535 1160 591 σύμμαχοι.
1221 531 1277 590 ἧν
1317 531 1363 577 δ’
1402 531 1475 575 αὐ-

95 601 188 646 τοῖς
216 595 242 639 6
273 596 372 666 μὲν
389 595 565 652 ὁπλίτης
606 595 717 649 πρὸς
758 592 841 638 δύο
870 595 1029 644 ψιλους
1058 592 1335 660 τεταγμένος,
1378 588 1401 633 6
1432 586 1474 632 6’
1506 596 1560 634 9⁴)

97 652 251 704 ἱππεύς
288 651 404 706 πρὸς
433 653 636 706 τέτταρας
665 650 842 701 ὁπλίτας
879 650 1141 705 ἰσαζόμενος.
1200 647 1402 702 τοιαύτης
1433 645 1480 688 δὲ

96 726 173 766 της
202 709 443 761 συντάξεως
473 709 629 764 ου’σης,
660 707 805 766 ἠγεῖτο
837 711 929 776 τῆς
947 710 1149 760 στρατιᾶς
1176 703 1478 760 Ἀγησίλαοςο

97 766 319 822 βασιλεύς
361 765 620 836 περιβόητος
657 764 701 808 δ’
738 767 794 821 ἠν
825 764 872 807 ἐν
904 761 1084 835 ἀνδρείᾳ
1113 763 1187 806 καὶ
1218 760 1482 828 στρατηγικῇ

98 823 270 867 συνέσει
300 823 372 868 καὶ
395 823 549 893 σχεδὸν
575 821 777 877 ἀνίκητος
804 820 994 876 γεγονώς
1022 820 1069 864 ἐν
1097 825 1189 869 τοῖς
1210 818 1356 862 ἐπάνω
1382 815 1481 887 χρό-

97 896 206 950 vocs-3
260 880 307 923 ἕν
334 895 379 923 τε
407 879 492 950 γὰρ
531 885 619 931 τοῖς
649 883 815 930 λοιποῖς
843 877 1048 949 πολέμοις
1082 875 1368 930 ἐθαυμάσθη,
1407 872 1480 916 καὶ
1510 883 1563 922 9»

99 934 206 980 καθ’
247 935 300 981 ὃν
327 935 485 992 καιρὸν
512 936 852 991 Λακεδαιμόνιοι
887 934 1128 1002 ἐπολέμουν
1156 938 1249 983 τοῖς
1277 932 1480 985 Πέρσαις,

96 993 453 1066 παραταξάμενος
500 993 574 1037 καὶ
630 994 986 1036 πολλαπλασίονα
1047 991 1235 1046 δύναμιν
1284 988 1480 1057 νικήσας,

98 1050 269 1106 πολλην
297 1054 373 1106 τῆς
396 1048 541 1101 Ἀσίας
569 1050 750 1106 ἐπῆλθε,
790 1052 964 1103 κρατῶν
992 1065 1081 1091 των
1109 1047 1365 1101 υπαίθρων,
1406 1043 1481 1088 καὶ

100 1107 259 1160 πέρας,
286 1109 335 1150 εἰ
376 1106 435 1163 μὴ
474 1107 797 1163 μετεπέμψαντο
838 1105 976 1149 αὐτόν
1016 1107 1060 1148 οἱ
1097 1108 1370 1158 Σπαρτιᾶται
1408 1098 1480 1144 διά
1513 1107 1591 1148 100

98 1180 219 1213 τινας
257 1163 482 1216 πολιτικὰς
518 1165 684 1220 χρείας,
722 1162 889 1233 σχεδὸν
927 1161 982 1205 ἄν
1019 1164 1094 1205 καὶ
1127 1160 1207 1217 τὴν
1247 1160 1355 1216 ὅλην
1393 1162 1482 1202 τῶν

103 1224 286 1279 Περσῶν
313 1223 554 1292 βασιλείαν
568 1222 629 1271 εἰς
653 1219 759 1272 τούς
788 1218 996 1276 ἐσχάτους
1016 1218 1253 1269 κινδύνους
1281 1217 1481 1287 κατέστη-

101 1289 188 1323 σεν.
247 1280 301 1334 ἠν
345 1277 428 1334 γὰρ
466 1276 490 1322 6
528 1277 640 1349 ἅνηρ
678 1280 809 1328 οὗτος
849 1276 1080 1331 δραστικὸς
1121 1276 1194 1320 καὶ
1224 1275 1336 1342 μετὰ
1358 1274 1481 1318 συνέ-

103 1346 210 1386 σεως
237 1338 401 1406 πολλῇς
425 1334 598 1389 θρασὺς
625 1335 700 1379 καὶ
733 1332 1004 1390 παραβόλοις
1031 1331 1213 1403 πράξεσι
1249 1347 1479 1388 χρωμένος

104 1391 174 1434 διό
204 1392 278 1434 καὶ
305 1391 401 1435 τότε
429 1396 704 1461 θεωροῦντες
736 1392 780 1435 οἱ
806 1395 1082 1460 Σπαρτιᾶται
1109 1389 1160 1434 τὸ
1190 1389 1373 1448 μέγεθος
1401 1394 1485 1431 τοῦ
1512 1391 1539 1433 5

104 1446 298 1503 πολέμου
326 1447 652 1519 προςδεόμενον
679 1446 892 1503 ἡγεμόνος
921 1446 1189 1505 ἀξιολόγου,
1213 1451 1375 1491 τοῦτον
1401 1447 1484 1490 τοῦ

103 1504 299 1561 πολέμου
328 1505 491 1557 παντὸς
518 1504 712 1562 ἡγεμόνα
739 1504 1017 1562 κατέστησαν.

211 1598 263 1644 Ὅ
292 1598 338 1644 δ’
362 1598 614 1657 Ἀγησίλαος
648 1617 916 1671 προαγαγων
951 1600 1032 1658 τήν
1069 1595 1259 1670 δύναμιν
1286 1595 1392 1657 ἧκεν
1429 1599 1488 1649 εἰς
1515 1598 1569 1638 30·

103 1655 184 1713 τήν
204 1658 432 1708 Βοιωτίαν,
462 1658 572 1713 ε’χων
598 1675 706 1711 τους
738 1661 1004 1718 σύμπαντας
1017 1657 1284 1713 στρατιώτας
1313 1657 1488 1707 πλείους
1520 1657 1571 1695 10

104 1718 195 1758 τῶν
242 1715 415 1784 μυρίων
465 1714 816 1785 ὀκτακιςχιλίων,
867 1718 930 1759 ὠν
978 1717 1090 1771 ἦσαν
1131 1714 1492 1768 Λακεδαιμονίων

104 1771 229 1815 πέντε
274 1770 442 1841 μόραι·
473 1771 552 1842 τὴν
592 1772 637 1816 δὲ
677 1773 819 1828 μόραν
849 1771 1179 1841 ἀναπληροῦσιν
1207 1769 1364 1824 άνδρες
1392 1786 1493 1813 πεν-

104 1825 320 1872 τακόσιοι.
387 1825 412 1871 6
452 1827 499 1871 δὲ
531 1831 739 1885 Σκιρίτης
777 1829 1043 1886 καλούμενος
1075 1828 1209 1898 λόχος
1245 1843 1364 1898 παρα
1401 1831 1493 1877 τοῖς

106 1882 404 1954 Σπαρτιάταις
435 1882 488 1928 οὐ
512 1886 789 1931 συντάττεται
814 1887 920 1942 μετὰ
943 1890 1031 1930 τῶν
1057 1884 1216 1937 ἄλλων,
1246 1883 1343 1928 ἀλλ’
1376 1885 1493 1930 ἰδίαν

106 1941 215 1997 ε’χων
244 1939 454 1986 σύστασιν
471 1959 582 1997 -μετα
612 1947 692 1987 τοῦ
720 1945 930 2015 βασιλέως
959 1945 1139 1993 ἵσταται,
1168 1942 1243 1987 καὶ
1271 1944 1492 2013 παραβοη-
1522 1936 1574 1977 15

106 2003 181 2042 θεῖ
206 2003 298 2049 τοῖς
326 1995 395 2041 ἀεὶ
421 1998 699 2055 θλιβομένοις
733 2001 906 2058 μέρεσι·
944 1999 1161 2050 συνεστώς
1199 1996 1247 2042 6’
1285 1999 1328 2051 ἐξ
1357 1997 1494 2042 ἐπιλέ-

108 2071 223 2099 κτων
259 2053 509 2109 ἀνθρωπων
545 2056 735 2127 μεγάλας
773 2063 960 2102 ποιεῖται
1008 2056 1145 2113 ῥοπας
1185 2056 1232 2099 έν
1270 2062 1364 2107 ταῖς
1400 2071 1489 2098 πα-

107 2110 309 2168 ρατάξεσι
343 2112 418 2155 καὶ
451 2113 562 2157 κατά
602 2114 651 2157 τὸ
689 2120 891 2159 πλεῖστον
934 2116 1072 2166 αἰτιος
1108 2115 1271 2169 γίνεται
1309 2118 1383 2169 τῆς
1419 2114 1488 2155 νί-

108 2185 197 2224 κης.
262 2170 406 2221 ἱππεῖς
455 2167 502 2214 δ’
547 2168 659 2227 εἶχεν
698 2170 723 2216 ὁ
770 2170 1025 2231 Ἀγησίλαος
1061 2172 1238 2241 χιλίους
1275 2171 1348 2214 καὶ
1392 2186 1489 2213 πεν-
1518 2174 1571 2214 20

109 2227 354 2278 τακοσίους
421 2222 552 2280 οὗτος
601 2228 682 2284 μὲν
730 2232 814 2275 οῦν
854 2227 1206 2286 παραγενόμενος
1250 2228 1312 2280 εἰς
1361 2227 1489 2272 πόλιν

208 2423 266 2460 26.
289 2423 346 2461 83.
372 2422 412 2460 6’
420 2425 431 2470 ]
458 2424 498 2461 δὲ
521 2426 553 2460 F
735 2425 792 2462 86.
817 2425 979 2471 ἐνάτην]
1012 2424 1171 2472 ἕννάτην
1194 2419 1313 2463 omnes

111 2469 168 2504 87.
195 2470 236 2506 6’
259 2468 317 2507 ἐπὶ
341 2473 455 2507 πᾶσιν
482 2472 716 2516 AFHIKLQ,
750 2475 879 2508 caeteri
903 2472 943 2509 δε
969 2474 1101 2518 δεκάτη
1107 2488 1126 2508 ν
1323 2471 1381 2507 96.
1407 2470 1496 2508 ἔπο-

113 2515 247 2560 λέμουν
267 2518 483 2573 Stephanum
506 2519 588 2553 libri
610 2520 857 2563 πολεμοῦντες
1046 2487 1103 2556 98η.
1128 2518 1283 2565 ἐπῆλθε]
1299 2517 1441 2565 ὑπῆλθε
1464 2520 1496 2553 F

271 2566 345 2598 τῶν
368 2560 591 2610 υπαίθρων]
623 2566 692 2623 τήν
718 2564 920 2609 ’ὑπαίθρων
943 2566 977 2600 Κ
1169 2568 1200 2600 1.
1224 2569 1299 2601 τῶν
1324 2568 1498 2613 Περσᾶν]

115 2610 273 2652 Περσῶν
298 2610 365 2644 FK
527 2611 560 2647 8.
592 2609 632 2646 δ’
664 2613 712 2654 F,
735 2614 865 2647 caeteri
890 2611 930 2648 δὲ
1108 2625 1326 2658 προαγαγων
1350 2614 1495 2646 Rhodo-

114 2666 278 2689 mannus:
307 2655 388 2690 libri
412 2670 597 2703 npogoeya2
600 2657 653 2692 ὠν
876 2661 932 2693 11.
958 2660 1272 2704 Λακεδαιμονίων
1298 2660 1430 2704 ΑΙΚΩ,

114 2703 417 2744 Λακεδαιμονίων
440 2705 489 2746 F,
513 2704 642 2738 caeteri
668 2703 704 2739 οἳ
725 2704 1016 2750 Λακεδαιμόνιοι
1232 2705 1346 2750 μόραι
1365 2725 1409 2730 -
1426 2661 1495 2752 pto3

115 2749 200 2793 ραν]
223 2748 307 2785 libri
328 2751 461 2794 μοῖραι
483 2770 529 2775 -
551 2753 689 2795 μοῖραν
895 2752 948 2787 15.
974 2751 1049 2798 dez]
1087 2753 1158 2789 αἰεὶ
1181 2765 1299 2789 omncs
