1820 3249
334 129 443 170 1322
635 129 751 168 LIB.
782 127 927 170 xvlu.
984 129 1115 170 cAl‘.
1145 134 1213 173 67.
1243 152 1298 161 —-
1327 135 1395 173 69.

331 239 451 282 νείου
487 239 656 289 πόσεως
692 238 803 282 κατὰ
841 238 890 283 τό
926 239 1112 310 πάτριον
1146 241 1248 312 ἔθος
1275 241 1353 285 τὸν
1380 240 1480 298 βίον
1504 240 1692 284 καταλύ-

331 306 483 365 σαντες
518 295 759 366 έῤῥίφησαν
799 295 962 353 ἄταφοι
1000 296 1156 350 πάντες
1194 299 1240 341 ἐκ
1278 302 1368 342 τῶν
1389 315 1476 368 της
1506 296 1693 353 Ἀττικῆς

245 353 301 394 95
334 350 464 421 ὅρων.
523 351 547 395 ὁ
585 352 664 407 μὲν
702 357 783 396 οὑν
828 354 1012 397 Φωκίων
1049 355 1120 398 καὶ
1153 357 1196 397 οῖ
1225 353 1315 409 μετ’
1347 353 1484 398 αὐτοῦ
1504 356 1691 423 διαβλη-

329 407 478 459 θέντες
495 408 714 479 τοιαύτην
743 409 870 479 ἔσχον
894 409 973 482 τήν
1001 415 1080 454 τοῦ
1107 412 1207 465 βίου
1236 408 1557 466 καταστροφην.

243 468 299 508 68
439 464 727 521 Κάσσανδρος
756 466 806 510 δὲ
830 466 937 521 παρ’
962 465 1213 535 Ἀντιγόνου
1231 467 1380 523 λαβων
1400 471 1509 518 ναῦς
1527 482 1695 523 μακρας

326 520 561 575 τριάκοντα
582 523 655 566 καὶ
675 523 826 575 πέντε,
859 523 1121 578 στρατιώτας
1139 525 1185 567 δὲ
1211 526 1593 595 τετρακιςχιλίους,
1620 539 1695 566 κα-

217 581 297 621 100
327 579 558 622 τέπλευσεν
587 581 647 630 εἰς
675 579 754 622 τὸν
777 584 972 634 Πειραιᾶ.
1015 583 1172 633 προςδε
1175 581 1292 636 χθεις
1321 579 1365 624 δ’
1397 580 1482 624 ὑπὸ
1505 578 1697 623 Νικάνο-

329 651 405 686 ρος
433 640 514 678 τοῦ
544 635 838 705 φρουράρχου
862 635 1077 691 παρέλαβε
1094 636 1173 679 τόν
1206 641 1383 690 Πειραιᾶ
1413 638 1487 681 καὶ
1514 637 1567 680 τὰ
1591 640 1698 680 κλεῖ-

326 697 417 745 θρα
446 695 527 735 τοῦ
553 692 747 747 λιμένος·
793 691 872 748 τὴν
903 694 949 736 δὲ
967 695 1229 761 Μουνυχίαν
1259 692 1389 745 αὐτὸς
1428 692 1451 736 ὁ
1482 692 1695 746 Νικάνωρ

327 753 530 817 κατεῖχεν
551 749 659 805 ἔχων
697 750 838 799 ἰδίους
868 748 1129 803 στρατιώτας
1166 751 1345 800 ἱκανούς
1381 750 1439 800 εἰς
1475 749 1523 794 τὸ
1551 754 1699 820 τηρεῖν

329 805 378 847 τό
410 804 642 860 φρούριον.
704 804 1032 860 Πολυσπέρχων
1052 805 1097 848 δὲ
1116 805 1221 861 μετὰ
1242 810 1330 848 τῶν
1346 806 1594 873 βασιλέων’
1581 807 1700 860 ε’τυχε

273 861 299 902 5
329 861 408 916 μὲν
436 863 674 930 διατρίβων
701 863 801 916 περὶ
829 878 911 916 την
942 864 1140 912 Φωκίδα,
1181 861 1432 918 πυθόμενος
1461 862 1507 905 δὲ
1532 862 1611 905 τὸν
1641 863 1702 912 εἰς

331 921 518 971 Πειραιᾶ
547 917 800 962 κατάπλουν
827 922 907 962 τοῦ
936 897 1251 973 Κασσάνδρου,
1279 923 1503 975 παρῆλθεν
1532 921 1591 970 εἰς
1622 917 1701 973 τήν

328 972 539 1035 Ἀττικήν,
586 975 661 1018 καὶ
697 976 882 1046 πλησίον
917 979 996 1019 τοῦ
1025 976 1264 1030 Πειραιέως
1290 974 1702 1030 κατεστρατοπέδευ-

331 1041 418 1073 σεν.
480 1036 563 1087 εἰχε
603 1033 649 1074 δὲ
686 1030 788 1087 μεθ’
829 1031 989 1075 ἑαυτοῦ
1019 1032 1283 1086 στρατιώτας
1310 1035 1464 1085 πεζούς
1493 1031 1571 1088 μὲν
1600 1035 1701 1074 Μα-

248 1086 301 1125 10
331 1085 515 1138 κεδόνας
556 1090 836 1144 διςμυρίους.
888 1092 976 1131 τῶν
1006 1088 1046 1131 δ’
1079 1087 1221 1132 ἄλλων
1251 1088 1485 1144 συμμάχων
1513 1089 1612 1141 περὶ
1640 1103 1703 1130 τε-

327 1146 663 1216 τρακιςχιλμίους
694 1147 837 1195 ἱππεῖς
866 1146 913 1188 δὲ
940 1147 1123 1203 χιλίους,
1155 1146 1389 1201 ἐλέφαντας
1419 1145 1466 1188 δὲ
1496 1143 1702 1211 ἑξήκοντα

329 1202 468 1244 πέντε.
535 1201 763 1257 ἐπεβάλετο
811 1218 890 1255 μεν
931 1218 1013 1244 ουν
1050 1205 1301 1256 πολιορκεῖν
1344 1218 1449 1253 τους
1488 1201 1586 1256 περὶ
1622 1199 1702 1243 τὸν

327 1256 643 1311 Κάσσανδρον,
685 1260 903 1310 σπανίζων
933 1260 978 1300 δε
1008 1263 1195 1324 τροφῆς,
1230 1259 1304 1301 καὶ
1331 1274 1412 1312 την
1441 1259 1701 1311 πολιορκίαν

328 1314 660 1370 ὑπολαμβάνων
702 1315 879 1357 ἔσεσθαι
918 1314 1238 1369 πολυχρόνιον,
1282 1313 1539 1384 ἠναγκάσθη
1570 1313 1704 1382 μέρος

244 1375 295 1417 15
325 1376 400 1426 τῆς
442 1371 667 1426 δυνάιιεως
709 1369 936 1413 ἀπολιπεῖν
977 1370 1086 1413 κατά
1116 1370 1194 1427 τῆν
1221 1370 1430 1440 Αττικὴν
1439 1370 1489 1428 τὸ
1517 1369 1706 1425 δυνάμε-

329 1445 413 1470 νον
443 1427 552 1483 ἔχειν
580 1427 658 1483 τῆν
686 1431 766 1470 τοῦ
796 1429 921 1469 σίτου
949 1430 1182 1496 χορηγίαν,
1214 1426 1461 1495 ἡγουμένου
1490 1430 1571 1470 τοῦ
1600 1428 1704 1470 υἱοῦ

325 1483 635 1539 Αλεξάνδρου,
679 1482 809 1534 αὐτὸς
846 1483 891 1526 δὲ
930 1483 979 1527 τό
1010 1489 1211 1527 πλεῖστον
1240 1487 1315 1540 τῆς
1348 1482 1574 1537 δυνάμεως
1602 1482 1706 1525 ἀνα-

330 1542 479 1596 λαβών
507 1545 734 1596 παρῆλθεν
760 1542 818 1590 εἰς
843 1539 1197 1597 Πελοπόννησον
1231 1538 1578 1611 συναναγκάσων
1602 1537 1708 1589 τούς

245 1607 299 1646 20
329 1601 703 1669 Μεγαλοπολίτας
732 1602 986 1653 πειθαρχεῖν
1023 1603 1112 1648 τοῖς
1149 1600 1420 1667 βασιλεῦσιν’
1468 1595 1706 1669 ἐτύγχανον

328 1672 413 1724 γαρ
443 1654 495 1698 τοὶ
527 1653 823 1707 Κασσάνδρου
854 1658 1124 1723 φρονοῦντες
1153 1655 1226 1697 καὶ
1256 1653 1328 1697 δια
1356 1656 1433 1709 τῆς
1460 1651 1544 1696 υπ’
1573 1653 1705 1695 Ἀντι-

329 1711 499 1767 πάτρου
528 1711 851 1766 καθεσταμένης
881 1709 1128 1766 ὀλιγαρχίας
1158 1687 1470 1764 διοικούμενοι.

243 1777 300 1814 69
446 1772 537 1812 Τοῦ
575 1768 622 1811 δὲ
664 1764 1055 1821 Πολυσπέρχοντος
1097 1768 1194 1820 περὶ
1234 1771 1372 1810 ταῦτα
1403 1766 1706 1820 διατρίβοντος

245 1831 300 1872 25
331 1823 355 1869 ὃ
394 1826 684 1880 Κάσσανδρος
731 1823 967 1879 ἀναλαβών
1012 1823 1090 1866 τόν
1143 1822 1300 1867 στόλον
1350 1822 1582 1878 Αἰγινήτας
1626 1821 1705 1875 μὲν

329 1881 641 1938 προςηγάγετο,
673 1881 777 1931 τούς
807 1881 850 1923 δε
872 1882 1174 1951 Σαλαμινίους
1199 1878 1403 1933 ἀλλότρια
1425 1882 1705 1935 φρονοῦντας

329 1940 390 1990 εἰς
438 1940 698 1991 πολιορκίαν
743 1937 998 1979 συνέκλεισε.
1065 1935 1173 1980 καθ’
1215 1937 1382 1993 ημέραν
1430 1936 1477 1979 δὲ
1511 1938 1707 2002 συνεχεῖς

330 1993 596 2068 ποιούμενος
625 1993 881 2048 προςβολάς,
912 1993 984 2035 καὶ
1013 1995 1153 2061 βελῶν
1178 1994 1251 2061 καὶ
1282 2004 1556 2046 στρατιωτων
1576 1989 1706 2033 εὐπο-

333 2056 446 2106 ρῶν,
491 2053 551 2102 εἷς
572 2051 684 2100 τούς
715 2049 918 2103 ἐσχάτους
957 2047 1193 2099 κινδύνους
1221 2048 1353 2116 ἤγαγε
1382 2047 1485 2098 τούς
1514 2051 1705 2100 Σαλαμι-

249 2116 303 2156 30
333 2111 467 2160 νίους.
525 2107 868 2162 κινδυνευούσης
898 2105 943 2148 δὲ
972 2108 1047 2161 τῆς
1084 2104 1248 2156 πόλεως
1276 2104 1439 2149 ἁλωναι
1468 2104 1577 2147 κατοὶ
1600 2101 1706 2156 κρά-

331 2182 405 2218 τος
443 2164 467 2209 ὁ
507 2164 830 2232 Πολυσπέρχων
870 2162 1070 2220 ἐξέπεμψε
1107 2161 1296 2219 δύναμιν
1331 2159 1562 2217 ἀξιόλογον
1586 2162 1704 2212 πεζι-

331 2359 387 2394 93.
414 2356 557 2403 ἄταφοι
573 2369 641 2392 οιιι.
654 2353 1044 2401 xWetquissinoevvsgr
1180 2354 1237 2389 99.
1262 2353 1297 2388 1.
1333 2354 1507 2397 Πειραια]
1527 2351 1706 2396 Πειραιέα

329 2405 438 2440 Fvw
581 2405 615 2438 2.
657 2406 842 2449 κατεῖχεν]
869 2406 1007 2448 κατεῖχε
1030 2404 1126 2443 Bas„
1150 2400 1276 2435 caeteri
1298 2405 1437 2444 κατεῖχε
1455 2413 1498 2443 με
1502 2413 1522 2433 ν

330 2449 560 2494 πυθόμενος]
585 2450 810 2495 πειθόμενος
834 2452 915 2485 Bas.
1063 2449 1098 2483 9.
1131 2445 1372 2490 Μακεδόνας]
1401 2444 1634 2481 ΙῑῙακεδόνων
1657 2443 1705 2477 W

423 2497 480 2532 10.
515 2497 636 2537 ἱππεῖς
660 2496 700 2532 δε
723 2498 863 2541 χιλίους
887 2507 957 2530 οιιι.
980 2495 1047 2528 ΤΧ
1072 2496 1176 2539 Bas,
1210 2494 1376 2529 asterisco
1400 2493 1534 2526 notavit
1557 2491 1703 2534 Stepha-

331 2555 395 2578 nus
533 2544 588 2576 11.
623 2543 831 2591 ἐπεβάλετο]
818 2540 1068 2587 Maelianae
1093 2541 1123 2574 F
1262 2541 1317 2574 12.
1352 2539 1549 2582 σπανίζων]
1576 2549 1704 2571 σπανι-

332 2588 472 2633 ζοντων
496 2589 591 2623 Fri*
617 2591 698 2624 Bas.
880 2588 938 2623 18.
985 2585 1267 2631 συναναγκάζων
1291 2588 1373 2620 Bas
1559 2584 1616 2617 19.
1644 2582 1701 2615 20.

334 2638 372 2672 οι
389 2634 583 2681 ἐτύγχανον
600 2635 680 2681 μὲν]
708 2634 942 2680 διετύγχανον
965 2632 1034 2678 γάρ
1059 2646 1116 2667 τοι
1139 2634 1167 2665 V
1173 2634 1227 2675 W,
1252 2631 1491 2688 διετύγχανον
1512 2643 1581 2674 γαρ
1597 2630 1626 2663 F
1644 2627 1702 2670 qu?

334 2684 537 2732 βᾳξιλεῦσιε
563 2683 676 2718 delmi
700 2683 749 2728 οἱ,
773 2686 911 2726 recepto
935 2680 1004 2725 γάρ
1030 2691 1091 2723 pro
1115 2692 1180 2723 μεν
1317 2679 1374 2714 21.
1407 2691 1458 2712 vn
1501 2688 1570 2711 om.
1594 2675 1653 2708 FV

332 2727 608 2772 καθισταμένης
631 2731 662 2763 F
831 2726 1109 2770 διοικούμενοι]
1136 2722 1382 2770 διωκούμενοι
1407 2725 1487 2759 Bas.
1649 2718 1706 2753 'S-

333 2775 399 2812 καὶ
421 2776 666 2819 στρατιωτῶν]
694 2786 963 2819 στρατιωτικων
986 2774 1018 2816 Q
1041 2773 1124 2808 Bas.
