1820 3249
294 194 379 232 964
749 191 780 231 L
792 191 809 231 1
821 190 865 230 Β.
887 190 976 232 XV.
1026 190 1059 231 C
1070 191 1105 231 A
1115 190 1159 230 P.
1185 195 1251 233 19.

306 318 374 352 τες
411 301 710 372 προφθασίαν.
761 300 930 345 τούτων
970 303 1017 346 δὲ
1046 301 1329 371 πραχθέντων
1371 302 1416 344 αἱ
1454 300 1532 356 μὲν
1569 300 1679 344 κατὰ

228 404 278 442 m
308 358 387 414 τήν
412 356 563 458 Ξσίαη)
584 357 891 470 {navcc6wg6etg
920 357 1180 428 αὐτομάτως
1202 358 1519 458 ῗατελύθησαν.
1554 418 1593 457 Τ

462 432 535 458 ακε
567 431 756 458 αιιιονιοι
814 432 832 458 ε
893 415 965 459 ετά
1045 433 1070 458 ν
1099 433 1122 458 τ
1155 433 1180 458 υ
1241 432 1304 458 αω
1395 432 1408 457 ι
1439 432 1461 457 τ
1591 431 1616 456 α
1647 430 1679 456 ω

224 458 276 499 53
307 471 506 516 θάνατον
546 471 622 522 τοὶς
660 471 738 525 μὲν
778 434 890 514 κατέιι
913 415 1180 528 τὴντὸἈσίὲν
1199 432 1390 526 πράξείιςα
1410 430 1683 538 ἀπίέξνωσέν,

307 530 359 572 vok
389 531 434 572 δὲ
472 529 581 571 κατά
620 528 700 584 την
737 527 920 572 Ελλάδα
950 503 1354 598 συσκευασάμενοι,
1391 529 1464 571 καὶ
1490 544 1579 572 των
1610 525 1686 570 πό-

308 591 418 629 λεων
448 583 496 636 ἃς
525 586 601 640 μὲν
631 590 781 628 πειθοῖ
815 585 1155 640 προςαγόμενοι,
1196 585 1246 636 ἃς
1288 585 1334 628 δὲ
1372 584 1444 629 διὰ
1484 589 1558 639 τῆς
1595 588 1685 627 τεᾶν

226 654 277 691 70
308 642 521 713 φυγάδων
551 643 751 684 καθόδου
793 645 866 698 βίᾳ
905 642 1200 697 χειρούμενοι,
1243 646 1442 696 φανερῶς
1480 640 1584 709 ἤδη
1605 639 1685 694 τήν

305 717 468 768 ηγεμοτ
474 703 544 741 ίαν
570 717 643 753 της
665 697 869 749 Ἑλλάδος
892 702 951 749 εἰς
975 698 1158 749 ἑαυτούς
1178 701 1445 751 μεθίστασαν
1468 714 1587 752 παρα
1606 696 1685 747 τὰς

307 757 458 807 κοινὰς
490 755 715 810 συνθήκας
748 755 823 805 τοὶς
864 754 935 798 ἐπ’
972 754 1254 798 Ἀνταλκίδου
1290 755 1526 810 γενομένας
1563 766 1686 798 συνε-

306 814 605 883 πιλαβοαένου
635 817 714 855 τοῦ
748 816 932 864 Περσῶν
961 813 1180 867 βασιλέως.
1221 813 1330 855 κατὰ
1363 813 1409 855 δὲ
1437 811 1516 866 τὴν
1537 815 1685 854 Μακε-

308 873 404 915 ὅστ’
378 887 461 914 ιαν
489 868 700 923 Ἀμύντου
730 873 810 912 τοῦ
835 870 1042 939 βασιλέως
1060 868 1322 938 ἡττηθέντος
1350 868 1436 912 ὑπὸ
1462 867 1685 920 Ἰλλυριων

222 937 275 975 75
307 929 379 972 καὶ
412 926 465 969 τὰ
501 925 610 969 κατὰ
647 925 727 996 τὴν
769 925 907 981 ἀρχὴν
944 923 1239 981 ἀπογνόντος,
1279 924 1389 979 πρὸς
1429 924 1475 968 δὲ
1513 923 1686 974 τούτοις

305 989 364 1042 τῷ
397 983 518 1052 δήμῳ
548 987 636 1025 τῶν
666 980 908 1026 Ὀλυνθίων
937 983 1254 1053 δωρησαμένου
1280 980 1450 1039 πολλὴν
1476 985 1553 1038 τῆς
1582 979 1686 1036 ὁμό-

307 1058 390 1095 ρου
420 1039 562 1109 χώρας
592 1038 663 1082 διὰ
702 1036 782 1109 τήν
813 1037 1064 1110 ἀπόγνωσιν
1103 1057 1179 1094 της
1215 1038 1375 1083 ἑαυτοῦ
1416 1040 1684 1088 δυναστείας,

305 1112 353 1142 ’το
390 1099 469 1152 μὲν
505 1101 682 1149 πρῶτον
711 1094 735 1139 6
754 1098 911 1166 δῆμος
956 1095 979 1140 ὁ
1019 1113 1108 1140 των
1140 1097 1384 1139 Ὀλυνθίων
1419 1096 1495 1147 τὰς
1531 1094 1685 1149 προςό-

305 1159 411 1205 ὀονς
456 1154 667 1223 ἐλάμβανε
712 1170 788 1204 τας
836 1154 882 1196 ἐκ
920 1157 997 1210 τῆς
1039 1156 1242 1208 δοθείσης
1279 1153 1449 1208 χώρας,
1491 1152 1594 1207 μετὰ
1638 1151 1714 1194 δὲ·

221 1220 275 1258 80
304 1209 427 1256 ταῦτ’
461 1209 726 1262 ἀνελπίστως
756 1215 837 1254 τοῦ
868 1211 1076 1267 βασιλέως
1100 1210 1397 1283 ἀναλαβόντος
1425 1208 1583 1252 εαυτὸν
1611 1208 1687 1251 καὶ

304 1269 384 1336 τὴν
415 1267 522 1323 ὅλην
555 1266 696 1322 ἀρχὴν
727 1266 1111 1340 ἀνακτησαμένου,
1153 1285 1195 1311 οι
1233 1267 1311 1320 μὲν
1344 1265 1571 1310 Ὀλύνθιοι
1591 1263 1684 1334 τὴν

301 1325 451 1399 χώραν
490 1324 802 1379 ἀπαιτηθέντες
833 1323 912 1380 οὐχ
943 1329 1029 1368 οἷοι
1067 1330 1178 1394 ησαν
1208 1322 1481 1368 ἀποδιδόναι.
1532 1321 1683 1376 διόπερ

301 1383 516 1438 Ἀμύντας
546 1384 663 1424 ἰδίαν
692 1397 736 1424 τε
767 1381 959 1437 δύναμιν
989 1380 1286 1437 συνεστήσατο
1316 1382 1390 1424 καὶ
1419 1397 1523 1430 τους
1548 1383 1685 1422 Λακε-

219 1449 271 1491 85
306 1441 565 1494 δαιμονίους
594 1451 887 1493 ποιησαμενος
912 1439 1166 1508 συμμάχους
1191 1439 1360 1481 ε’πεισεν
1391 1438 1686 1488 ἐξαποστεῖλαι

304 1497 546 1552 στρατηγόν
578 1512 651 1538 και
682 1495 872 1548 δύναμιν
902 1493 1133 1565 ἀξιόλογον
1174 1496 1242 1538 επὶ
1271 1511 1376 1544 τους
1409 1492 1685 1542 Ὀλυνθίους.

303 1557 346 1599 οἱ
376 1555 421 1597 δὲ
451 1552 795 1606 Λακεδαιμόνιοι
821 1555 1049 1605 κρίναντες
1078 1550 1332 1607 ἀντέχεσθαι
1361 1568 1451 1594 των
1479 1549 1549 1594 ἐπὶ
1573 1547 1685 1605 Θρᾴ-

302 1628 379 1666 κης
416 1609 583 1677 τόπων,
629 1608 859 1661 κατέλεξαν
899 1608 1164 1664 στρατιώτας
1203 1609 1249 1652 ἔκ
1285 1624 1329 1651 τε
1367 1611 1456 1651 τῶν
1493 1608 1684 1650 πολιτῶν

301 1686 374 1713 και
403 1668 524 1719 παρα
562 1683 650 1708 των
690 1666 928 1721 συμμάχων
967 1683 1073 1717 τους
1103 1665 1297 1715 ἅπαντας
1326 1664 1436 1717 ὑπερ
1480 1664 1683 1717 μυρίους.

215 1736 270 1776 90
299 1723 571 1779 παραδόντες
601 1723 646 1765 δε
667 1723 747 1778 τήν
771 1722 962 1794 δύναμιν
976 1725 1172 1794 Φοιβίδα
1194 1726 1259 1793 τῷ
1278 1720 1533 1776 Σπαρτιάτῃ
1557 1736 1686 1774 προς-

300 1783 454 1834 έταξαν
484 1784 722 1851 συμμαχεῖν
752 1783 813 1837 τῷ
839 1778 1028 1838 Ἀμύντα
1058 1779 1131 1823 καὶ
1161 1777 1259 1833 μετ’
1293 1779 1464 1821 ἐκείνου
1498 1780 1685 1832 πολεμῆ-

301 1852 374 1884 σαι
403 1837 508 1887 τοὺς
532 1825 822 1887 Ὀλυνθίους·
865 1836 1017 1890 ἑτέραν
1052 1837 1097 1880 δὲ
1129 1835 1321 1906 δύναμιν
1349 1835 1418 1878 ἐπὶ
1453 1835 1684 1878 Φλιουντί-

302 1913 379 1947 ους
392 1894 699 1964 ἐκπέμψαντες
728 1893 802 1936 καὶ
831 1892 947 1950 μάχῃ
977 1892 1258 1948 νικήσαντες,
1289 1890 1546 1948 η’ναγκασαν
1576 1905 1683 1934 υπο-

216 1963 270 2009 95
301 1956 485 2009 ταγῆναι
522 1967 626 2001 τους
664 1952 955 2002 Φλιουντίους
996 1957 1088 2001 τοῖς
1126 1950 1502 2004 Λακεδαιμονίοις.
1573 1963 1685 1991 κατα

303 2011 348 2054 δὲ
383 2013 541 2052 τοῦτον
578 2006 655 2050 τὸν
670 2006 849 2076 χρόνον
887 2025 930 2050 οι
967 2011 1157 2064 βασιλεῖς
1195 2010 1284 2048 τῶν
1323 2005 1684 2059 Λακεδαιμονίων

302 2066 558 2133 διεφέροντο
599 2062 709 2118 πρὸς
738 2063 976 2137 ἀλλήλους
999 2070 1092 2115 ταῖς
1133 2063 1370 2118 αἱρέσεσιν·
1414 2060 1685 2116 Ἀγησίπολις

302 2140 380 2181 μεν
409 2122 518 2177 γάρ,
560 2121 775 2176 εἰρηνικὸς
817 2120 879 2164 ὠν
908 2122 982 2164 καὶ
1012 2124 1200 2171 δίκαιος,
1246 2120 1307 2163 ε’τι
1337 2118 1383 2163 δὲ
1413 2119 1487 2161 καὶ
1516 2117 1686 2160 συνέσει
1744 2175 1748 2177 ¹

302 2181 541 2234 διαφέρων,
577 2178 660 2233 ε’φη
692 2179 783 2220 δεῖν
820 2177 1016 2233 ἐμμένειν
1045 2183 1138 2228 τοῖς
1177 2178 1326 2229 ὅρκοις
1356 2176 1429 2218 καὶ
1460 2191 1579 2227 παρα
1610 2175 1687 2224 τὰς

194 2247 272 2286 100
305 2254 457 2287 κοινας
506 2235 730 2289 συνθηκας
781 2234 837 2290 μή
881 2239 1269 2279 καταδουλουσθαι
1316 2249 1422 2283 τους
1447 2232 1682 2287 Έλληνας

299 2293 471 2345 ἀδοξεῖν
501 2309 582 2347 γαρ
614 2290 869 2361 ἀπεφηνατο
900 2293 979 2348 τὴν
1010 2292 1221 2359 Σπάρτην
1251 2294 1342 2340 τοῖς
1382 2305 1472 2356 μεν
1493 2289 1684 2341 Πέρσαις

298 2351 507 2401 ἐκδότους
547 2349 841 2405 πεποιημένην
880 2367 983 2401 τους
1024 2348 1134 2394 κατὰ
1171 2364 1252 2403 την
1288 2345 1433 2389 Ἀσίαν
1459 2343 1686 2401 Έλληνας,

301 2533 360 2568 62.
385 2533 653 2577 προφθασιάν]
679 2530 902 2576 προφθάσια
920 2531 1089 2566 Roiskius
1225 2527 1371 2565 τούτων
1395 2524 1458 2571 δὲ]
1485 2523 1630 2562 τούτων
1654 2526 1682 2560 Α

442 2580 497 2613 67.
524 2591 775 2621 συσκευασαμε
768 2592 838 2614 τοι
862 2581 908 2612 U
911 2593 944 2612 cs
948 2579 1135 2623 selingius:
1160 2577 1243 2611 libri
1267 2573 1532 2617 σκευασάμενοι

304 2625 362 2659 (39-
389 2626 454 2668 τῆς
477 2625 552 2658 Τῶν
582 2625 775 2670 φυγάδων]
802 2627 877 2659 τῶν
903 2625 1082 2682 φυγάδων
1108 2624 1172 2658 FK
1355 2622 1413 2655 70.
1437 2617 1680 2664 μεθίστασαν]

306 2672 386 2705 mni
417 2672 613 2715 μεθιστᾶσι
820 2671 875 2705 80
902 2669 1037 2715 ταῦτ’]
1072 2672 1190 2705 ταῦτα
1223 2669 1287 2703 KL
1457 2664 1682 2702 ἀνελπίστως

300 2718 368 2752 τοῦ
393 2717 590 2763 βασιλέως]
615 2718 683 2752 τοῦ
702 2718 879 2761 βασιλέως
904 2718 1126 2759 ἀνελπίστως
1149 2718 1178 2750 L
1359 2711 1417 2746 93.
1442 2711 1499 2746 9-1
1528 2712 1680 2745 Φλιουν-

299 2767 401 2804 τίους
426 2765 633 2807 Pahnerius,
664 2766 738 2798 Φλυ
733 2766 915 2805 -ουντίους
940 2765 1065 2819 pniqri-
1070 2765 1146 2797 loco
1173 2763 1199 2796 [ι
1230 2761 1274 2794 ab
1299 2768 1404 2792 manu
1430 2768 1497 2791 rec.
1511 2783 1521 2799 ‚
1553 2754 1682 2790 caeteri

304 2813 482 2846 Φίϊιῡυνῑῑ
471 2823 550 2850 0²13
695 2811 752 2846 ⁸10⁷).
780 2812 913 2846 τοῦτον
912 2813 937 2855 ·]
963 2809 1087 2846 αυτῶν
1112 2810 1167 2852 K,
1192 2804 1259 2842 τὸν
1287 2803 1402 2840 αὐτόν
1427 2803 1443 2835 Ι

1720 2354 1761 2387 18
