1820 3249
624 156 740 197 LIB.
786 157 823 197 X
839 156 889 198 V.
1344 160 1455 202 1567

60 280 172 314 etiam
199 278 305 312 bellis
337 276 519 322 oppressi,
550 281 678 309 tamen
709 276 873 310 Africam
907 282 943 310 et
970 276 1130 312 insulam
1161 278 1375 314 Sardiniam
1396 290 1454 311 re·

63 342 243 383 cuperant
275 332 375 382 [243.
423 333 611 375 'Thebani,
642 338 725 377 post
752 333 956 367 Cadiueani
997 347 1016 368 a
1058 336 1363 370 La;edaen10nfis
1397 315 1548 368 ca-lon·

63 401 168 439 ptam
200 393 322 439 patria
352 389 502 436 expulsi,
533 390 690 424 collecta
721 401 837 423 manu
867 391 1050 436 impetum
1081 397 1119 426 in
1149 394 1273 427 hostes
1303 393 1458 434 faciunt,
1513 396 1523 404 ”

65 458 103 485 et
137 450 333 496 poptdares
372 447 420 482 ad
459 447 757 492 recuperandan1
798 447 1009 482 libertateni
1049 450 1309 484 exhortantur.
1349 450 1460 483 advo-

66 513 156 542 cant
181 505 458 542 Atheniensium
499 505 647 541 auxilia.
698 503 749 537 ita
790 504 922 538 bellum
952 509 1163 541 Boeoticum.
1201 514 1327 542 ortum
1361 504 1462 554 [-5..]

66 564 217 599 advolat
243 561 467 608 Demophon
498 561 774 596 Atheniensium
805 562 1012 607 imperator
1041 576 1129 598 cum
1161 565 1329 598 exercitu
1361 560 1463 611 [264.

66 634 140 668 quo
169 621 268 655 facto
299 621 362 666 qui
394 618 596 654 Cadmeam
619 618 800 664 praesidio
831 620 1005 653 tenebant
1036 621 1161 667 inopia
1193 622 1318 655 coacti
1339 632 1462 655 arcem

65 678 219 713 tradunt
248 683 283 711 et
312 677 518 711 incolumnes
548 675 704 710 doniuni
733 676 901 711 redeunt.
942 678 1117 721 praessthi
1150 679 1334 724 praeiecti
1364 678 1464 723 capi-

65 736 112 770 tis
142 735 320 770 damnati.
371 745 413 768 eo
455 740 625 779 tempore
664 734 824 768 Romani
855 734 1040 767 coloniam
1071 736 1109 769 in
1142 737 1366 771 Sardoniam
1399 736 1462 768 de-

66 793 256 827 duxerunt
285 788 388 839 [27.].
441 790 630 824 Plurimae
661 790 827 824 civitates
866 791 1251 827 Lacedaemoniorum
1292 793 1465 837 superbia

66 850 311 884 exacerbatae
350 849 397 881 ab
436 848 492 881 his
531 848 731 881 deficiunt:
769 848 872 889 Chii,
904 850 1117 893 Eyzantffli,
1159 850 1322 892 Rhodii,
1354 849 1466 894 Myti-
1523 846 1529 853 '

65 906 187 940 lenaei
215 906 253 939 in
283 905 412 952 primis
443 911 560 938 erant.
594 905 801 938 communis
831 906 1016 940 sociorum
1047 913 1194 941 senatus
1226 907 1378 941 Athenis
1408 908 1466 939 in-

65 964 246 1000 stituitur.
287 962 539 1009 nequidquam
574 962 692 995 socios
731 969 910 997 revocant
941 963 1230 999 Lacedaemonii
1263 960 1364 1011 [23.].
1403 965 1465 998 In-

66 1028 167 1055 terea
207 1020 334 1054 Acoris
375 1030 439 1053 rex
481 1019 749 1065 Aegyptiorum
791 1020 932 1054 bellum
977 1021 1092 1054 infert
1131 1022 1272 1065 Persis,
1315 1022 1465 1066 eiusque

67 1079 201 1111 ducem
238 1077 439 1112 Chabriam
471 1076 731 1110 Atheniensem
762 1077 862 1112 facit.
923 1077 1184 1121 Athenienses,
1217 1090 1308 1112 cum
1340 1078 1377 1111 id
1406 1078 1464 1110 in-

66 1134 215 1181 dignari
255 1134 382 1168 vident
411 1133 712 1175 Pharnabazum,
743 1133 899 1167 domum
934 1135 1056 1168 redire
1087 1135 1217 1169 iubent
1250 1135 1464 1179 Chabriam,

65 1191 184 1225 Persis
203 1190 431 1236 Iphicratem
458 1190 623 1228 mittunt,
652 1189 753 1223 facto
784 1198 863 1224 tum
887 1203 907 1224 a
935 1191 1242 1227 Lacedaemoniis
1274 1192 1311 1225 in
1342 1192 1463 1237 ipsum

64 1249 260 1284 Piraeeum
293 1248 459 1293 impetu,
495 1246 542 1281 ob
580 1253 732 1292 ruptum
774 1248 904 1282 foedus
941 1248 1084 1282 bellum
1123 1250 1274 1295 publice
1316 1256 1370 1283 est
1400 1249 1464 1282 de-

67 1311 226 1339 cretum.
264 1305 352 1339 belli
382 1305 514 1352 duces,
545 1304 738 1350 copiarum
769 1317 957 1339 numeruS.
996 1307 1192 1341 Thebanos
1221 1307 1258 1340 in
1293 1313 1463 1340 senatum

67 1369 258 1408 cooptant.
297 1368 339 1396 ut
375 1362 493 1396 socios
531 1361 754 1406 concinent,
799 1375 907 1409 agros
937 1363 1036 1397 beHo
1067 1370 1267 1410 occupatos
1303 1363 1465 1397 reddunt

68 1416 168 1468 [29.].
227 1419 398 1454 Hestiaea
425 1419 501 1453 sola
525 1419 698 1453 Euboeae
728 1419 857 1454 civitas
886 1421 924 1454 in
956 1421 1341 1455 Lacedaemoniorum
1374 1421 1466 1454 ami-

68 1476 157 1511 citia
196 1482 424 1522 perseverat3
463 1476 558 1510 aliae
598 1476 766 1509 civitates
810 1477 856 1511 70
895 1478 1175 1512 Atheniensium
1216 1478 1384 1524 partibus
1430 1485 1466 1512 et

67 1534 214 1568 foederi
244 1534 437 1567 communi
467 1533 735 1578 adiunguntur.
777 1534 959 1568 Chabriae
989 1535 1172 1580 expeditio
1204 1535 1244 1569 in
1274 1535 1467 1569 Hestiaeus

68 1597 106 1626 et
134 1591 311 1636 Cyclades
339 1590 497 1634 insulas,
528 1590 833 1625 Lacedaemoniis
863 1591 1028 1625 addictas
1061 1589 1160 1641 [30.].
1215 1592 1466 1626 Lacedaemo-

67 1647 217 1682 niorum
257 1647 348 1682 socii
396 1653 655 1684 recensentur:
696 1659 864 1682 summus
907 1650 1099 1694 copiarum
1147 1650 1220 1684 dux
1261 1650 1465 1695 Agesilaus,

69 1716 199 1739 eorum
235 1716 301 1740 rex
331 1701 433 1754 [31.].
477 1705 515 1738 in
553 1704 747 1739 Boeotiam
781 1712 907 1740 movet
943 1706 1153 1752 Agesilaus:
1184 1706 1334 1741 obviam
1374 1706 1465 1740 facti

67 1762 236 1797 Thebani
276 1769 314 1796 et
343 1762 624 1797 Atheniensium
664 1762 802 1797 auxilia
834 1763 926 1797 duce
956 1763 1140 1809 Chabria,
1171 1764 1237 1809 qui
1267 1775 1363 1797 novo
1395 1775 1466 1808 pu-

67 1831 162 1867 gnae
190 1830 326 1866 genere
354 1819 500 1853 hostem
531 1818 685 1864 excepit.
718 1826 840 1854 vastat
869 1820 1061 1866 Agesilaus
1092 1832 1222 1867 agros,
1264 1820 1327 1854 sed
1358 1832 1466 1866 proe-

67 1877 163 1910 lium
203 1883 396 1911 aversatur
435 1873 533 1925 [32].
571 1876 765 1922 utriusque
804 1877 908 1911 ducis
954 1877 1183 1924 singularem
1225 1878 1467 1924 prudentiam

68 1933 266 1968 historicus
301 1934 483 1979 explicat,
524 1933 723 1967 declaratis
762 1934 818 1968 rei
856 1941 980 1980 gestae
1021 1936 1150 1969 causis.
1184 1942 1270 1981 post
1300 1935 1466 1970 reditum

69 1991 232 2036 Agesilai
259 1990 429 2027 Thebani
458 1989 638 2036 Thespias
677 1990 910 2026 adoriuntur.
968 1992 1174 2026 Phoebidas
1215 1993 1467 2027 Lacedaemo-

69 2047 222 2082 niorum
259 2048 334 2082 dux
378 2047 477 2082 cadit
523 2044 624 2095 [33..]
664 2047 765 2082 facta
796 2060 891 2082 nova
930 2049 969 2083 in
999 2050 1193 2084 Boeotiam
1231 2050 1468 2095 expeditione

68 2104 253 2150 proelium
285 2104 547 2140 committitur.
605 2105 795 2151 Agesilaus
825 2105 947 2151 primo
975 2106 1099 2141 victor
1128 2118 1215 2141 mox
1244 2107 1377 2141 cedere
1404 2118 1466 2140 co-

69 2162 185 2208 gitur.
225 2162 324 2197 inter
353 2163 502 2197 Naxum
545 2167 584 2196 et
622 2163 761 2196 Parum
792 2174 918 2209 pugna
959 2164 1082 2197 navali
1118 2164 1333 2199 decertatur
1366 2161 1467 2212 [34.].

69 2224 260 2264 reportata
287 2220 444 2254 victoria
472 2218 654 2254 Chabrias
683 2231 771 2254 cum
802 2220 919 2254 classe
948 2220 1044 2254 redit
1072 2221 1112 2255 in
1142 2222 1352 2256 Piraeeum.
1412 2222 1466 2255 Eo

70 2280 240 2321 tempore
277 2279 421 2313 Romae
452 2277 507 2311 M.
536 2277 703 2310 Manlius
740 2276 871 2322 capitis
909 2277 1108 2312 damnatur
1149 2275 1254 2328 [35].
1322 2278 1468 2313 Accidit

71 2338 163 2366 tunc
193 2338 236 2366 ut
263 2334 421 2369 Triballi
450 2333 488 2367 in
520 2333 784 2368 Abderitarum
815 2334 1011 2380 regionem
1034 2336 1272 2371 incursarent
1300 2343 1338 2370 et
1365 2347 1470 2382 prae·

72 2388 162 2424 dam
201 2397 369 2436 agerent.
435 2390 623 2426 Abderitis
661 2402 780 2437 paene
827 2391 1011 2436 oppressis
1052 2393 1148 2427 forte
1193 2393 1331 2428 auxilio
1369 2394 1472 2427 venit

73 2445 252 2480 Chabrias
281 2447 536 2491 Atheniensis,
567 2459 656 2482 mox
685 2454 814 2483 tamen
844 2448 929 2482 dolo
960 2457 1161 2494 peremtus.
1201 2451 1377 2486 suecessit
1406 2451 1470 2485 Ti-
1503 2467 1512 2478 x

73 2503 267 2546 matheus,
307 2505 373 2550 qui
411 2516 525 2539 novos
565 2505 742 2539 conciliat
772 2505 914 2548 socios,
955 2513 992 2540 et
1021 2506 1145 2541 hostes
1175 2508 1222 2542 ad
1253 2508 1472 2544 Leucadem

73 2559 219 2606 proelio
257 2561 382 2596 fundit
423 2558 526 2610 [86.].
565 2563 734 2597 Thebani
777 2562 1061 2598 Orchomenum
1104 2576 1127 2598 a
1164 2564 1474 2600 Lacedaemoniis

74 2623 296 2663 occupatam
352 2625 590 2665 oppugnant,
629 2620 801 2666 ipsosque
849 2631 1008 2654 numero
1047 2621 1258 2667 superiores
1304 2623 1472 2656 vincunt.
1492 2650 1551 2684 101

75 2673 170 2708 Cum
208 2674 281 2709 hoc
313 2686 410 2709 anno
444 2678 624 2711 Hermeas
664 2677 860 2711 historiam
897 2689 1004 2711 suam
1044 2678 1198 2713 Siciliae
1238 2680 1339 2714 finiit
1370 2676 1472 2726 [37.].
1503 2707 1526 2740 Ξ
1560 2675 1569 2685 “

72 2732 289 2766 Artaxerxes
319 2729 458 2777 'pacem
504 2734 604 2768 inter
641 2735 809 2769 Graecos
849 2745 1075 2779 componere
1117 2736 1262 2779 studet,
1303 2742 1347 2770 ut
1382 2735 1473 2770 belli
1528 2732 1536 2740 ’

74 2787 263 2836 Aegyptiis
299 2789 485 2824 inferendi
523 2791 620 2825 fiant
661 2791 765 2826 socii.
804 2789 873 2825 soli
903 2791 1074 2826 Thebani
1112 2799 1308 2836 recusant;
1338 2792 1472 2839 reliqui

1477 764 1556 798 100.

1482 2249 1560 2283 101.

1504 2305 1538 2343 l.
