1820 3249
372 114 483 154 1456
771 109 885 152 LIB.
916 109 1004 151 XX.
1031 110 1194 153 .CAP.
1222 114 1263 155 3
1292 115 1332 156 4

311 227 341 267 3
475 220 585 266 Ἐπῗ
597 220 822 277 άρχοντος
870 221 955 277 γάρ
991 220 1228 293 «Αθήνησιν
1267 223 1602 297 Ἱερομνήμονος
1628 223 1736 270 Ῥω-

366 282 490 334 μαῖοι
519 279 597 335 μὲν
624 278 820 329 ὑπάτους
849 279 1114 348 κατέστησαν
1144 280 1283 325 Γάϊον
1312 280 1502 325 Ἰούνιον
1534 283 1607 325 καὶ
1635 283 1736 326 Κό-

366 344 487 380 ϊντον
505 337 729 405 Αἰμίλιον.
777 336 900 379 ,κατά
939 337 984 381 δὲ
1021 354 1102 393 την
1138 340 1342 381 Σικελίαν
1371 336 1635 409 Ἀγαθοκλῆς
1652 338 1735 408 ἦτ-

279 398 335 437 70
363 393 547 448 τημένος
588 391 673 438 ὑπὸ
716 395 1031 449 Καρχηδονίων
1069 411 1121 451 τῃ
1158 396 1258 449 περὶ
1294 395 1371 438 τόν
1405 394 1577 450 Ιμέραν
1605 395 1735 452 μάχῃ,

362 451 437 493 καὶ
466 449 516 492 τὸ
545 454 765 519 πλεῖστον
774 451 846 493 καὶ
875 450 1108 504 κράτιστον
1143 456 1218 519 τῆς
1247 451 1470 507 δυνάμεως
1499 451 1736 521 ἀποβεβλη-

361 506 468 557 κώς,
499 505 758 574 συνέφυγεν
798 508 856 557 είς
893 506 970 558 τὰς
1009 507 1311 561 Συρακούσας.
1391 508 1512 580 ὁρῶν
1551 509 1596 552 δὲ
1633 510 1736 560 τούς

363 561 615 617 συμμάχους
655 563 846 613 ἅπαντας
884 565 1301 632 μεταβεβλημένους,
1333 566 1404 608 καὶ
1433 565 1536 616 τούς
1573 564 1736 621 βαρβά-

279 624 332 666 75
363 636 469 687 ρους
501 621 631 676 πλὴν
646 624 950 674 Συρακουσων
988 619 1156 675 ἁπάσης
1196 620 1349 676 σχεδόν
1379 625 1581 673 Σικελίας
1617 639 1736 677 κυρι-

360 674 567 726 εύοντας,
592 677 666 719 καὶ
683 676 808 723 πολύ
836 678 1101 731 προέχοντας
1129 682 1223 727 ταῖς
1251 695 1295 720 τε
1323 682 1509 730 πεζικαῖς
1538 679 1611 722 καὶ
1633 696 1736 723 ναυ-

360 737 499 783 τικαῖς
541 732 799 788 δυνάμεσιν,
848 733 1117 776 ἐπετελέσατο
1159 737 1318 787 πρᾶξιν
1364 734 1620 779 ἀνέλπιστον
1661 736 1735 779 καὶ

360 771 745 859 παραβολωτάτην.
804 789 981 832 πάντων
1014 789 1098 844 γάρ
1130 790 1417 845 διειληφότων
1447 790 1548 846 μηδ’
1574 810 1636 836 αν
1670 792 1734 847 έγ·

360 846 579 902 χειρησειν
607 843 739 888 αὐτὸν
767 851 859 895 τοῖς
879 848 1198 918 Καρχηδονίοις
1228 847 1549 917 ἀντιταχθηναι,
1571 848 1736 904 διενοή-

277 910 330 950 80
358 916 469 946 σατο
509 907 594 958 τῆς
621 903 699 956 μὲν
739 901 902 954 πόλεως
944 904 1039 958 την
1064 904 1218 965 ἱκανὴν
1256 903 1457 947 άπολιπε
1440 922 1481 947 ιν
1520 905 1735 961 φυλακην,

360 976 450 1002 των
490 959 535 1001 ὁέ
558 964 851 1017 στρατιωτῶν
889 976 994 1010 τους
1036 959 1250 1011 εὐθέτους
1290 961 1476 1013 ἐπιλέξαι
1521 963 1594 1005 καὶ
1631 962 1734 1018 μετὰ

360 1016 550 1058 τούτων
548 1018 634 1066 ῑεῖς
632 1015 726 1084 τὴν
744 1015 929 1087 Λιβύην
959 1019 1320 1086 διακομισθηναι·
1355 1035 1486 1061 τουτο
1516 1019 1598 1073 γὰρ
1628 1019 1736 1074 πρά-

361 1074 436 1124 ξας
445 1072 609 1140 ἡλπίξε
638 1072 766 1123 τούς
780 1075 860 1127 μὲν
896 1074 943 1125 εἶν
971 1091 1023 1130 τῃ
1053 1074 1307 1128 Καρχηδόνι
1328 1074 1659 1146 τετρυφηκότας
1688 1075 1735 1118 ἐν

361 1128 512 1185 εἰρήνῃ
541 1131 837 1199 πολυχρονίῳ,
845 1158 847 1161 -
876 1131 949 1172 καὶ
976 1126 1052 1176 διά
1084 1130 1210 1173 τοῦτ’
1239 1130 1447 1184 ἀπείρους
1479 1131 1608 1183 ὄντας
1643 1136 1810 1176 των408

277 1193 329 1234 85
359 1187 407 1230 ἐν
443 1191 557 1244 ταῖς
577 1186 737 1245 μάχαις
768 1186 1011 1236 κινδύνων,
1049 1186 1134 1230 υπό
1174 1192 1262 1231 τῶν
1299 1188 1603 1258 ἐνηθληκότων
1642 1193 1734 1240 τοῖς

359 1246 519 1293 δεινοῖς
551 1238 712 1298 ραδίως
739 1242 1076 1299 ηττηθησεσθαι,
1107 1244 1209 1295 τοὺς
1238 1245 1284 1288 δε
1313 1243 1423 1287 κατὰ
1453 1261 1533 1301 την
1550 1245 1733 1316 Λιβύην

359 1299 633 1368 συμμάχους,
676 1301 1006 1369 βαρυνομένους
1049 1305 1141 1350 τοῖς
1182 1301 1517 1370 προςτάγμασιν
1543 1301 1591 1345 ἐκ
1630 1307 1733 1345 πολ-

356 1360 448 1401 λῶν
485 1356 684 1412 χρόνων,
726 1355 942 1411 λήψεσθαι
971 1356 1129 1411 καιρόν
1165 1362 1242 1413 τῆς
1280 1355 1576 1410 ἀποστάσεως,
1607 1358 1656 1401 τὸ
1686 1357 1733 1401 δε

272 1421 327 1461 90
357 1413 597 1468 μέγιστον,
631 1412 889 1470 διαρπάσειν
924 1412 1274 1469 άπροςδοκητως
1321 1414 1547 1485 ἐπιφανεὶς
1583 1414 1733 1470 χώραν

351 1469 629 1540 «ἀπόρθητον
643 1486 718 1512 και
755 1469 845 1512 διὰ
862 1486 943 1525 την
978 1487 1077 1512 των
1105 1473 1420 1542 Καρχηδονίων
1448 1470 1733 1526 εὐδαιμονίαν

352 1526 715 1597 πεπληρωμένην
732 1529 954 1571 παντοίων
992 1526 1197 1582 ἀγαθῶν,
1239 1527 1288 1571 τό
1321 1527 1362 1571 δ’
1395 1528 1500 1572 ὅλον
1542 1528 1635 1573 άπὸ
1657 1533 1733 1584 τῆς

266 1606 287 1624 ι.
352 1586 596 1643 πατρίδος
588 1584 672 1628 καὶ
709 1583 851 1650 πάσης
886 1587 1090 1635 Σικελίας
1126 1583 1415 1639 περισπάσειν
1442 1584 1544 1637 τοὺς
1572 1586 1734 1641 βαρβά-

350 1656 476 1710 ρους,
500 1641 598 1689 καὶ
606 1639 750 1687 πάντα
782 1640 861 1683 τόν
887 1640 1083 1695 πόλεμον
1112 1641 1306 1696 μετάξειν
1335 1644 1395 1693 εἰς
1424 1641 1505 1711 την
1534 1642 1731 1713 Λιβύην·

296 1690 371 1729 4
354 1696 463 1751 όπερ
491 1698 581 1741 καὶ.
586 1697 898 1764 συνετελέσθη.
940 1714 1022 1752 την
1048 1697 1133 1753 γὰρ
1164 1699 1361 1742 ἐπίνοιαν
1388 1699 1564 1770 ταύτην,
1581 1697 1732 1743 οὐδενὶ

268 1745 324 1786 95
352 1771 442 1798 των
462 1757 629 1823 φίλων
643 1753 850 1809 δηλώσας,
877 1757 954 1809 ,τῆς
981 1771 1058 1808 μεν
1085 1754 1253 1806 πόλεως
1281 1755 1560 1812 ἐπιμελητήν
1552 1754 1732 1799 ’Ἀνταν-

353 1813 464 1863 δρον
496 1811 575 1866 τὸν
586 1808 796 1867 ἀδελφὸν
835 1811 1065 1866 κατέστησε
1094 1812 1200 1866 μετά
1228 1816 1306 1869 τῆς
1335 1829 1504 1881 ικανης
1518 1816 1730 1868 φυλακῆς,

353 1865 490 1920 αὐτὸς
526 1868 591 1912 δε
608 1871 698 1916 τῶν
733 1871 1010 1922 -στρατιωτων
1044 1867 1256 1932 ἐπιλέγων
1291 1869 1394 1920 τοὺς
1422 1868 1629 1920 εὐθέτους
1657 1886 1732 1912 κα-

353 1925 566 1981 τέγραφε,
602 1928 707 1976 τοῖς
727 1941 807 1980 μεν
843 1929 987 1978 πεζοῖς
1025 1916 1338 1980 παραγγέλλων
1378 1925 1580 1996 ετοίμους
1617 1923 1730 1969 εἶναι

244 2000 325 2041 100
353 1983 460 2037 μετὰ
493 1998 599 2025 των
625 1981 797 2032 ὅπλων,
835 1988 924 2032 τοῖς
956 1980 1002 2025 6'
1030 1983 1206 2025 ἱππεῦσι
1235 1980 1593 2052 διακελευόμενος
1622 1982 1732 2038 ε’χειν

355 2038 457 2108 μεθ’
495 2054 666 2084 εαυτων
685 2039 833 2108 χωρὶς
864 2042 940 2093 τῆς
966 2040 1227 2090 πανοπλίας
1246 2038 1488 2108 υπηρέσιον
1514 2039 1588 2082 καὶ
1615 2043 1731 2093 χαλι-
1736 2063 1740 2066 ⁷

353 2094 457 2145 νόν,
486 2095 626 2147 ὅπως,
668 2094 774 2142 ὅταν
802 2096 948 2138 ἵππων
976 2097 1206 2164 κυριεύσῃ,
1242 2093 1345 2145 τούς
1373 2094 1730 2151 ἀναβησομένους

355 2151 556 2222 ἑτοίμους
585 2152 719 2208 ε’χειν
722 2151 789 2204 τά
812 2151 925 2206 πρὸς
952 2151 1052 2208 τὴν.
1060 2153 1208 2207 χρείαν
1236 2150 1594 2221 ἐξηρτυμένους.
1619 2153 1730 2195 κατὰ

299 2225 324 2268 5
353 2208 438 2265 γὰρ
476 2208 577 2282 τὴν
591 2209 964 2280 προγεγενημένην
999 2209 1132 2264 ἡτταν
1160 2224 1248 2251 των
1284 2209 1364 2263 μὲν
1390 2211 1530 2263 πεζῶν
1559 2205 1727 2252 ἀπολοί-

353 2271 502 2310 λεισαν
531 2267 577 2310 οἱ
603 2268 800 2321 πλείους,
839 2267 881 2310 οἱ
911 2264 954 2310 δ’
987 2266 1129 2317 ιππεΐς
1161 2265 1360 2322 υπῆρχον
1388 2265 1726 2353 διασεσωσμένοι

347 2436 406 2472 67.
431 2435 528 2492 γάρ]
571 2435 612 2472 δ’
619 2420 685 2471 W
820 2435 877 2471 68.
911 2431 1069 2472 Ἰούνιον
1091 2435 1230 2470 Livius=
1261 2435 1343 2469 libri
1373 2430 1529 2471 Ἰούλιον
1665 2430 1723 2470 70.

347 2481 444 2528 υπὸ]
479 2481 554 2519 υπὸ
577 2484 653 2526 τῶν
674 2483 717 2518 F
840 2482 899 2519 73.
922 2481 1011 2524 τούς
1032 2494 1071 2518 τε
1093 2483 1164 2523 W,
1187 2482 1316 2516 caeteri
1336 2482 1425 2521 τούς
1490 2487 1497 2517 Ξ
1530 2479 1618 2519 7.6
1643 2479 1722 2517 ἐπε-

348 2529 538 2623 Σῗέἰῖἴω]
570 2529 878 2612 ἐ”έ(ῗῗίἷξίιῗὲῑῗ
897 2585 968 2611 om.
991 2528 1074 2611 Βῖῗέ.
1090 2526 1444 2631 ἐγχειῗὲἵῗιῖοῇῗῖι]
1465 2516 1592 2609 ἓῗῗῗιῗ
1612 2525 1725 2610 {⁷55-

442 2622 523 2658 408.
569 2621 627 2658 86.
657 2621 727 2666 τὴν
759 2633 828 2657 om.
861 2622 891 2656 F
961 2653 963 2658 ,
1081 2619 1140 2655 90.
1171 2619 1411 2677 ἀπόρθητον]
1436 2613 1725 2664 άπροςδοκήτως

349 2668 445 2703 addit
475 2669 506 2702 F
570 2698 573 2703 .
684 2669 744 2705 92.
778 2667 900 2712 πάσης
931 2667 1100 2707 Σικελίας
1129 2665 1389 2712 περισπάσειν]
1427 2668 1586 2705 σικελίας
1617 2677 1720 2711 περι-

350 2714 492 2750 σπάσαι
513 2714 547 2748 F
680 2716 738 2754 93.
763 2713 960 2770 μετάξειν]
983 2711 1197 2771 μετατάξειν
1220 2714 1250 2747 F
1386 2712 1465 2748 100.
1489 2709 1529 2748 δ’
1553 2713 1586 2747 F

351 2761 387 2797 3.
408 2758 456 2797 τά
479 2771 549 2797 om.
574 2760 622 2796 W
781 2759 1062 2807 ἐξηρτυμένους]
1087 2757 1356 2806 ἐξηρτημένους
1379 2758 1427 2794 W
1499 2780 1501 2783 -
