<?xml version="1.0" encoding="UTF-8"?>
<!DOCTYPE html PUBLIC "-//W3C//DTD XHTML 1.0 Transitional//EN"
    "http://www.w3.org/TR/xhtml1/DTD/xhtml1-transitional.dtd">
<html xmlns="http://www.w3.org/1999/xhtml" xml:lang="en" lang="en">
 <head>
  <title>
</title>
<meta http-equiv="Content-Type" content="text/html;charset=utf-8" />
  <meta name='ocr-system' content='tesseract 3.04.00' />
  <meta name='ocr-capabilities' content='ocr_page ocr_carea ocr_par ocr_line ocrx_word'/>
</head>
<body>
  <div class='ocr_page' id='page_1' title='image "./p1bibliothecahisto02dioduoft_0164.png"; bbox 0 0 1820 3249; ppageno 0'>
   <div class='ocr_carea' id='block_1_1' title="bbox 305 87 1299 134">
    <p class='ocr_par' dir='ltr' id='par_1_1' title="bbox 305 87 1299 134">
     <span class='ocr_line' id='line_1_1' title="bbox 305 87 1299 134; baseline -0.001 -3"><span class='ocrx_word' id='word_1_1' title='bbox 305 91 414 132; x_wconf 82' lang='lat'>1088</span> <span class='ocrx_word' id='word_1_2' title='bbox 663 88 780 131; x_wconf 86' lang='lat' dir='ltr'>LIB.</span> <span class='ocrx_word' id='word_1_3' title='bbox 811 87 918 131; x_wconf 85' lang='lat' dir='ltr'><strong>XVI.</strong></span> <span class='ocrx_word' id='word_1_4' title='bbox 976 88 1105 132; x_wconf 87' lang='lat' dir='ltr'>cAP.</span> <span class='ocrx_word' id='word_1_5' title='bbox 1135 93 1202 134; x_wconf 72' lang='lat'><em>49.</em></span> <span class='ocrx_word' id='word_1_6' title='bbox 1234 92 1299 133; x_wconf 83' lang='lat'><em>5⁰.</em></span> 
     </span>
    </p>
   </div>
   <div class='ocr_carea' id='block_1_2' title="bbox 209 200 1733 2457">
    <p class='ocr_par' dir='ltr' id='par_1_2' title="bbox 209 200 1733 2457">
     <span class='ocr_line' id='line_1_2' title="bbox 306 200 1658 272; baseline 0 -28"><span class='ocrx_word' id='word_1_7' title='bbox 306 216 396 244; x_wconf 89' lang='grc' dir='ltr'><em>νων</em></span> <span class='ocrx_word' id='word_1_8' title='bbox 424 216 467 244; x_wconf 87' lang='grc' dir='ltr'><em>τε</em></span> <span class='ocrx_word' id='word_1_9' title='bbox 496 201 567 245; x_wconf 76' lang='grc' dir='ltr'><em>καὶ</em></span> <span class='ocrx_word' id='word_1_10' title='bbox 596 202 855 272; x_wconf 83' lang='grc' dir='ltr'><em>Αἰγυπτίων,</em></span> <span class='ocrx_word' id='word_1_11' title='bbox 886 201 910 246; x_wconf 90' lang='lat'><em>6</em></span> <span class='ocrx_word' id='word_1_12' title='bbox 935 201 1116 257; x_wconf 85' lang='grc' dir='ltr'><em>Μέντωρ</em></span> <span class='ocrx_word' id='word_1_13' title='bbox 1138 202 1313 246; x_wconf 77' lang='grc' dir='ltr'><em>διέδωκε</em></span> <span class='ocrx_word' id='word_1_14' title='bbox 1331 200 1462 257; x_wconf 83' lang='grc' dir='ltr'><em>λόγον</em></span> <span class='ocrx_word' id='word_1_15' title='bbox 1479 201 1538 252; x_wconf 86' lang='grc' dir='ltr'><em>εἰς</em></span> <span class='ocrx_word' id='word_1_16' title='bbox 1556 200 1658 252; x_wconf 82' lang='grc' dir='ltr'><em>τοὺς</em></span> 
     </span>
     <span class='ocr_line' id='line_1_3' title="bbox 223 256 1658 315; baseline -0.001 -15"><span class='ocrx_word' id='word_1_17' title='bbox 223 261 276 306; x_wconf 82' lang='lat'><em>40</em></span> <span class='ocrx_word' id='word_1_18' title='bbox 306 256 566 310; x_wconf 76' lang='grc' dir='ltr'><strong><em>στρατιώτας</em></strong></span> <span class='ocrx_word' id='word_1_19' title='bbox 603 259 669 301; x_wconf 84' lang='grc' dir='ltr'><em>ὅτι</em></span> <span class='ocrx_word' id='word_1_20' title='bbox 705 258 901 312; x_wconf 72' lang='grc' dir='ltr'><em>βασιλεῦς</em></span> <span class='ocrx_word' id='word_1_21' title='bbox 927 259 1198 315; x_wconf 75' lang='grc' dir='ltr'><em>Ἀρταξέρξης</em></span> <span class='ocrx_word' id='word_1_22' title='bbox 1227 265 1316 310; x_wconf 85' lang='grc' dir='ltr'><em>τοῖς</em></span> <span class='ocrx_word' id='word_1_23' title='bbox 1344 260 1421 314; x_wconf 77' lang='grc' dir='ltr'><em>μὲν</em></span> <span class='ocrx_word' id='word_1_24' title='bbox 1450 258 1658 308; x_wconf 75' lang='grc' dir='ltr'><em>ἑκουσίως</em></span> 
     </span>
     <span class='ocr_line' id='line_1_4' title="bbox 303 314 1658 370; baseline 0 -14"><span class='ocrx_word' id='word_1_25' title='bbox 303 316 592 367; x_wconf 80' lang='grc' dir='ltr'><em>παραδιδοῦσι</em></span> <span class='ocrx_word' id='word_1_26' title='bbox 638 315 712 365; x_wconf 75' lang='grc' dir='ltr'><em>τὰς</em></span> <span class='ocrx_word' id='word_1_27' title='bbox 757 315 902 365; x_wconf 88' lang='grc' dir='ltr'><em>πόλεις</em></span> <span class='ocrx_word' id='word_1_28' title='bbox 941 322 1260 369; x_wconf 74' lang='grc' dir='ltr'><em>φιλανθρωπως</em></span> <span class='ocrx_word' id='word_1_29' title='bbox 1300 315 1542 370; x_wconf 80' lang='grc' dir='ltr'><em>χρήσασθαι</em></span> <span class='ocrx_word' id='word_1_30' title='bbox 1577 314 1658 357; x_wconf 83' lang='grc' dir='ltr'><em>διέ-</em></span> 
     </span>
     <span class='ocr_line' id='line_1_5' title="bbox 300 371 1659 427; baseline -0.001 -14"><span class='ocrx_word' id='word_1_31' title='bbox 300 386 458 425; x_wconf 81' lang='grc' dir='ltr'><em>γνωκε,</em></span> <span class='ocrx_word' id='word_1_32' title='bbox 499 376 590 420; x_wconf 86' lang='grc' dir='ltr'><em>τοῖς</em></span> <span class='ocrx_word' id='word_1_33' title='bbox 620 371 664 413; x_wconf 75' lang='grc' dir='ltr'><em>δὲ</em></span> <span class='ocrx_word' id='word_1_34' title='bbox 694 373 766 426; x_wconf 74' lang='grc' dir='ltr'><em>βία</em></span> <span class='ocrx_word' id='word_1_35' title='bbox 795 377 1046 426; x_wconf 78' lang='grc' dir='ltr'><em>κρατηθεῖσι</em></span> <span class='ocrx_word' id='word_1_36' title='bbox 1074 374 1152 426; x_wconf 77' lang='grc' dir='ltr'><em>τήν</em></span> <span class='ocrx_word' id='word_1_37' title='bbox 1181 372 1315 427; x_wconf 65' lang='grc' dir='ltr'><em>αὐτὴν</em></span> <span class='ocrx_word' id='word_1_38' title='bbox 1345 371 1574 426; x_wconf 80' lang='grc' dir='ltr'><em>ἀπονέμειν</em></span> <span class='ocrx_word' id='word_1_39' title='bbox 1601 386 1659 412; x_wconf 83' lang='grc' dir='ltr'><em>τι-</em></span> 
     </span>
     <span class='ocr_line' id='line_1_6' title="bbox 301 426 1659 496; baseline -0.001 -27"><span class='ocrx_word' id='word_1_40' title='bbox 301 429 472 481; x_wconf 79' lang='grc' dir='ltr'><em>μωρίαν</em></span> <span class='ocrx_word' id='word_1_41' title='bbox 498 426 552 481; x_wconf 78' lang='grc' dir='ltr'><em>ἤν</em></span> <span class='ocrx_word' id='word_1_42' title='bbox 556 443 634 479; x_wconf 90' lang='grc' dir='ltr'><em>περ</em></span> <span class='ocrx_word' id='word_1_43' title='bbox 661 432 750 477; x_wconf 86' lang='grc' dir='ltr'><em>τοῖς</em></span> <span class='ocrx_word' id='word_1_44' title='bbox 778 430 1010 477; x_wconf 78' lang='grc' dir='ltr'><em>Σιδωνίοις</em></span> <span class='ocrx_word' id='word_1_45' title='bbox 1042 427 1264 482; x_wconf 87' lang='grc' dir='ltr'><em>ἐπέστησε·</em></span> <span class='ocrx_word' id='word_1_46' title='bbox 1295 445 1366 471; x_wconf 87' lang='grc' dir='ltr'><em>και</em></span> <span class='ocrx_word' id='word_1_47' title='bbox 1390 433 1478 478; x_wconf 85' lang='grc' dir='ltr'><em>τοῖς</em></span> <span class='ocrx_word' id='word_1_48' title='bbox 1500 426 1659 496; x_wconf 83' lang='grc' dir='ltr'><em>φυλάτ-</em></span> 
     </span>
     <span class='ocr_line' id='line_1_7' title="bbox 299 480 1655 552; baseline 0 -27"><span class='ocrx_word' id='word_1_49' title='bbox 299 495 424 526; x_wconf 87' lang='grc' dir='ltr'><em>τουσι</em></span> <span class='ocrx_word' id='word_1_50' title='bbox 453 482 527 533; x_wconf 77' lang='grc' dir='ltr'><em>τὰς</em></span> <span class='ocrx_word' id='word_1_51' title='bbox 554 483 694 533; x_wconf 85' lang='grc' dir='ltr'><em>πύλας</em></span> <span class='ocrx_word' id='word_1_52' title='bbox 722 483 1002 538; x_wconf 83' lang='grc' dir='ltr'><em>παρήγγειλεν</em></span> <span class='ocrx_word' id='word_1_53' title='bbox 1024 483 1099 526; x_wconf 77' lang='grc' dir='ltr'><em>ἐαν</em></span> <span class='ocrx_word' id='word_1_54' title='bbox 1117 484 1218 534; x_wconf 80' lang='grc' dir='ltr'><em>τούς</em></span> <span class='ocrx_word' id='word_1_55' title='bbox 1237 484 1530 552; x_wconf 79' lang='grc' dir='ltr'><em>βουλομένους</em></span> <span class='ocrx_word' id='word_1_56' title='bbox 1553 480 1655 537; x_wconf 86' lang='grc' dir='ltr'><em>παρ’</em></span> 
     </span>
     <span class='ocr_line' id='line_1_8' title="bbox 217 537 1659 608; baseline 0 -27"><span class='ocrx_word' id='word_1_57' title='bbox 217 542 271 586; x_wconf 82' lang='grc'><em>45</em></span> <span class='ocrx_word' id='word_1_58' title='bbox 302 537 446 582; x_wconf 77' lang='grc' dir='ltr'><em>αὐτῶν</em></span> <span class='ocrx_word' id='word_1_59' title='bbox 497 537 765 608; x_wconf 82' lang='grc' dir='ltr'><em>αὐτομολεῖν.</em></span> <span class='ocrx_word' id='word_1_60' title='bbox 824 539 972 594; x_wconf 84' lang='grc' dir='ltr'><em>διόπερ</em></span> <span class='ocrx_word' id='word_1_61' title='bbox 1023 538 1252 591; x_wconf 70' lang='grc' dir='ltr'><em>ἀκωλύτως</em></span> <span class='ocrx_word' id='word_1_62' title='bbox 1298 544 1385 582; x_wconf 78' lang='grc' dir='ltr'><em>τῶν</em></span> <span class='ocrx_word' id='word_1_63' title='bbox 1423 538 1659 608; x_wconf 74' lang='grc' dir='ltr'><em>ἡλωκότων</em></span> 
     </span>
     <span class='ocr_line' id='line_1_9' title="bbox 299 591 1658 665; baseline -0.001 -27"><span class='ocrx_word' id='word_1_64' title='bbox 299 591 547 650; x_wconf 77' lang='grc' dir='ltr'><em>Αἰγυπτίων</em></span> <span class='ocrx_word' id='word_1_65' title='bbox 579 594 795 638; x_wconf 87' lang='grc' dir='ltr'><em>απιόντων</em></span> <span class='ocrx_word' id='word_1_66' title='bbox 824 596 870 638; x_wconf 84' lang='grc' dir='ltr'><em>ἐκ</em></span> <span class='ocrx_word' id='word_1_67' title='bbox 887 600 961 651; x_wconf 79' lang='grc' dir='ltr'><em>τῆς</em></span> <span class='ocrx_word' id='word_1_68' title='bbox 983 599 1266 665; x_wconf 75' lang='grc' dir='ltr'><em>παρεμβολῆς,</em></span> <span class='ocrx_word' id='word_1_69' title='bbox 1280 597 1449 665; x_wconf 85' lang='grc' dir='ltr'><em>ταχέως</em></span> <span class='ocrx_word' id='word_1_70' title='bbox 1470 598 1528 646; x_wconf 89' lang='grc' dir='ltr'><em>εἰς</em></span> <span class='ocrx_word' id='word_1_71' title='bbox 1552 594 1658 638; x_wconf 83' lang='grc' dir='ltr'><em>απά-</em></span> 
     </span>
     <span class='ocr_line' id='line_1_10' title="bbox 301 650 1659 723; baseline 0 -28"><span class='ocrx_word' id='word_1_72' title='bbox 301 664 378 702; x_wconf 91' lang='grc' dir='ltr'><em>σας</em></span> <span class='ocrx_word' id='word_1_73' title='bbox 416 651 490 701; x_wconf 80' lang='grc' dir='ltr'><em>τὰς</em></span> <span class='ocrx_word' id='word_1_74' title='bbox 519 653 627 694; x_wconf 75' lang='grc' dir='ltr'><em>κατὰ</em></span> <span class='ocrx_word' id='word_1_75' title='bbox 654 652 732 707; x_wconf 76' lang='grc' dir='ltr'><em>τήν</em></span> <span class='ocrx_word' id='word_1_76' title='bbox 762 653 985 708; x_wconf 86' lang='grc' dir='ltr'><em>Αιγυπτον</em></span> <span class='ocrx_word' id='word_1_77' title='bbox 1013 650 1157 702; x_wconf 86' lang='grc' dir='ltr'><em>πόλεις</em></span> <span class='ocrx_word' id='word_1_78' title='bbox 1187 652 1210 695; x_wconf 92' lang='lat'><em>6</em></span> <span class='ocrx_word' id='word_1_79' title='bbox 1240 651 1365 720; x_wconf 81' lang='grc' dir='ltr'><em>λόγος</em></span> <span class='ocrx_word' id='word_1_80' title='bbox 1401 652 1423 696; x_wconf 91' lang='lat'><em>6</em></span> <span class='ocrx_word' id='word_1_81' title='bbox 1452 668 1659 723; x_wconf 46' lang='grc' dir='ltr'><em>προειρηή</em></span> 
     </span>
     <span class='ocr_line' id='line_1_11' title="bbox 300 706 1660 763; baseline 0.001 -13"><span class='ocrx_word' id='word_1_82' title='bbox 300 709 427 762; x_wconf 87' lang='grc' dir='ltr'><em>μένος</em></span> <span class='ocrx_word' id='word_1_83' title='bbox 469 706 690 762; x_wconf 80' lang='grc' dir='ltr'><em>διεσπάρη.</em></span> <span class='ocrx_word' id='word_1_84' title='bbox 750 707 884 757; x_wconf 75' lang='grc' dir='ltr'><em>εὐθυς</em></span> <span class='ocrx_word' id='word_1_85' title='bbox 924 710 1006 750; x_wconf 82' lang='grc' dir='ltr'><em>οὐν</em></span> <span class='ocrx_word' id='word_1_86' title='bbox 1042 725 1084 750; x_wconf 92' lang='grc' dir='ltr'><em>οι</em></span> <span class='ocrx_word' id='word_1_87' title='bbox 1124 708 1388 763; x_wconf 82' lang='grc' dir='ltr'><em>μισθοφόροι</em></span> <span class='ocrx_word' id='word_1_88' title='bbox 1417 708 1527 763; x_wconf 85' lang='grc' dir='ltr'><em>πρὸς</em></span> <span class='ocrx_word' id='word_1_89' title='bbox 1555 710 1660 758; x_wconf 78' lang='grc' dir='ltr'><em>τοὺς</em></span> 
     </span>
     <span class='ocr_line' id='line_1_12' title="bbox 215 764 1660 833; baseline 0.001 -26"><span class='ocrx_word' id='word_1_90' title='bbox 215 768 268 812; x_wconf 88' lang='lat'><em>50</em></span> <span class='ocrx_word' id='word_1_91' title='bbox 298 765 530 819; x_wconf 80' lang='grc' dir='ltr'><em>ἐγχωρίους</em></span> <span class='ocrx_word' id='word_1_92' title='bbox 569 780 761 833; x_wconf 75' lang='grc' dir='ltr'><em>πανταχῃ</em></span> <span class='ocrx_word' id='word_1_93' title='bbox 799 764 1074 818; x_wconf 85' lang='grc' dir='ltr'><em>διεφέροντο,</em></span> <span class='ocrx_word' id='word_1_94' title='bbox 1119 766 1191 807; x_wconf 82' lang='grc' dir='ltr'><em>καὶ</em></span> <span class='ocrx_word' id='word_1_95' title='bbox 1227 764 1412 815; x_wconf 82' lang='grc' dir='ltr'><em>στάσεως</em></span> <span class='ocrx_word' id='word_1_96' title='bbox 1442 767 1487 808; x_wconf 84' lang='grc' dir='ltr'><em>αἰ</em></span> <span class='ocrx_word' id='word_1_97' title='bbox 1514 764 1660 816; x_wconf 87' lang='grc' dir='ltr'><em>πόλεις</em></span> 
     </span>
     <span class='ocr_line' id='line_1_13' title="bbox 299 819 1660 891; baseline 0.002 -29"><span class='ocrx_word' id='word_1_98' title='bbox 299 821 579 875; x_wconf 81' lang='grc' dir='ltr'><em>ἐπληροῦντο.</em></span> <span class='ocrx_word' id='word_1_99' title='bbox 637 819 828 873; x_wconf 84' lang='grc' dir='ltr'><em>έκατεροι</em></span> <span class='ocrx_word' id='word_1_100' title='bbox 864 837 946 874; x_wconf 88' lang='grc' dir='ltr'><em>γαρ</em></span> <span class='ocrx_word' id='word_1_101' title='bbox 987 821 1080 889; x_wconf 79' lang='grc' dir='ltr'><em>ἰδία</em></span> <span class='ocrx_word' id='word_1_102' title='bbox 1112 823 1485 890; x_wconf 83' lang='grc' dir='ltr'><em>διεφιλοτιμοῦντο</em></span> <span class='ocrx_word' id='word_1_103' title='bbox 1524 837 1660 891; x_wconf 87' lang='grc' dir='ltr'><em>παρα-</em></span> 
     </span>
     <span class='ocr_line' id='line_1_14' title="bbox 299 875 1659 949; baseline 0.001 -31"><span class='ocrx_word' id='word_1_104' title='bbox 299 877 470 919; x_wconf 86' lang='grc' dir='ltr'><em>διδόναι</em></span> <span class='ocrx_word' id='word_1_105' title='bbox 500 893 552 918; x_wconf 92' lang='grc' dir='ltr'><em>τα</em></span> <span class='ocrx_word' id='word_1_106' title='bbox 584 875 797 945; x_wconf 81' lang='grc' dir='ltr'><em>φρούρια,</em></span> <span class='ocrx_word' id='word_1_107' title='bbox 828 877 900 919; x_wconf 82' lang='grc' dir='ltr'><em>καὶ</em></span> <span class='ocrx_word' id='word_1_108' title='bbox 929 880 1001 946; x_wconf 79' lang='grc' dir='ltr'><em>τῆς</em></span> <span class='ocrx_word' id='word_1_109' title='bbox 1028 894 1199 932; x_wconf 82' lang='grc' dir='ltr'><em>χαριτος</em></span> <span class='ocrx_word' id='word_1_110' title='bbox 1227 876 1383 949; x_wconf 83' lang='grc' dir='ltr'><em>ταύτης</em></span> <span class='ocrx_word' id='word_1_111' title='bbox 1412 879 1524 927; x_wconf 87' lang='grc' dir='ltr'><em>ἰδίας</em></span> <span class='ocrx_word' id='word_1_112' title='bbox 1554 876 1659 932; x_wconf 79' lang='grc' dir='ltr'><em>ἀγα-</em></span> 
     </span>
     <span class='ocr_line' id='line_1_15' title="bbox 297 931 1659 1002; baseline 0.001 -28"><span class='ocrx_word' id='word_1_113' title='bbox 297 936 395 974; x_wconf 77' lang='grc' dir='ltr'><em>θῶν</em></span> <span class='ocrx_word' id='word_1_114' title='bbox 433 932 606 983; x_wconf 79' lang='grc' dir='ltr'><em>ἐλπίδας</em></span> <span class='ocrx_word' id='word_1_115' title='bbox 645 931 929 988; x_wconf 79' lang='grc' dir='ltr'><em>ήλλοὶττοντο·</em></span> <span class='ocrx_word' id='word_1_116' title='bbox 976 933 1083 1002; x_wconf 81' lang='grc' dir='ltr'><em>ὅπερ</em></span> <span class='ocrx_word' id='word_1_117' title='bbox 1124 934 1198 977; x_wconf 88' lang='grc' dir='ltr'><em>καὶ</em></span> <span class='ocrx_word' id='word_1_118' title='bbox 1233 934 1329 989; x_wconf 87' lang='grc' dir='ltr'><em>περὶ</em></span> <span class='ocrx_word' id='word_1_119' title='bbox 1366 933 1543 989; x_wconf 88' lang='grc' dir='ltr'><em>πρώτην</em></span> <span class='ocrx_word' id='word_1_120' title='bbox 1579 933 1659 989; x_wconf 85' lang='grc' dir='ltr'><em>τὴν</em></span> 
     </span>
     <span class='ocr_line' id='line_1_16' title="bbox 215 969 1659 1059; baseline 0.002 -29.025"><span class='ocrx_word' id='word_1_121' title='bbox 215 969 270 1009; x_wconf 69' lang='lat'><em>⁰⁰</em></span> <span class='ocrx_word' id='word_1_122' title='bbox 301 989 554 1044; x_wconf 85' lang='grc' dir='ltr'><em>Βούβαστον</em></span> <span class='ocrx_word' id='word_1_123' title='bbox 585 989 742 1059; x_wconf 81' lang='grc' dir='ltr'><em>συνέβη</em></span> <span class='ocrx_word' id='word_1_124' title='bbox 772 989 985 1043; x_wconf 87' lang='grc' dir='ltr'><em>γενέσθαι.</em></span> <span class='ocrx_word' id='word_1_125' title='bbox 1045 989 1104 1040; x_wconf 80' lang='grc' dir='ltr'><em>ώς</em></span> <span class='ocrx_word' id='word_1_126' title='bbox 1132 991 1213 1046; x_wconf 83' lang='grc' dir='ltr'><em>γὰρ</em></span> <span class='ocrx_word' id='word_1_127' title='bbox 1245 993 1288 1033; x_wconf 80' lang='grc' dir='ltr'><em>οἱ</em></span> <span class='ocrx_word' id='word_1_128' title='bbox 1315 991 1413 1045; x_wconf 85' lang='grc' dir='ltr'><em>περὶ</em></span> <span class='ocrx_word' id='word_1_129' title='bbox 1441 990 1518 1033; x_wconf 84' lang='grc' dir='ltr'><em>τὸν</em></span> <span class='ocrx_word' id='word_1_130' title='bbox 1539 990 1659 1033; x_wconf 75' lang='grc' dir='ltr'><em>Μέν-</em></span> 
     </span>
     <span class='ocr_line' id='line_1_17' title="bbox 217 1026 1658 1116; baseline 0.001 -29"><span class='ocrx_word' id='word_1_131' title='bbox 217 1026 270 1067; x_wconf 78' lang='lat'><em>55</em></span> <span class='ocrx_word' id='word_1_132' title='bbox 298 1061 404 1100; x_wconf 88' lang='grc' dir='ltr'><em>τορα</em></span> <span class='ocrx_word' id='word_1_133' title='bbox 443 1045 516 1088; x_wconf 86' lang='grc' dir='ltr'><em>καὶ</em></span> <span class='ocrx_word' id='word_1_134' title='bbox 555 1044 742 1100; x_wconf 83' lang='grc' dir='ltr'><em>Βαγωαν</em></span> <span class='ocrx_word' id='word_1_135' title='bbox 782 1048 965 1114; x_wconf 88' lang='grc' dir='ltr'><em>πλησίον</em></span> <span class='ocrx_word' id='word_1_136' title='bbox 1004 1046 1136 1116; x_wconf 82' lang='grc' dir='ltr'><em>αὐτῆς</em></span> <span class='ocrx_word' id='word_1_137' title='bbox 1174 1047 1658 1099; x_wconf 81' lang='grc' dir='ltr'><em>κατεστρατοπέδευσαν,</em></span> 
     </span>
     <span class='ocr_line' id='line_1_18' title="bbox 300 1101 1659 1159; baseline 0.001 -15"><span class='ocrx_word' id='word_1_138' title='bbox 300 1103 342 1144; x_wconf 83' lang='grc' dir='ltr'><em>οἱ</em></span> <span class='ocrx_word' id='word_1_139' title='bbox 379 1101 458 1155; x_wconf 78' lang='grc' dir='ltr'><em>μὲν</em></span> <span class='ocrx_word' id='word_1_140' title='bbox 492 1101 725 1155; x_wconf 83' lang='grc' dir='ltr'><em>Αἰγύπτιοι</em></span> <span class='ocrx_word' id='word_1_141' title='bbox 762 1101 903 1159; x_wconf 88' lang='grc' dir='ltr'><em>λαθρα</em></span> <span class='ocrx_word' id='word_1_142' title='bbox 942 1118 1031 1145; x_wconf 89' lang='grc' dir='ltr'><em>των</em></span> <span class='ocrx_word' id='word_1_143' title='bbox 1055 1101 1267 1157; x_wconf 63' lang='grc' dir='ltr'><em>Ἐλλήνων</em></span> <span class='ocrx_word' id='word_1_144' title='bbox 1296 1101 1534 1158; x_wconf 67' lang='grc' dir='ltr'><em>ἐξέπεμψαν</em></span> <span class='ocrx_word' id='word_1_145' title='bbox 1561 1119 1659 1146; x_wconf 88' lang='grc' dir='ltr'><em>τινα</em></span> 
     </span>
     <span class='ocr_line' id='line_1_19' title="bbox 297 1156 1659 1229; baseline 0.002 -29"><span class='ocrx_word' id='word_1_146' title='bbox 297 1156 410 1212; x_wconf 73' lang='grc' dir='ltr'><em>πρὸς</em></span> <span class='ocrx_word' id='word_1_147' title='bbox 438 1157 515 1200; x_wconf 87' lang='grc' dir='ltr'><em>τὸν</em></span> <span class='ocrx_word' id='word_1_148' title='bbox 545 1158 746 1213; x_wconf 87' lang='grc' dir='ltr'><em>Βαγώαν,</em></span> <span class='ocrx_word' id='word_1_149' title='bbox 766 1157 1134 1227; x_wconf 85' lang='grc' dir='ltr'><em>ἐπαγγελλόμενοι</em></span> <span class='ocrx_word' id='word_1_150' title='bbox 1161 1160 1435 1229; x_wconf 74' lang='grc' dir='ltr'><em>παραδώσειν</em></span> <span class='ocrx_word' id='word_1_151' title='bbox 1462 1160 1541 1216; x_wconf 75' lang='grc' dir='ltr'><em>τήν</em></span> <span class='ocrx_word' id='word_1_152' title='bbox 1570 1159 1659 1203; x_wconf 80' lang='grc' dir='ltr'><em>πό-</em></span> 
     </span>
     <span class='ocr_line' id='line_1_20' title="bbox 297 1213 1656 1271; baseline 0.001 -14"><span class='ocrx_word' id='word_1_153' title='bbox 297 1218 386 1264; x_wconf 86' lang='grc' dir='ltr'><em>λιν,</em></span> <span class='ocrx_word' id='word_1_154' title='bbox 431 1213 506 1257; x_wconf 84' lang='grc' dir='ltr'><em>ἐὰν</em></span> <span class='ocrx_word' id='word_1_155' title='bbox 546 1214 692 1265; x_wconf 82' lang='grc' dir='ltr'><em>αὐτοῖς</em></span> <span class='ocrx_word' id='word_1_156' title='bbox 726 1214 804 1270; x_wconf 77' lang='grc' dir='ltr'><em>τήν</em></span> <span class='ocrx_word' id='word_1_157' title='bbox 843 1214 1083 1269; x_wconf 79' lang='grc' dir='ltr'><em>ασφοέλειαν</em></span> <span class='ocrx_word' id='word_1_158' title='bbox 1123 1216 1466 1271; x_wconf 83' lang='grc' dir='ltr'><em>συγχωρήσωσιν</em></span> <span class='ocrx_word' id='word_1_159' title='bbox 1527 1217 1572 1258; x_wconf 81' lang='grc' dir='ltr'><em>οῖ</em></span> <span class='ocrx_word' id='word_1_160' title='bbox 1609 1214 1656 1260; x_wconf 87' lang='grc' dir='ltr'><em>δ’</em></span> 
     </span>
     <span class='ocr_line' id='line_1_21' title="bbox 215 1269 1660 1327; baseline 0.001 -13"><span class='ocrx_word' id='word_1_161' title='bbox 215 1274 268 1315; x_wconf 88' lang='grc'><em>60</em></span> <span class='ocrx_word' id='word_1_162' title='bbox 285 1269 489 1326; x_wconf 59' lang='lat' dir='ltr'><em>‘&#39;quveg</em></span> <span class='ocrx_word' id='word_1_163' title='bbox 518 1272 771 1325; x_wconf 78' lang='grc' dir='ltr'><em>αἰσθόμενοι</em></span> <span class='ocrx_word' id='word_1_164' title='bbox 800 1271 850 1315; x_wconf 78' lang='grc' dir='ltr'><em>τό</em></span> <span class='ocrx_word' id='word_1_165' title='bbox 879 1271 1058 1327; x_wconf 84' lang='grc' dir='ltr'><em>γεγονὸς</em></span> <span class='ocrx_word' id='word_1_166' title='bbox 1079 1275 1339 1323; x_wconf 80' lang='grc' dir='ltr'><em>κατεδίωξαν</em></span> <span class='ocrx_word' id='word_1_167' title='bbox 1359 1272 1435 1315; x_wconf 79' lang='grc' dir='ltr'><em>τόν</em></span> <span class='ocrx_word' id='word_1_168' title='bbox 1458 1271 1660 1316; x_wconf 77' lang='grc' dir='ltr'><em>οἷπεσταλ-</em></span> 
     </span>
     <span class='ocr_line' id='line_1_22' title="bbox 295 1326 1658 1398; baseline 0.001 -28"><span class='ocrx_word' id='word_1_169' title='bbox 295 1327 449 1398; x_wconf 88' lang='grc' dir='ltr'><em>μένον</em></span> <span class='ocrx_word' id='word_1_170' title='bbox 478 1328 551 1370; x_wconf 85' lang='grc' dir='ltr'><em>καὶ</em></span> <span class='ocrx_word' id='word_1_171' title='bbox 581 1326 724 1383; x_wconf 84' lang='grc' dir='ltr'><em>φόβον</em></span> <span class='ocrx_word' id='word_1_172' title='bbox 731 1327 1103 1396; x_wconf 79' lang='grc' dir='ltr'><em>ἐπικρεμάσαντες</em></span> <span class='ocrx_word' id='word_1_173' title='bbox 1122 1327 1316 1383; x_wconf 81' lang='grc' dir='ltr'><em>ἤκουσαν</em></span> <span class='ocrx_word' id='word_1_174' title='bbox 1338 1345 1419 1383; x_wconf 92' lang='grc' dir='ltr'><em>την</em></span> <span class='ocrx_word' id='word_1_175' title='bbox 1438 1327 1658 1384; x_wconf 86' lang='grc' dir='ltr'><em>αλήθειαν.</em></span> 
     </span>
     <span class='ocr_line' id='line_1_23' title="bbox 296 1382 1660 1455; baseline 0.001 -28"><span class='ocrx_word' id='word_1_176' title='bbox 296 1382 368 1453; x_wconf 84' lang='grc' dir='ltr'><em>ἐφ’</em></span> <span class='ocrx_word' id='word_1_177' title='bbox 400 1386 464 1434; x_wconf 86' lang='grc' dir='ltr'><em>οἱς</em></span> <span class='ocrx_word' id='word_1_178' title='bbox 491 1382 834 1455; x_wconf 76' lang='grc' dir='ltr'><em>παροξυνθέντες</em></span> <span class='ocrx_word' id='word_1_179' title='bbox 863 1384 1063 1427; x_wconf 81' lang='grc' dir='ltr'><em>ἐπέθεντο</em></span> <span class='ocrx_word' id='word_1_180' title='bbox 1093 1389 1183 1435; x_wconf 87' lang='grc' dir='ltr'><em>τοῖς</em></span> <span class='ocrx_word' id='word_1_181' title='bbox 1211 1387 1472 1440; x_wconf 79' lang='grc' dir='ltr'><em>Αἰγυπτίοις,</em></span> <span class='ocrx_word' id='word_1_182' title='bbox 1504 1386 1577 1428; x_wconf 82' lang='grc' dir='ltr'><em>καὶ</em></span> <span class='ocrx_word' id='word_1_183' title='bbox 1600 1401 1660 1429; x_wconf 81' lang='grc' dir='ltr'><em>τι·</em></span> 
     </span>
     <span class='ocr_line' id='line_1_24' title="bbox 294 1440 1660 1513; baseline 0.002 -31"><span class='ocrx_word' id='word_1_184' title='bbox 294 1456 375 1490; x_wconf 90' lang='grc' dir='ltr'><em>νας</em></span> <span class='ocrx_word' id='word_1_185' title='bbox 425 1456 503 1495; x_wconf 89' lang='grc' dir='ltr'><em>μεν</em></span> <span class='ocrx_word' id='word_1_186' title='bbox 544 1440 816 1491; x_wconf 81' lang='grc' dir='ltr'><em>οἷπέκτειναν,</em></span> <span class='ocrx_word' id='word_1_187' title='bbox 867 1457 986 1491; x_wconf 90' lang='grc' dir='ltr'><em>τινας</em></span> <span class='ocrx_word' id='word_1_188' title='bbox 1023 1440 1069 1484; x_wconf 90' lang='grc' dir='ltr'><em>δε</em></span> <span class='ocrx_word' id='word_1_189' title='bbox 1103 1444 1366 1511; x_wconf 86' lang='grc' dir='ltr'><em>τραυματίας</em></span> <span class='ocrx_word' id='word_1_190' title='bbox 1404 1441 1660 1513; x_wconf 84' lang='grc' dir='ltr'><em>ποιήσαντες</em></span> 
     </span>
     <span class='ocr_line' id='line_1_25' title="bbox 211 1495 1733 1567; baseline 0.001 -29"><span class='ocrx_word' id='word_1_191' title='bbox 211 1497 264 1538; x_wconf 86' lang='grc'><em>65</em></span> <span class='ocrx_word' id='word_1_192' title='bbox 294 1495 398 1547; x_wconf 79' lang='grc' dir='ltr'><em>τούς</em></span> <span class='ocrx_word' id='word_1_193' title='bbox 427 1496 607 1547; x_wconf 71' lang='grc' dir='ltr'><em>λοιποὺς</em></span> <span class='ocrx_word' id='word_1_194' title='bbox 637 1496 884 1565; x_wconf 88' lang='grc' dir='ltr'><em>συνήλασαν</em></span> <span class='ocrx_word' id='word_1_195' title='bbox 915 1499 974 1547; x_wconf 86' lang='grc' dir='ltr'><em>εἰς</em></span> <span class='ocrx_word' id='word_1_196' title='bbox 1002 1497 1130 1566; x_wconf 82' lang='grc' dir='ltr'><em>μέρος</em></span> <span class='ocrx_word' id='word_1_197' title='bbox 1158 1514 1201 1541; x_wconf 90' lang='grc' dir='ltr'><em>τι</em></span> <span class='ocrx_word' id='word_1_198' title='bbox 1219 1503 1292 1567; x_wconf 87' lang='grc' dir='ltr'><em>τῆς</em></span> <span class='ocrx_word' id='word_1_199' title='bbox 1311 1497 1490 1549; x_wconf 86' lang='grc' dir='ltr'><em>πόλεως.</em></span> <span class='ocrx_word' id='word_1_200' title='bbox 1536 1515 1578 1541; x_wconf 89' lang='grc' dir='ltr'><em>οι</em></span> <span class='ocrx_word' id='word_1_201' title='bbox 1609 1496 1733 1542; x_wconf 73' lang='lat'><strong>6&#39;121</strong></span> 
     </span>
     <span class='ocr_line' id='line_1_26' title="bbox 290 1551 1660 1624; baseline 0.001 -29"><span class='ocrx_word' id='word_1_202' title='bbox 290 1552 545 1621; x_wconf 84' lang='grc' dir='ltr'><em>ηττηθέντες</em></span> <span class='ocrx_word' id='word_1_203' title='bbox 589 1551 860 1622; x_wconf 75' lang='grc' dir='ltr'><em>δηλώσαντες</em></span> <span class='ocrx_word' id='word_1_204' title='bbox 903 1557 962 1611; x_wconf 76' lang='grc' dir='ltr'><em>τῷ</em></span> <span class='ocrx_word' id='word_1_205' title='bbox 1002 1551 1162 1609; x_wconf 84' lang='grc' dir='ltr'><em>Βαγώα</em></span> <span class='ocrx_word' id='word_1_206' title='bbox 1207 1553 1255 1597; x_wconf 84' lang='grc' dir='ltr'><em>τὸ</em></span> <span class='ocrx_word' id='word_1_207' title='bbox 1295 1554 1472 1624; x_wconf 83' lang='grc' dir='ltr'><em>γεγονὸς</em></span> <span class='ocrx_word' id='word_1_208' title='bbox 1511 1552 1660 1623; x_wconf 76' lang='grc' dir='ltr'><em>ἠξίουν</em></span> 
     </span>
     <span class='ocr_line' id='line_1_27' title="bbox 290 1608 1657 1665; baseline 0.001 -13"><span class='ocrx_word' id='word_1_209' title='bbox 290 1626 399 1653; x_wconf 88' lang='grc' dir='ltr'><em>κατα</em></span> <span class='ocrx_word' id='word_1_210' title='bbox 425 1608 553 1664; x_wconf 80' lang='grc' dir='ltr'><em>τάχος</em></span> <span class='ocrx_word' id='word_1_211' title='bbox 584 1609 767 1652; x_wconf 79' lang='grc' dir='ltr'><em>ἐλθόντα</em></span> <span class='ocrx_word' id='word_1_212' title='bbox 799 1612 1068 1664; x_wconf 87' lang='grc' dir='ltr'><em>παραλαβεῖν</em></span> <span class='ocrx_word' id='word_1_213' title='bbox 1097 1626 1176 1665; x_wconf 86' lang='grc' dir='ltr'><em>την</em></span> <span class='ocrx_word' id='word_1_214' title='bbox 1204 1611 1331 1653; x_wconf 88' lang='grc' dir='ltr'><em>πόλιν</em></span> <span class='ocrx_word' id='word_1_215' title='bbox 1359 1610 1466 1665; x_wconf 84' lang='grc' dir='ltr'><em>παρ’</em></span> <span class='ocrx_word' id='word_1_216' title='bbox 1497 1609 1657 1654; x_wconf 80' lang='grc' dir='ltr'><em>αὐτων,</em></span> 
     </span>
     <span class='ocr_line' id='line_1_28' title="bbox 291 1664 1660 1737; baseline 0.001 -28"><span class='ocrx_word' id='word_1_217' title='bbox 291 1682 379 1709; x_wconf 90' lang='grc' dir='ltr'><em>των</em></span> <span class='ocrx_word' id='word_1_218' title='bbox 410 1666 454 1708; x_wconf 79' lang='grc' dir='ltr'><em>δὲ</em></span> <span class='ocrx_word' id='word_1_219' title='bbox 480 1664 695 1720; x_wconf 87' lang='grc' dir='ltr'><em>Ἑλλήνων</em></span> <span class='ocrx_word' id='word_1_220' title='bbox 723 1665 832 1719; x_wconf 81' lang='grc' dir='ltr'><em>πρὸς</em></span> <span class='ocrx_word' id='word_1_221' title='bbox 861 1665 937 1708; x_wconf 85' lang='grc' dir='ltr'><em>τὸν</em></span> <span class='ocrx_word' id='word_1_222' title='bbox 965 1666 1171 1719; x_wconf 90' lang='grc' dir='ltr'><em>Μέντορα</em></span> <span class='ocrx_word' id='word_1_223' title='bbox 1201 1665 1344 1721; x_wconf 81' lang='grc' dir='ltr'><em>λα’θρα</em></span> <span class='ocrx_word' id='word_1_224' title='bbox 1383 1669 1660 1737; x_wconf 84' lang='grc' dir='ltr'><em>διακηρυκευ-</em></span> 
     </span>
     <span class='ocr_line' id='line_1_29' title="bbox 295 1720 1658 1792; baseline 0.001 -27"><span class='ocrx_word' id='word_1_225' title='bbox 295 1720 506 1792; x_wconf 88' lang='grc' dir='ltr'><em>σαμένων,</em></span> <span class='ocrx_word' id='word_1_226' title='bbox 539 1721 561 1765; x_wconf 89' lang='grc' dir='ltr'>ὁ</span> <span class='ocrx_word' id='word_1_227' title='bbox 586 1722 774 1775; x_wconf 82' lang='grc' dir='ltr'><em>Μέντωρ</em></span> <span class='ocrx_word' id='word_1_228' title='bbox 806 1722 851 1764; x_wconf 87' lang='grc' dir='ltr'><em>ἐν</em></span> <span class='ocrx_word' id='word_1_229' title='bbox 881 1720 1142 1790; x_wconf 74' lang='grc' dir='ltr'><em>ἀπορρήτοις</em></span> <span class='ocrx_word' id='word_1_230' title='bbox 1171 1723 1457 1777; x_wconf 77' lang='grc' dir='ltr'><em>παρεκάλεσεν</em></span> <span class='ocrx_word' id='word_1_231' title='bbox 1483 1722 1658 1776; x_wconf 81' lang='grc' dir='ltr'><em>αὐτούς,</em></span> 
     </span>
     <span class='ocr_line' id='line_1_30' title="bbox 209 1776 1659 1835; baseline 0.001 -13"><span class='ocrx_word' id='word_1_232' title='bbox 209 1778 264 1817; x_wconf 83' lang='grc'><em>70</em></span> <span class='ocrx_word' id='word_1_233' title='bbox 295 1778 402 1822; x_wconf 80' lang='grc' dir='ltr'><em>ὅταν</em></span> <span class='ocrx_word' id='word_1_234' title='bbox 433 1776 616 1832; x_wconf 89' lang='grc' dir='ltr'><em>Βαγωας</em></span> <span class='ocrx_word' id='word_1_235' title='bbox 656 1780 715 1829; x_wconf 86' lang='grc' dir='ltr'><em>εἰς</em></span> <span class='ocrx_word' id='word_1_236' title='bbox 745 1779 823 1833; x_wconf 78' lang='grc' dir='ltr'><em>τὴν</em></span> <span class='ocrx_word' id='word_1_237' title='bbox 850 1777 977 1821; x_wconf 90' lang='grc' dir='ltr'><em>πόλιν</em></span> <span class='ocrx_word' id='word_1_238' title='bbox 1008 1779 1196 1834; x_wconf 77' lang='grc' dir='ltr'><em>εἰςέλθῃ,</em></span> <span class='ocrx_word' id='word_1_239' title='bbox 1238 1796 1316 1835; x_wconf 89' lang='grc' dir='ltr'><em>την</em></span> <span class='ocrx_word' id='word_1_240' title='bbox 1346 1780 1538 1823; x_wconf 87' lang='grc' dir='ltr'><em>ἐπίθεσιν</em></span> <span class='ocrx_word' id='word_1_241' title='bbox 1566 1786 1659 1831; x_wconf 88' lang='grc' dir='ltr'><em>τοῖς</em></span> 
     </span>
     <span class='ocr_line' id='line_1_31' title="bbox 219 1834 1655 1907; baseline 0.003 -31"><span class='ocrx_word' id='word_1_242' title='bbox 219 1838 223 1839; x_wconf 63' lang='grc'>’</span> <span class='ocrx_word' id='word_1_243' title='bbox 293 1834 534 1893; x_wconf 85' lang='grc' dir='ltr'><em>βαρβαροις</em></span> <span class='ocrx_word' id='word_1_244' title='bbox 562 1834 840 1907; x_wconf 78' lang='grc' dir='ltr'><em>ποιήσασθαι.</em></span> <span class='ocrx_word' id='word_1_245' title='bbox 865 1850 975 1904; x_wconf 82' lang='grc' dir='ltr'><em>μετα</em></span> <span class='ocrx_word' id='word_1_246' title='bbox 1004 1835 1049 1877; x_wconf 80' lang='grc' dir='ltr'><em>δὲ</em></span> <span class='ocrx_word' id='word_1_247' title='bbox 1078 1839 1213 1878; x_wconf 85' lang='grc' dir='ltr'><em>ταῦτα</em></span> <span class='ocrx_word' id='word_1_248' title='bbox 1241 1840 1321 1879; x_wconf 87' lang='grc' dir='ltr'><em>τοῦ</em></span> <span class='ocrx_word' id='word_1_249' title='bbox 1344 1836 1530 1892; x_wconf 77' lang='grc' dir='ltr'><em>Βαγώου</em></span> <span class='ocrx_word' id='word_1_250' title='bbox 1551 1853 1655 1892; x_wconf 87' lang='grc' dir='ltr'><em>μετα</em></span> 
     </span>
     <span class='ocr_line' id='line_1_32' title="bbox 294 1889 1658 1947; baseline 0.002 -14"><span class='ocrx_word' id='word_1_251' title='bbox 294 1908 382 1934; x_wconf 91' lang='grc' dir='ltr'><em>των</em></span> <span class='ocrx_word' id='word_1_252' title='bbox 411 1894 594 1946; x_wconf 86' lang='grc' dir='ltr'><em>Περσων</em></span> <span class='ocrx_word' id='word_1_253' title='bbox 627 1890 830 1941; x_wconf 86' lang='grc' dir='ltr'><em>εἰςιόντος</em></span> <span class='ocrx_word' id='word_1_254' title='bbox 858 1890 964 1934; x_wconf 87' lang='grc' dir='ltr'><em>α’νευ</em></span> <span class='ocrx_word' id='word_1_255' title='bbox 993 1895 1068 1947; x_wconf 87' lang='grc' dir='ltr'><em>τῆς</em></span> <span class='ocrx_word' id='word_1_256' title='bbox 1094 1909 1182 1934; x_wconf 92' lang='grc' dir='ltr'><em>των</em></span> <span class='ocrx_word' id='word_1_257' title='bbox 1207 1889 1419 1947; x_wconf 83' lang='grc' dir='ltr'><em>Ελλήνων</em></span> <span class='ocrx_word' id='word_1_258' title='bbox 1449 1905 1658 1947; x_wconf 80' lang='grc' dir='ltr'><em>συγκατα-</em></span> 
     </span>
     <span class='ocr_line' id='line_1_33' title="bbox 294 1948 1657 2003; baseline 0.001 -13"><span class='ocrx_word' id='word_1_259' title='bbox 294 1948 475 1999; x_wconf 81' lang='grc' dir='ltr'><em>θέσεως,</em></span> <span class='ocrx_word' id='word_1_260' title='bbox 514 1948 587 1990; x_wconf 88' lang='grc' dir='ltr'><em>καὶ</em></span> <span class='ocrx_word' id='word_1_261' title='bbox 617 1948 778 2002; x_wconf 86' lang='grc' dir='ltr'><em>μέρους</em></span> <span class='ocrx_word' id='word_1_262' title='bbox 805 1951 894 1989; x_wconf 77' lang='grc' dir='ltr'><em>τῶν</em></span> <span class='ocrx_word' id='word_1_263' title='bbox 924 1952 1198 2001; x_wconf 88' lang='grc' dir='ltr'><em>στρατιωτων</em></span> <span class='ocrx_word' id='word_1_264' title='bbox 1226 1949 1571 2003; x_wconf 85' lang='grc' dir='ltr'><em>εἰςεληλνθότος,</em></span> <span class='ocrx_word' id='word_1_265' title='bbox 1613 1951 1657 1992; x_wconf 83' lang='grc' dir='ltr'><em>οἱ</em></span> 
     </span>
     <span class='ocr_line' id='line_1_34' title="bbox 212 2002 1658 2060; baseline 0.001 -14"><span class='ocrx_word' id='word_1_266' title='bbox 212 2008 264 2051; x_wconf 87' lang='grc'><em>75</em></span> <span class='ocrx_word' id='word_1_267' title='bbox 295 2020 374 2058; x_wconf 89' lang='grc' dir='ltr'><em>μεν</em></span> <span class='ocrx_word' id='word_1_268' title='bbox 387 2003 586 2060; x_wconf 85' lang='grc' dir='ltr'><em>Έλληνες</em></span> <span class='ocrx_word' id='word_1_269' title='bbox 623 2004 749 2058; x_wconf 77' lang='grc' dir='ltr'><em>ἄφνω</em></span> <span class='ocrx_word' id='word_1_270' title='bbox 787 2019 862 2054; x_wconf 87' lang='grc' dir='ltr'><em>τας</em></span> <span class='ocrx_word' id='word_1_271' title='bbox 891 2002 1028 2055; x_wconf 82' lang='grc' dir='ltr'><em>πύλας</em></span> <span class='ocrx_word' id='word_1_272' title='bbox 1064 2006 1304 2056; x_wconf 83' lang='grc' dir='ltr'><em>κλείσαντες</em></span> <span class='ocrx_word' id='word_1_273' title='bbox 1333 2005 1537 2048; x_wconf 86' lang='grc' dir='ltr'><em>ἐπέθεντο</em></span> <span class='ocrx_word' id='word_1_274' title='bbox 1566 2010 1658 2056; x_wconf 87' lang='grc' dir='ltr'><em>τοῖς</em></span> 
     </span>
     <span class='ocr_line' id='line_1_35' title="bbox 294 2059 1725 2130; baseline 0.001 -27"><span class='ocrx_word' id='word_1_275' title='bbox 294 2060 414 2110; x_wconf 85' lang='grc' dir='ltr'><em>ἐντὸς</em></span> <span class='ocrx_word' id='word_1_276' title='bbox 442 2065 526 2103; x_wconf 86' lang='grc' dir='ltr'><em>τῶν</em></span> <span class='ocrx_word' id='word_1_277' title='bbox 554 2064 709 2130; x_wconf 79' lang='grc' dir='ltr'><em>τειχῶν</em></span> <span class='ocrx_word' id='word_1_278' title='bbox 732 2059 1002 2129; x_wconf 83' lang='grc' dir='ltr'><em>υπάρχουσι,</em></span> <span class='ocrx_word' id='word_1_279' title='bbox 1041 2062 1112 2104; x_wconf 82' lang='grc' dir='ltr'><em>καὶ</em></span> <span class='ocrx_word' id='word_1_280' title='bbox 1140 2060 1304 2112; x_wconf 80' lang='grc' dir='ltr'><em>πάντας</em></span> <span class='ocrx_word' id='word_1_281' title='bbox 1333 2060 1554 2112; x_wconf 81' lang='grc' dir='ltr'><em>ἀνελόντες</em></span> <span class='ocrx_word' id='word_1_282' title='bbox 1582 2062 1659 2105; x_wconf 86' lang='grc' dir='ltr'><em>τὸν</em></span> <span class='ocrx_word' id='word_1_283' title='bbox 1720 2080 1725 2083; x_wconf 65' lang='grc'>’</span> 
     </span>
     <span class='ocr_line' id='line_1_36' title="bbox 295 2115 1657 2187; baseline 0.002 -29"><span class='ocrx_word' id='word_1_284' title='bbox 295 2116 482 2172; x_wconf 82' lang='grc' dir='ltr'><em>Βαγώαν</em></span> <span class='ocrx_word' id='word_1_285' title='bbox 523 2115 657 2160; x_wconf 83' lang='grc' dir='ltr'><em>αὐτόν</em></span> <span class='ocrx_word' id='word_1_286' title='bbox 693 2115 950 2186; x_wconf 79' lang='grc' dir='ltr'><em>ἐζώγρησαν.</em></span> <span class='ocrx_word' id='word_1_287' title='bbox 1011 2115 1034 2160; x_wconf 97' lang='lat'><em>6</em></span> <span class='ocrx_word' id='word_1_288' title='bbox 1074 2117 1118 2160; x_wconf 77' lang='grc' dir='ltr'><em>δὲ</em></span> <span class='ocrx_word' id='word_1_289' title='bbox 1148 2118 1223 2168; x_wconf 73' lang='grc' dir='ltr'><em>τοὶς</em></span> <span class='ocrx_word' id='word_1_290' title='bbox 1250 2122 1325 2187; x_wconf 85' lang='grc' dir='ltr'><em>τῆς</em></span> <span class='ocrx_word' id='word_1_291' title='bbox 1355 2119 1566 2173; x_wconf 89' lang='grc' dir='ltr'><em>σωτηριας</em></span> <span class='ocrx_word' id='word_1_292' title='bbox 1594 2118 1657 2162; x_wconf 89' lang='grc' dir='ltr'><em>ἐλ-</em></span> 
     </span>
     <span class='ocr_line' id='line_1_37' title="bbox 293 2172 1657 2246; baseline 0.002 -31"><span class='ocrx_word' id='word_1_293' title='bbox 293 2175 441 2246; x_wconf 61' lang='lat' dir='ltr'><em>azfdccg</em></span> <span class='ocrx_word' id='word_1_294' title='bbox 449 2173 494 2216; x_wconf 89' lang='grc' dir='ltr'><em>ἐν</em></span> <span class='ocrx_word' id='word_1_295' title='bbox 521 2177 583 2231; x_wconf 76' lang='grc' dir='ltr'><em>τῷ</em></span> <span class='ocrx_word' id='word_1_296' title='bbox 611 2172 806 2227; x_wconf 84' lang='grc' dir='ltr'><em>Μέντορι</em></span> <span class='ocrx_word' id='word_1_297' title='bbox 832 2172 1026 2228; x_wconf 82' lang='grc' dir='ltr'><em>κειμένας</em></span> <span class='ocrx_word' id='word_1_298' title='bbox 1055 2173 1184 2229; x_wconf 76' lang='grc' dir='ltr'><em>ὁρῶν,</em></span> <span class='ocrx_word' id='word_1_299' title='bbox 1214 2173 1371 2242; x_wconf 85' lang='grc' dir='ltr'><em>ἐδεήθη</em></span> <span class='ocrx_word' id='word_1_300' title='bbox 1396 2179 1554 2226; x_wconf 79' lang='grc' dir='ltr'><em>σῶσαι,</em></span> <span class='ocrx_word' id='word_1_301' title='bbox 1582 2175 1657 2219; x_wconf 84' lang='grc' dir='ltr'><em>καὶ</em></span> 
     </span>
     <span class='ocr_line' id='line_1_38' title="bbox 295 2218 1658 2288; baseline 0.001 -16"><span class='ocrx_word' id='word_1_302' title='bbox 295 2231 353 2280; x_wconf 88' lang='grc' dir='ltr'><em>εἰς</em></span> <span class='ocrx_word' id='word_1_303' title='bbox 393 2228 443 2273; x_wconf 85' lang='grc' dir='ltr'>τὸ</span> <span class='ocrx_word' id='word_1_304' title='bbox 482 2218 638 2273; x_wconf 88' lang='grc' dir='ltr'><em>λοιπὸν</em></span> <span class='ocrx_word' id='word_1_305' title='bbox 675 2231 1031 2284; x_wconf 82' lang='grc' dir='ltr'><em>κατεπηγγείλατο</em></span> <span class='ocrx_word' id='word_1_306' title='bbox 1070 2231 1203 2285; x_wconf 79' lang='grc' dir='ltr'><em>μηδὲν</em></span> <span class='ocrx_word' id='word_1_307' title='bbox 1242 2229 1417 2285; x_wconf 80' lang='grc' dir='ltr'><em>πράξειν</em></span> <span class='ocrx_word' id='word_1_308' title='bbox 1448 2230 1551 2273; x_wconf 77' lang='grc' dir='ltr'><em>ἄνευ</em></span> <span class='ocrx_word' id='word_1_309' title='bbox 1580 2236 1658 2288; x_wconf 85' lang='grc' dir='ltr'><em>τῆς</em></span> 
     </span>
     <span class='ocr_line' id='line_1_39' title="bbox 212 2285 1656 2357; baseline 0 -27"><span class='ocrx_word' id='word_1_310' title='bbox 212 2290 264 2330; x_wconf 85' lang='grc'><em>80</em></span> <span class='ocrx_word' id='word_1_311' title='bbox 296 2287 464 2329; x_wconf 89' lang='grc' dir='ltr'><em>ἐκείνου</em></span> <span class='ocrx_word' id='word_1_312' title='bbox 503 2285 690 2356; x_wconf 87' lang='grc' dir='ltr'><em>γνώμης.</em></span> <span class='ocrx_word' id='word_1_313' title='bbox 758 2285 781 2329; x_wconf 92' lang='grc' dir='ltr'>ὁ</span> <span class='ocrx_word' id='word_1_314' title='bbox 829 2286 874 2328; x_wconf 80' lang='grc' dir='ltr'><em>δὲ</em></span> <span class='ocrx_word' id='word_1_315' title='bbox 910 2285 1096 2356; x_wconf 87' lang='grc' dir='ltr'><em>Μέντωρ</em></span> <span class='ocrx_word' id='word_1_316' title='bbox 1140 2287 1287 2337; x_wconf 88' lang='grc' dir='ltr'><em>πείσας</em></span> <span class='ocrx_word' id='word_1_317' title='bbox 1323 2286 1424 2337; x_wconf 86' lang='grc' dir='ltr'><em>τούς</em></span> <span class='ocrx_word' id='word_1_318' title='bbox 1447 2286 1656 2357; x_wconf 45' lang='grc' dir='ltr'><em>ι’ΞῙΕλληνας</em></span> 
     </span>
     <span class='ocr_line' id='line_1_40' title="bbox 294 2340 1656 2414; baseline 0.001 -30"><span class='ocrx_word' id='word_1_319' title='bbox 294 2340 471 2397; x_wconf 72' lang='grc' dir='ltr'><em>ἀφεῖναι</em></span> <span class='ocrx_word' id='word_1_320' title='bbox 498 2341 578 2385; x_wconf 80' lang='grc' dir='ltr'><em>τόν</em></span> <span class='ocrx_word' id='word_1_321' title='bbox 601 2340 796 2413; x_wconf 83' lang='grc' dir='ltr'><em>Βαγώαν</em></span> <span class='ocrx_word' id='word_1_322' title='bbox 825 2342 898 2385; x_wconf 85' lang='grc' dir='ltr'><em>καὶ</em></span> <span class='ocrx_word' id='word_1_323' title='bbox 928 2340 986 2385; x_wconf 89' lang='grc' dir='ltr'><em>δι’</em></span> <span class='ocrx_word' id='word_1_324' title='bbox 1018 2342 1177 2386; x_wconf 78' lang='grc' dir='ltr'><em>ἑαυτοῦ</em></span> <span class='ocrx_word' id='word_1_325' title='bbox 1196 2341 1399 2398; x_wconf 84' lang='grc' dir='ltr'><em>γενέσθαι</em></span> <span class='ocrx_word' id='word_1_326' title='bbox 1422 2342 1501 2414; x_wconf 83' lang='grc' dir='ltr'><em>τὴν</em></span> <span class='ocrx_word' id='word_1_327' title='bbox 1520 2359 1656 2414; x_wconf 84' lang='grc' dir='ltr'><em>παρα-</em></span> 
     </span>
     <span class='ocr_line' id='line_1_41' title="bbox 294 2397 1656 2457; baseline 0.001 -15"><span class='ocrx_word' id='word_1_328' title='bbox 294 2400 430 2452; x_wconf 83' lang='grc' dir='ltr'><em>δοσιν,</em></span> <span class='ocrx_word' id='word_1_329' title='bbox 459 2415 539 2454; x_wconf 88' lang='grc' dir='ltr'><em>την</em></span> <span class='ocrx_word' id='word_1_330' title='bbox 568 2398 645 2455; x_wconf 83' lang='grc' dir='ltr'><em>μὲν</em></span> <span class='ocrx_word' id='word_1_331' title='bbox 675 2398 920 2456; x_wconf 81' lang='grc' dir='ltr'><em>ἐπιγραφὴν</em></span> <span class='ocrx_word' id='word_1_332' title='bbox 942 2402 1023 2442; x_wconf 80' lang='grc' dir='ltr'><em>τοῦ</em></span> <span class='ocrx_word' id='word_1_333' title='bbox 1049 2399 1372 2456; x_wconf 84' lang='grc' dir='ltr'><em>προτερήματος</em></span> <span class='ocrx_word' id='word_1_334' title='bbox 1397 2397 1528 2451; x_wconf 79' lang='grc' dir='ltr'><em>αὐτὸς</em></span> <span class='ocrx_word' id='word_1_335' title='bbox 1551 2398 1656 2457; x_wconf 85' lang='grc' dir='ltr'><em>απη-</em></span> 
     </span>
    </p>
   </div>
   <div class='ocr_carea' id='block_1_3' title="bbox 292 2532 1655 2766">
    <p class='ocr_par' dir='ltr' id='par_1_3' title="bbox 292 2532 1655 2626">
     <span class='ocr_line' id='line_1_42' title="bbox 292 2532 1655 2581; baseline 0.001 -12"><span class='ocrx_word' id='word_1_336' title='bbox 292 2533 348 2570; x_wconf 73' lang='lat'><em>45.</em></span> <span class='ocrx_word' id='word_1_337' title='bbox 397 2532 544 2579; x_wconf 73' lang='grc' dir='ltr'><em>αὐτῶν]</em></span> <span class='ocrx_word' id='word_1_338' title='bbox 569 2532 685 2569; x_wconf 73' lang='grc' dir='ltr'><em>αὐτὸν</em></span> <span class='ocrx_word' id='word_1_339' title='bbox 708 2535 737 2568; x_wconf 99' lang='lat' dir='ltr'>L</span> <span class='ocrx_word' id='word_1_340' title='bbox 921 2534 978 2571; x_wconf 82' lang='lat'><em>52.</em></span> <span class='ocrx_word' id='word_1_341' title='bbox 1023 2532 1172 2577; x_wconf 77' lang='grc' dir='ltr'><em>ἐλπίδας</em></span> <span class='ocrx_word' id='word_1_342' title='bbox 1195 2533 1412 2581; x_wconf 80' lang='grc' dir='ltr'><em>η’λλοὶττοντο</em></span> <span class='ocrx_word' id='word_1_343' title='bbox 1437 2535 1655 2580; x_wconf 77' lang='lat' dir='ltr'>Stephanus.</span> 
     </span>
     <span class='ocr_line' id='line_1_43' title="bbox 293 2579 794 2638; baseline 0 -24"><span class='ocrx_word' id='word_1_344' title='bbox 293 2581 374 2615; x_wconf 82' lang='lat' dir='ltr'>libri</span> <span class='ocrx_word' id='word_1_345' title='bbox 397 2580 542 2620; x_wconf 84' lang='grc' dir='ltr'><em>ἐλπίδος</em></span> <span class='ocrx_word' id='word_1_346' title='bbox 564 2579 794 2638; x_wconf 80' lang='grc' dir='ltr'><em>η’λαττονντο</em></span> 
     </span>
    </p>

    <p class='ocr_par' dir='ltr' id='par_1_4' title="bbox 292 2623 1655 2766">
     <span class='ocr_line' id='line_1_44' title="bbox 382 2623 1655 2672; baseline 0 -12"><span class='ocrx_word' id='word_1_347' title='bbox 382 2628 459 2660; x_wconf 86' lang='grc'>121.</span> <span class='ocrx_word' id='word_1_348' title='bbox 492 2627 549 2660; x_wconf 81' lang='lat'><em>70.</em></span> <span class='ocrx_word' id='word_1_349' title='bbox 596 2625 758 2672; x_wconf 77' lang='grc' dir='ltr'><em>εἰςέλθῃ]</em></span> <span class='ocrx_word' id='word_1_350' title='bbox 783 2623 872 2671; x_wconf 80' lang='grc' dir='ltr'><em>ε’λθῃ</em></span> <span class='ocrx_word' id='word_1_351' title='bbox 895 2625 943 2660; x_wconf 87' lang='lat' dir='ltr'><em>L:</em></span> <span class='ocrx_word' id='word_1_352' title='bbox 975 2625 1068 2660; x_wconf 84' lang='lat' dir='ltr'><strong>idem</strong></span> <span class='ocrx_word' id='word_1_353' title='bbox 1090 2628 1207 2671; x_wconf 85' lang='lat' dir='ltr'>paullo</span> <span class='ocrx_word' id='word_1_354' title='bbox 1231 2630 1310 2662; x_wconf 81' lang='lat' dir='ltr'><strong>ante</strong></span> <span class='ocrx_word' id='word_1_355' title='bbox 1333 2626 1518 2661; x_wconf 74' lang='lat' dir='ltr'><strong>articulum</strong></span> <span class='ocrx_word' id='word_1_356' title='bbox 1539 2625 1655 2660; x_wconf 79' lang='lat' dir='ltr'><strong>nescio</strong></span> 
     </span>
     <span class='ocr_line' id='line_1_45' title="bbox 292 2662 1652 2729; baseline 0.001 -24"><span class='ocrx_word' id='word_1_357' title='bbox 292 2683 394 2715; x_wconf 84' lang='lat' dir='ltr'><strong>quem</strong></span> <span class='ocrx_word' id='word_1_358' title='bbox 416 2672 544 2708; x_wconf 80' lang='lat' dir='ltr'><strong>omittit</strong></span> <span class='ocrx_word' id='word_1_359' title='bbox 716 2662 779 2705; x_wconf 74' lang='lat'><em>74.</em></span> <span class='ocrx_word' id='word_1_360' title='bbox 813 2672 950 2728; x_wconf 77' lang='grc' dir='ltr'><em>πύλας]</em></span> <span class='ocrx_word' id='word_1_361' title='bbox 976 2670 1096 2715; x_wconf 81' lang='grc' dir='ltr'><em>θύρας</em></span> <span class='ocrx_word' id='word_1_362' title='bbox 1119 2674 1150 2717; x_wconf 78' lang='lat' dir='ltr'>Q</span> <span class='ocrx_word' id='word_1_363' title='bbox 1330 2672 1388 2708; x_wconf 71' lang='lat'><em>79.</em></span> <span class='ocrx_word' id='word_1_364' title='bbox 1411 2670 1563 2729; x_wconf 66' lang='grc' dir='ltr'><em>ς’·μήδὲν]</em></span> <span class='ocrx_word' id='word_1_365' title='bbox 1586 2684 1652 2716; x_wconf 84' lang='grc' dir='ltr'><em>μη-</em></span> 
     </span>
     <span class='ocr_line' id='line_1_46' title="bbox 292 2712 1498 2766; baseline -0.001 -12"><span class='ocrx_word' id='word_1_366' title='bbox 292 2716 360 2754; x_wconf 74' lang='grc' dir='ltr'><em>θὲν</em></span> <span class='ocrx_word' id='word_1_367' title='bbox 383 2719 413 2754; x_wconf 80' lang='lat' dir='ltr'><strong>F</strong></span> <span class='ocrx_word' id='word_1_368' title='bbox 594 2717 650 2753; x_wconf 76' lang='lat'><em>82</em></span> <span class='ocrx_word' id='word_1_369' title='bbox 695 2712 900 2764; x_wconf 70' lang='grc' dir='ltr'><em>ἐπιγραφὴν</em></span> <span class='ocrx_word' id='word_1_370' title='bbox 924 2718 1139 2763; x_wconf 78' lang='lat' dir='ltr'><strong>Stephanus.</strong></span> <span class='ocrx_word' id='word_1_371' title='bbox 1170 2718 1253 2754; x_wconf 83' lang='lat' dir='ltr'><strong>libri</strong></span> <span class='ocrx_word' id='word_1_372' title='bbox 1276 2716 1498 2766; x_wconf 79' lang='grc' dir='ltr'><em>ἄναγραφην</em></span> 
     </span>
    </p>
   </div>
  </div>
 </body>
</html>
