1820 3249
324 127 434 168 1318
660 123 778 166 1118.
810 124 962 165 Xan.
1022 125 1153 166 CAP.
1184 128 1252 168 63.
1281 129 1348 169 64.

328 238 466 279 οἰκεῖα
489 238 567 291 τῆς
593 235 843 284 ὑποθέσεως
871 233 924 278 οὐ
958 234 1099 290 μόνον
1128 234 1261 287 αὐτὸς
1278 235 1472 305 ἀπελύθη
1492 237 1581 279 τῶν
1608 236 1692 280 ἐνε-

329 292 505 336 στώτων
535 289 769 342 κινδύνων,
801 290 907 334 άλλοὲ
935 293 1009 335 καὶ
1037 291 1085 335 τὸ
1116 296 1285 361 πλῆθος
1313 294 1373 343 εἰς
1403 291 1580 335 εὔνοιαν
1607 295 1693 353 μεί-

332 354 434 402 ζονα
471 352 546 404 τῆς
583 349 948 416 προϋπαρχούσης
978 348 1287 417 παρεστήσατο.
1346 344 1476 399 οὗτος
1506 349 1584 404 μὲν
1614 353 1695 392 οὐν

330 405 462 448 πάλιν
508 406 568 455 εἰς
611 403 894 456 ἀνελπίστους
935 404 1176 456 κινδύνους
1213 405 1407 460 ἐμπεσων
1442 405 1698 460 παραδόξως

247 461 300 502 35
331 460 616 533 ἰσχυροτέραν
654 461 937 505 κατεσκεύασε
969 461 1050 518 τήν
1077 463 1175 517 περὶ
1206 461 1341 506 αὐτόν
1372 460 1568 532 δύναμιν.
1628 463 1697 505 διὸ

330 520 404 562 καὶ
431 523 523 569 τοῖς
553 517 833 572 στρατιώταις
860 519 1150 573 παραγγείλας
1179 517 1487 588 ἀναζευγνύειν
1505 522 1699 588 προῆγεν

332 576 401 618 ἐπὶ
434 576 653 630 Φοινίκης,
683 576 883 618 σπεύδων
910 575 986 624 τὰς
1014 579 1124 625 ναῦς
1153 575 1195 626 εξ
1218 574 1399 619 ἁπασῶν
1417 591 1506 619 των
1531 574 1700 619 πόλεων

333 631 542 684 ἀθροῖσαι
570 632 642 674 καὶ
675 630 830 674 στόλον
859 630 1090 686 ἀξιόλογον
1117 631 1446 684 κατασκευάσαι,
1476 632 1593 684 ὅπως
1619 635 1702 674 Πο-

249 688 304 732 40
332 687 584 743 λυσπέρχων
601 687 680 742 μὲν
705 688 1056 742 προςλαβόμενος
1077 703 1154 737 τας
1182 688 1228 731 ἐκ
1257 693 1332 744 τῆς
1348 690 1562 759 Φοινίκης
1594 691 1704 738 ναῦς

332 748 688 812 θαλαττοκρατῇ,
727 745 800 787 καὶ
831 744 1011 800 δύνηται
1041 743 1305 799 διαβιβάζειν
1333 744 1561 813 ἀσφαλῶς,
1596 744 1704 789 ὅταν

335 801 585 871 βούληται,
628 799 705 850 τάς
753 815 800 842 εκ
837 803 914 854 τῆς
961 802 1244 856 Μακεδονίας
1256 800 1491 872 ’,δυνάμεις
1529 802 1589 851 εἰς
1623 800 1705 869 τήν

330 858 479 901 Ἀσίαν
513 855 585 900 επ’
621 855 888 910 Ἀντίγονον.
951 857 1082 908 οὑτος
1109 857 1187 912 μὲν
1216 853 1300 901 οὖν
1330 856 1376 900 έν
1408 859 1593 914 Φοινίκῃ
1623 856 1708 901 διέ-

249 951 306 989 64
334 913 908 1012 τριβεἉκαταὲῖκευαζόμενος
934 913 1015 970 τὴν
1042 929 1255 1014 ναυτικηῦ)
1284 913 1489 984 δύναμιν.
1583 974 1643 1013 Μ

523 987 550 1012 α
608 986 626 1012 ε
655 986 702 1012 το
738 986 758 1012 τ
789 987 803 1012 ι
921 987 946 1012 α
998 987 1020 1012 ο
1058 986 1074 1012 ε
1133 987 1147 1012 ι
1555 987 1568 1009 ι

252 1005 306 1046 45
334 986 734 1098 νυχίανμκατέχωύ)
763 984 1061 1070 (δῖκςοῗοῖνπτόεν
1077 986 1194 1081 νίίεῗ)
1205 969 1583 1080 Καξῖσδτίιῗδρῖιῖὴέκ
1613 987 1709 1070 1ῑὲῙῖ

335 1084 536 1134 κεδονίας
565 1083 829 1138 κεχωρίσθαι
858 1083 969 1137 πρὸς
996 1082 1254 1138 Ἀντίγονον,
1285 1084 1365 1127 τόν
1389 1085 1436 1127 δὲ
1457 1083 1711 1155 Πολυσπέρ-

336 1156 469 1209 χοντα
498 1139 794 1208 προςδόκιμον
823 1144 935 1184 εἰναι
965 1140 1189 1195 συντόμως
1206 1140 1323 1196 ἥξειν
1343 1143 1401 1191 εἰς
1420 1140 1500 1198 τήν
1518 1140 1710 1196 Ἀττικήν

254 1203 309 1245 50
339 1213 444 1266 μετα
470 1199 546 1251 τῆς
570 1195 809 1265 δυνάμεως,
838 1195 964 1253 ἠξίου
994 1196 1096 1246 τοὺς
1121 1196 1380 1267 Ἀθηναίους
1401 1197 1711 1267 διαφυλάττειν

336 1252 416 1309 τὴν
452 1253 564 1306 πρός
603 1251 682 1296 τὸν
722 1253 1017 1306 Κάσσανδρον
1055 1251 1249 1323 εὔνοιαν.
1307 1252 1487 1304 οὐδενὸς
1517 1254 1562 1296 δὲ
1592 1252 1712 1323 αὐτῷ

335 1310 643 1378 προςέχοντος,
688 1307 797 1352 αλλα
834 1309 907 1353 καὶ
944 1309 1024 1365 τήν
1053 1326 1261 1379 φρουραν
1289 1307 1467 1353 πάντων
1497 1297 1714 1379 οἰομένων

339 1369 431 1410 δεῖν
458 1364 624 1419 ἐξάγειν
652 1366 731 1421 τὴν
759 1365 1062 1438 ταχίστην,τό
1093 1366 1170 1422 μὲν
1201 1371 1380 1420 πρῶτον
1407 1365 1714 1436 παρακρουσά-

340 1438 469 1478 μενος
497 1422 575 1464 τόν
605 1424 748 1492 δῆμον
777 1422 945 1465 ε’πεισεν
976 1421 1124 1476 ὀλίγας
1159 1423 1322 1492 ἡμέρας
1361 1424 1567 1478 ἐπισχεῖν·
1607 1421 1715 1490 πρά-

256 1477 309 1521 55
339 1481 428 1531 ξειν
456 1477 540 1533 γάρ
573 1477 712 1522 αὑτὸν
740 1495 794 1521 τα
823 1478 1103 1534 συμφέροντα
1132 1497 1187 1550 ‘cyf
1215 1479 1356 1522 πόλει·
1388 1479 1494 1534 μετὰ
1513 1480 1558 1523 δὲ
1579 1485 1720 1522 ταῦτα

339 1540 428 1579 τῶν
451 1534 696 1606 Ἀθηναίων
726 1535 797 1579 ἐπί
823 1552 943 1586 τινας
971 1535 1133 1605 ημέρας
1161 1536 1357 1604 ἡσυχίαν
1374 1535 1564 1605 ἐχόντων
1587 1536 1714 1579 ἔλαθε

339 1591 500 1643 νυκτὸς
531 1590 630 1636 κατ’
665 1589 842 1648 ὀλίγους
861 1592 1126 1647 στρατιώτας
1148 1591 1387 1662 είςαγαγων
1408 1595 1467 1644 είς
1486 1592 1567 1648 τὴν
1587 1596 1715 1635 Μου-

340 1651 519 1718 νυχίαν,
568 1647 671 1699 ὥςτε
707 1649 914 1704 γενέσθαι
949 1648 1140 1705 δύναμιν
1179 1649 1412 1721 ἀξιόχρεων
1450 1654 1594 1705 τηρεῖν
1634 1664 1716 1704 την

342 1705 550 1762 φυλακήν
588 1706 663 1749 καὶ
700 1707 1035 1775 διαγωνίζεσθαι
1073 1706 1184 1759 πρὸς
1217 1707 1320 1757 τοὺς
1349 1706 1721 1776 ἐπιβαλλομένους

258 1766 312 1805 60
342 1767 595 1816 πολιορκεῖν
633 1763 712 1817 τὴν
751 1762 969 1833 φρουράν.
1028 1763 1070 1805 οἱ
1110 1762 1152 1806 δ’
1178 1761 1404 1833 Ἀθηναῖοι
1431 1761 1611 1818 γνόντες
1637 1761 1718 1805 τόν

288 1835 292 1837 ’
343 1819 576 1890 Νικάνορα
611 1820 756 1889 μηδὲν
782 1818 902 1875 ὑγιες
938 1818 1210 1873 πράττοντα,
1249 1819 1357 1874 πρός
1385 1836 1466 1875 μεν
1494 1820 1571 1862 τὸν
1599 1822 1717 1874 βασι-

343 1876 418 1920 λέα
448 1893 520 1919 και
552 1874 920 1945 Πολυσπέρχοντα
948 1877 1182 1944 πρεσβείαν
1211 1876 1462 1931 ἐξέπεμψαν,
1497 1874 1720 1927 ἀξιοῦντες

345 1936 528 2002 βοηθεῖν
558 1930 706 1982 αὐτοῖς
736 1949 845 1974 κατα
875 1931 923 1974 τὸ
956 1931 1207 2004 διάγραμμα
1234 1932 1282 1976 τὸ
1311 1933 1482 1988 γραφὲν
1512 1932 1622 1987 ὑπερ
1642 1935 1720 1986 τῆς

262 1988 315 2030 65
345 2005 434 2032 των
456 1987 673 2056 Ελληνων
703 1986 988 2041 αὐτονομίας·
1019 1987 1146 2031 αὐτοὶ
1167 1989 1213 2031 δὲ
1241 1991 1472 2039 πλεονάκις
1489 1988 1719 2043 ἐκκλησίαν

348 2044 668 2115 συναγαγόντες
707 2043 994 2100 ἐβουλεύοντο
1033 2050 1125 2095 πῶς
1161 2046 1382 2117 χρηστέον
1409 2047 1474 2100 ε’ίη
1511 2045 1739 2114 περὶτοῦ

296 2146 299 2149 ,
347 2101 459 2172 πρὸς
497 2100 734 2154 Νικάνορα
783 2102 991 2156 πολέμου.
1058 2101 1228 2144 τούτων
1278 2100 1322 2144 δ’
1359 2101 1420 2145 ε’τι
1458 2102 1556 2154 περὶ
1591 2098 1720 2143 ταῦτ’

351 2157 620 2214 άσχολουμεν
625 2174 685 2200 ων
718 2156 740 2200 6
771 2140 982 2212 Νικάνωρ
1011 2159 1202 2209 πολλους
1230 2158 1543 2226 ἐξενολογηκως
1574 2156 1720 2213 λάθρᾳ

265 2220 318 2258 70
348 2215 507 2265 νυκτός
547 2213 768 2269 ἐξαγαγών
808 2231 912 2264 τους
944 2214 1209 2269 στρατιώτας
1238 2213 1515 2285 κατελάβετο
1524 2230 1577 2256 τα
1606 2215 1721 2268 τείχη

346 2275 427 2316 τοῦ
456 2272 691 2325 Πειραιέως
721 2271 794 2313 καὶ
824 2275 904 2313 τοῦ
934 2271 1109 2340 λιμένος
1136 2270 1189 2313 τὰ
1218 2276 1411 2326 κλεῖθρα.
1471 2288 1514 2314 οι
1535 2269 1578 2314 δ’
1598 2269 1721 2324 Ἀθη-

347 2332 465 2371 ναῖοι
495 2344 577 2383 την
604 2328 682 2381 μὲν
707 2328 975 2383 Μουνυχίαν
1005 2326 1086 2370 οὐκ
1115 2325 1413 2383 ἀπειληφότες,
1444 2327 1524 2370 τὸν-
1552 2327 1598 2369 δὲ
1623 2330 1721 2369 Πει·

349 2401 475 2438 ραιεα
502 2386 977 2440 προςαποβεβληκότες,
1004 2388 1198 2441 χαλεπῶς
1226 2384 1399 2441 ἔφερον.
1457 2382 1606 2438 διόπερ
1623 2381 1723 2426 ελό-

350 2529 407 2563 3⁴.
454 2533 536 2564 ante
568 2528 808 2570 ἀνελπίστους
842 2542 912 2566 om.
945 2529 1036 2569 τούς
1056 2531 1163 2564 Fvw
1185 2532 1266 2564 Bas
1452 2530 1510 2566 35.
1555 2527 1623 2575 τήν
1651 2538 1721 2562 om

354 2577 439 2610 Bas.
619 2577 679 2610 40.
723 2575 898 2621 δύνηται]
926 2575 1084 2611 δύναται
1105 2577 1134 2610 V
1317 2575 1375 2611 48.
1423 2573 1648 2629 συντόμως]
1657 2573 1724 2609 αὖ·

354 2619 524 2665 τομάτων
547 2621 606 2655 Fv
800 2622 855 2656 50.
901 2621 967 2657 τὸν
990 2635 1058 2656 om.
1083 2623 1114 2657 F
1308 2620 1484 2666 οὐδενὸς]
1510 2617 1670 2659 οὐθενός
1692 2620 1721 2652 F

354 2669 435 2703 Bas.
617 2666 674 2701 54.
723 2665 861 2729 αὑτὸν]
890 2666 1009 2704 αὐτὸν
1031 2680 1149 2702 omnes
1308 2668 1365 2702 57.
1413 2667 1630 2714 εἰςαγαγών]
1659 2666 1723 2704 εἰς·

354 2713 452 2757 α’γων
477 2713 557 2747 Bas.
752 2713 808 2748 58.
856 2712 1081 2760 ἀξιόχρεων]
1113 2712 1293 2758 ἀξιόχρεω
1317 2715 1348 2748 F
1537 2714 1594 2749 67.
1640 2710 1726 2755 περὶ

354 2758 485 2802 ταῦτ’]
510 2757 567 2794 ἐπὶ
590 2771 708 2794 ταυτα
731 2760 762 2792 Χ
944 2761 1003 2795 70.
1047 2762 1117 2796 τοῦ
1141 2761 1237 2804 prius
1259 2772 1328 2794 om.
1351 2760 1436 2794 Bas.
