1820 3249
290 105 407 146 15⁰6
625 104 743 143 Lm.
774 102 864 142 xx.
926 96 1057 145 cAP.
1092 107 1158 146 52.
1189 106 1333 146 —54.

289 215 418 284 τρίου
447 214 552 258 δέκα
580 217 681 269 νῆες
712 212 879 269 εφυγον
907 213 1019 286 πρὸς
1046 214 1096 258 τό
1129 214 1260 269 πεζὸν
1290 215 1600 288 στρατόπεδον,
1631 218 1675 259 οἱ

291 271 337 315 δὲ
373 271 473 325 περὶ
509 270 589 314 τὸν
618 272 860 314 Μενοίτιον
899 269 1245 323 ἀναπλεύσαντες
1284 273 1359 316 καὶ
1389 277 1478 315 τῶν
1507 276 1676 326 καιρῶν

214 336 264 374 10
293 328 452 383 μικρὸν
484 326 800 397 ὑστερήσαντες
840 325 1110 384 ἀνέστρεψαν
1154 328 1288 373 πάλιν
1324 330 1384 380 εἰς
1418 329 1497 384 τὴν
1533 333 1676 372 Σαλα-

292 389 414 454 μῖνα.
479 389 555 440 τῆς
595 384 642 427 δὲ
678 387 921 440 ναυμαχίας
958 389 1136 429 τοιοῦτο
1176 387 1295 436 τέλος
1333 387 1555 446 λαβούσης
1586 401 1676 429 των

294 440 374 509 μὲν
411 443 602 496 πορείων
641 439 732 512 ἥλω
762 443 892 484 πλείω
926 447 1016 485 τῶν
1046 442 1227 495 ἑκατόν,
1266 443 1313 486 έν
1343 446 1411 493 οἱς
1440 445 1553 510 ἦσαν
1585 453 1675 497 σχε-

294 496 375 540 δὸν
402 501 659 548 στρατιῶται
688 496 1018 553 ὀκτακιςχίλιοι
1046 503 1135 541 των
1166 499 1212 542 δὲ
1236 504 1415 554 μακρῶν
1435 498 1677 553 αὔτανδροι

293 553 373 609 μὲν
403 554 656 624 ἐλήφθησαν
691 555 1028 609 τετταράκοντα,
1066 554 1370 624 διεφθάρησαν
1401 556 1446 599 δὲ
1475 555 1575 609 περὶ
1604 554 1676 611 ὀγ-

213 613 264 655 15
296 609 542 680 δοήκοντα,
587 609 639 662 ἃς
677 611 853 667 πλήρεις
902 611 1038 662 οὔσας
1079 611 1297 681 θαλάττης
1335 612 1585 668 κατήγαγον
1633 613 1677 655 οἱ

292 666 583 736 κρατήσαντες
613 670 672 718 εἰς
699 668 779 724 τὴν
808 666 920 722 πρός
952 671 1005 725 τῇ
1034 667 1159 711 πόλει
1189 671 1535 736 στρατοπεδείαν.
1596 669 1677 711 διε-

293 722 450 779 φθάρη
480 724 526 767 δὲ
555 725 629 767 καὶ
652 740 741 767 των
766 726 1023 780 Δημητρίου
1054 729 1238 793 σκαφῶν
1269 727 1425 768 είκοσι
1456 723 1600 768 πάντα
1631 725 1677 768 δὲ

294 784 371 836 τῆς
397 780 701 836 προςηκούσης
740 781 978 837 ἐπιμελείας
1006 780 1192 838 τυχόντα
1229 783 1454 837 παρείχετο
1491 781 1566 832 τὰς
1602 780 1678 835 ἆρ-

209 875 265 916 53
294 837 784 936 μοζοῖὗέζτςάχῗῗξείοξιίιῦτα
820 897 1086 950 Πτολεμαῖος
1122 891 1349 948 ἀπογνούς
1376 892 1431 936 τὰ
1458 890 1569 936 κατὰ
1598 890 1679 962 τὴν

210 936 264 974 2⁰
293 946 482 1004 Κύπρον
510 947 695 1019 ἀπῆρεν
709 951 770 1001 εἰς
796 952 1037 1006 Αἰᾛγυπτον
1081 950 1330 1022 Δημήτριος
1360 949 1406 993 δὲ
1435 949 1576 1000 πάσας
1604 965 1680 999 τας

294 1005 342 1048 έν
378 1009 433 1063 τῆ
469 1005 595 1075 νήσῳ
635 1005 784 1058 πόλεις
818 1006 1091 1075 παραλαβών
1125 1008 1200 1050 καὶ
1235 1006 1338 1057 τούς
1367 1010 1680 1061 φρουροῦντας

296 1061 582 1116 στρατιώτας,
619 1062 808 1114 τούτους
836 1065 916 1118 μὲν
946 1066 1007 1114 είς
1040 1062 1177 1116 τάξεις
1206 1063 1517 1132 κατεχώρισεν,
1548 1062 1680 1112 ὄντας

212 1128 265 1172 25
294 1118 452 1172 πεζούς
479 1135 560 1190 μεν
586 1122 772 1176 μυρίους
801 1119 1103 1189 ἕξακιςχιλίους
1133 1120 1514 1189 συντεταγμένους,
1538 1120 1681 1168 ἱππεῖς

295 1177 342 1219 δὲ
370 1176 471 1248 περὶ
499 1175 772 1228 ἑξακοσίους
803 1175 914 1230 πρὸς
944 1177 990 1220 δὲ
1016 1176 1096 1246 τόν
1124 1176 1289 1231 πατέρα
1318 1175 1476 1231 ταχέως
1505 1173 1680 1231 ἐμβιβά-

294 1243 373 1284 σας
406 1234 467 1283 εἰς
504 1249 586 1303 την
625 1235 830 1303 μεγίστην
859 1237 974 1276 ναῦν
1009 1249 1115 1284 τους
1152 1232 1428 1304 δηλώσοντας
1457 1232 1555 1286 περὶ
1589 1234 1680 1273 τῶν

291 1290 674 1342 κατορθωθέντων
706 1288 1010 1341 ἐξαπέστειλεν.
1070 1289 1094 1333 ὁ
1134 1287 1177 1333 δ’
1207 1287 1451 1360 Ἀντίγονος
1480 1276 1681 1342 πυθόμε-

293 1362 370 1396 νος
408 1345 489 1401 τὴν
529 1346 823 1416 γεγενημένην
861 1348 1012 1402 νίκην,
1051 1345 1125 1389 καὶ
1167 1346 1470 1415 μετεωρισθεὶς
1508 1344 1577 1387 ἐπὶ
1615 1345 1678 1414 τῷ

213 1415 267 1455 30
296 1402 470 1472 μεγέθει
504 1406 586 1445 τοῦ
629 1402 980 1472 προτερήματος,
1027 1401 1228 1474 διάδημα
1252 1402 1478 1456 περιέθετο
1518 1401 1592 1445 καὶ
1629 1399 1678 1442 τὸ

298 1458 458 1502 λοιπὸν
487 1457 737 1514 ἐχρημάτιζε
776 1457 999 1530 βασιλεύς,
1031 1457 1311 1515 συγχωρήσας
1341 1475 1416 1501 και
1444 1461 1505 1513 τῷ
1533 1462 1682 1526 Δημη-

297 1517 403 1572 τρίῳ
433 1518 508 1570 τῆς
545 1516 679 1585 αὐτῆς
707 1515 935 1571 τυγχάνειν
965 1517 1258 1571 προςηγορίας
1279 1515 1351 1559 καὶ
1380 1518 1517 1571 τιμῆς.
1577 1513 1601 1557 ὁ
1633 1513 1680 1557 δὲ

299 1575 570 1624 Πτολεμαῖος
606 1570 739 1616 οὐδὲν
777 1589 829 1643 τῃ
869 1577 988 1631 ψυχή
1016 1573 1298 1623 ταπεινωθεὶς
1335 1572 1408 1615 διά
1438 1587 1518 1640 την
1545 1564 1680 1626 ἧτταν

214 1639 268 1680 35
299 1629 374 1672 καὶ
403 1628 535 1679 αὐτὸς
574 1627 736 1700 ὁμοίως
772 1628 957 1699 ἀνέλαβε
994 1629 1044 1673 τό
1084 1629 1275 1685 διάδημα
1304 1629 1377 1672 καὶ
1405 1630 1514 1683 πρὸς
1543 1629 1680 1670 ἄπαν-

297 1703 374 1736 τας
403 1684 652 1741 ἀνέγραφεν
681 1685 839 1729 ἑαυτὸν
867 1685 1058 1743 βασιλέα.
1098 1688 1425 1755 παραπλησίως
1433 1686 1479 1728 δὲ
1505 1683 1680 1734 τούτοις

296 1743 370 1785 καὶ
401 1745 444 1785 οἱ
471 1742 617 1786 λοιποὶ
646 1742 859 1786 δυνάσται
887 1744 1258 1813 ζηλοτυπήσαντες
1289 1741 1562 1811 ἀνηγόρευον
1585 1739 1679 1784 ἕαυ-
1688 1745 1755 1784 446

296 1797 403 1849 τούς
442 1803 652 1854 βασιλεῖς,
694 1800 912 1850 Σέλευκος
948 1799 1028 1855 μὲν
1066 1799 1329 1855 προςφάτως
1360 1798 1438 1849 τάς
1472 1797 1564 1840 ἄνω
1605 1808 1680 1839 σα·-

297 1857 503 1910 τραπείας
537 1856 934 1926 προςκεκτημένος,
979 1858 1231 1912 Λυσίμαχος
1278 1856 1324 1898 δε
1368 1855 1442 1898 καὶ
1477 1853 1680 1897 Κάσσαν-

216 1916 271 1960 40
301 1914 406 1967 δρος
433 1911 511 1962 τοὶς
541 1913 582 1964 ἐξ
612 1912 744 1968 ἀρχης
773 1914 979 1962 δοθείσας
1010 1915 1191 1969 μερίδας
1219 1915 1542 1985 διατηροῦντες.

409 1968 556 2023 Ἡμεῖς
596 1969 642 2012 δε
681 1969 783 2024 περὶ
821 1968 991 2012 τούτων
1029 1971 1191 2021 ἱκανως
1223 1968 1442 2024 εἰρηκότες
1477 1968 1524 2010 ἐν
1559 1965 1677 2035 μέρει

302 2024 488 2096 διέξιμεν
524 2026 620 2080 περὶ
657 2041 746 2068 των
775 2026 885 2069 κατὰ
915 2025 1088 2094 Λιβύην
1127 2027 1200 2069 καὶ
1229 2027 1438 2068 Σικελίαν
1466 2023 1677 2077 πραχθέν-

217 2091 273 2128 54
301 2097 401 2124 των
455 2080 725 2137 Ἀγαθοκλης
761 2081 845 2138 γὰρ
889 2082 1142 2136 πυθόμενος
1184 2098 1290 2132 τους
1334 2079 1680 2147 προειρημένους

218 2145 271 2186 45
301 2136 517 2189 δυνάστας
544 2138 767 2195 ἀνῃρημέτ
770 2156 862 2192 ους,
890 2139 964 2183 καὶ
991 2141 1180 2194 νομίζων
1207 2138 1312 2195 μήτε
1341 2135 1550 2192 δυνάμεσι
1574 2133 1678 2192 μήτε

301 2319 335 2355 8.
360 2318 460 2364 νῆες]
486 2319 580 2359 ναῦς
598 2319 643 2353 W
667 2320 750 2354 Bas.
935 2321 970 2356 9.
993 2320 1068 2355 τῶν
1093 2319 1264 2363 καιρῶν]
1285 2319 1356 2354 τοῦ
1375 2319 1510 2363 καιροῦ
1531 2317 1609 2353 FW

397 2367 454 2401 ll.
487 2364 557 2408 δε]
593 2378 660 2410 μεν
693 2368 723 2400 F
905 2365 1076 2408 τοιουτο]
1111 2377 1285 2400 τοιουτου
1313 2367 1344 2399 F
1368 2367 1448 2399 Bas.
1620 2363 1678 2398 12.

303 2409 432 2456 σχεδὸν
456 2413 692 2467 στρατιωται]
719 2414 944 2457 στρατιῶται
968 2412 1094 2457 σχεδὸν
1116 2413 1147 2446 F
1330 2411 1387 2446 14.
1419 2412 1575 2456 μΒῐιςἿ
1597 2421 1675 2442 cae-

302 2458 369 2491 texi
391 2456 663 2501 τεσσαράκοντα
834 2459 890 2496 15.
913 2458 1084 2503 πλήρεις]
1109 2456 1251 2501 πλήρης
1275 2458 1304 2490 F
1419 2424 1520 2490 μ24.
1544 2455 1676 2500 τάξεις]

302 2504 412 2538 immo
445 2517 512 2544 τας
534 2505 636 2545 ἰδίας
661 2502 781 2548 τάξεις
962 2506 1020 2540 27.
1052 2502 1401 2548 κατορθωθέντων]
1432 2502 1678 2548 κατορθωμά-

295 2607 378 2674 gam
409 2594 509 2639 Qw,
541 2552 848 2642 uoetopgcfiztgzov
878 2598 909 2632 F
1092 2595 1150 2631 35.
1184 2592 1416 2641 ἀνέγραφεν]
1448 2593 1608 2641 ἔγραφεν
1641 2595 1673 2640 Q

330 2652 379 2677 as
388 2685 467 2721 446.
512 2686 569 2721 43.
602 2685 696 2732 γαρ]
729 2687 769 2724 δε
800 2689 831 2723 F
1030 2688 1087 2722 44.
1124 2686 1403 2745 ἀνῃρημένους]
1435 2684 1477 2723 vd
1508 2686 1673 2732 διάδημα

297 2730 555 2779 ἀνῃρημένους
577 2735 871 2777 Rhodomannus,
895 2735 1054 2782 βασιλεῖς
1075 2731 1340 2780 ἀνειρημένους
1361 2733 1528 2781 Reiskius
