1820 3249
518 131 638 174 Lux.
670 130 777 172 xlx.
834 132 961 175 cAl’.
991 138 1058 175 60.
1089 138 1160 176 61.
1414 138 1523 179 1399

155 244 225 287 ἐπὶ
248 241 418 312 Ἰωνίας
436 243 527 296 καὶ
531 244 734 294 Λυδίας
766 241 994 310 ἐγεγράφει
1020 243 1104 308 γάρ
1130 241 1374 313 Ἀντίγονος
1403 245 1521 315 αὐτῷ
1549 256 1603 298 ‘75

155 302 338 360 βοηθεῖν
364 303 428 362 τῇ
428 288 646 368 ,παραλίῳ
676 296 785 342 κατὰ
813 301 941 355 τάχος
956 333 967 351 ,
996 299 1054 350 ως
1085 302 1165 343 τοῦ
1194 300 1415 346 Σελεύκου
1444 301 1523 346 τὸν

154 360 298 405 πλοῦν
321 345 518 425 ἐνταυθα
556 354 861 423 ποιησομένου.
922 372 981 406 ως
1019 356 1065 400 δέ
1093 355 1202 399 ποθ’
1220 359 1309 426 ἡκε
1337 360 1523 414 πλησίον

153 416 242 458 τῶν
257 412 636 483 προειρημένων
638 411 809 463 τόπων,
843 411 1059 463 Σέλευκος
1098 412 1214 468 ἔτυχε
1243 414 1320 470 μὲν
1347 420 1523 469 πολιορ-

152 469 244 512 κἰὅν
257 466 500 541 Ἐρυθράς,
506 466 765 539 πυθόμενος
795 444 840 512 δὲ
869 467 948 537 τὴν
975 473 1064 515 τῶν
1092 472 1308 527 πολεμίων
1334 471 1523 532 δύναμιν

151 527 339 598 πλησίον
371 520 536 580 ουσαν,
568 523 836 568 α’πέπλευσεν
865 524 1094 594 ἄπρακτος.
1548 536 1601 574 80

245 575 502 639 ,Ἀντίγονος
524 559 610 634 ³66,
637 572 997 638 παραγενομένου
1032 581 1145 637 πρὸς
1175 581 1308 627 αὐτὸν
1330 580 1518 636 Ἀλεξάν-
1546 592 1598 629 61

152 641 265 694 δρου
303 643 386 699 τοῦ
413 638 855 710 Πολυσπέρχοντος,
880 639 990 693 πρὸς
1018 640 1096 695 μὲν
1122 643 1281 683 τοῦτον
1310 641 1518 684 συνέθετο

150 697 325 751 φιλίαν·
373 694 504 746 αὐτὸς
541 685 586 739 δε
625 693 886 764 συναγαγων
921 700 1011 739 τῶν
1047 712 1091 739 τε
1136 701 1412 766 στρατιωτῶν
1447 697 1519 741 καὶ

0 767 3 811 g
72 756 238 800 8651636
289 751 714 820 παρεπιδημούντων
761 751 916 821 κοινὴν
968 752 1199 824 ἐκκλησίαν
1251 752 1518 822 κατηγόρησε
1547 758 1601 801 85

147 807 468 880 Κασσάνδρου,
496 807 825 880 προφερόμενος
852 807 933 878 τήν
960 824 1005 852 τε
1030 807 1322 881 Ὀλυμπιάδος
1353 808 1519 879 ἀναίρε-

149 867 218 909 σἰν
256 865 328 908 καὶ
369 864 422 912 τοὶ
441 865 687 938 συμβάντα
722 882 773 908 πε
777 866 819 918 ρὶ
852 863 1070 922 Ῥωξάνην
1106 867 1181 909 καὶ
1216 865 1294 909 τόν
1330 864 1520 920 βασιλέα.

148 919 258 975 πρὸς
299 921 344 964 δὲ
372 918 544 972 τούτοις
575 921 716 976 ε’λεγεν
756 921 815 972 ὥς
848 923 1163 991 Θετταλονίκην
1201 921 1280 978 μὲν
1310 922 1518 978 βιασάμε-

147 994 223 1028 νος
252 977 398 1050 ἔγημε,
439 993 643 1048 φανερως
672 977 718 1021 δὲ
747 977 995 1031 ἐξιδιάζεται
1030 978 1110 1034 τήν
1137 979 1414 1024 Μακεδόνων
1443 981 1518 1034 βα-

147 1036 323 1086 σιλείαν,
353 1033 415 1078 ἔτι
444 1033 490 1076 δὲ
520 1033 578 1085 ὠς
603 1032 864 1084 Ὀλυνθίους
895 1034 1022 1085 ὄντας
1049 1033 1398 1090 πολεμιωτάτους
1417 1036 1518 1078 Μα-
1546 1036 1601 1078 90

144 1088 353 1136 κεδόνων
365 1087 604 1147 κατῴκισεν
634 1092 693 1140 εἰς
722 1107 802 1158 την
833 1089 1071 1144 ὁμώνυμον
1100 1091 1259 1134 ἑαυτοῦ
1287 1091 1427 1142 πόλιν,
1446 1091 1520 1134 καὶ

145 1146 302 1208 Θήβας
331 1134 539 1216 ἀνέστησε
572 1145 648 1197 τοὶς
699 1145 788 1189 ὑπό
831 1146 1109 1190 Μακεδόνων
1158 1149 1518 1218 κατασκαφείσας.

143 1203 593 1273 συναγανακτούντων
630 1202 678 1246 δὲ
716 1205 805 1245 τῶν
845 1201 1006 1258 ὄχλων,
1048 1202 1218 1264 ἔγραψε
1238 1203 1396 1273 δόγμα
1405 1201 1515 1246 καθ’

142 1258 168 1303 ὃ
207 1258 287 1304 τόν
317 1258 612 1311 Κάσσανδρον
644 1259 887 1329 ἐψηφίσατο
926 1257 1135 1312 πολέμιον
1176 1264 1311 1310 εἰναι,
1351 1258 1428 1303 ἐάν
1447 1258 1517 1329 μή

139 1314 217 1367 τάς
247 1332 291 1359 τε
319 1314 484 1374 πόλεις
503 1315 666 1372 καθέλῃ
704 1315 776 1358 καὶ
806 1316 884 1358 τὸν
921 1314 1101 1370 βασιλέα
1134 1316 1209 1359 καὶ
1246 1316 1324 1385 τὴν
1353 1316 1516 1371 μητέρα
1545 1317 1600 1359 95

139 1373 224 1428 τὴν
251 1369 466 1428 Ῥωξάνην
483 1387 773 1442 προαγαγων
810 1370 856 1415 ἐκ
895 1375 971 1438 τῆς
1008 1375 1207 1441 φυλακῆς
1247 1371 1396 1429 οἷποδῷ
1426 1376 1517 1423 τοῖς

141 1429 395 1499 Μακεδόσι,
425 1427 499 1471 καὶ
528 1427 577 1471 τὸ
608 1427 819 1479 σύνολον,
861 1426 938 1470 ἐὰν
967 1445 1024 1484 μη
1054 1432 1270 1485 πειθαρχῃ
1299 1433 1358 1485 τῷ
1389 1434 1517 1472 καθε-

141 1482 336 1543 σταμένω
377 1487 602 1556 στρατηγῷ
639 1484 710 1527 καὶ
728 1487 826 1545 ,τῆς
864 1485 1082 1536 βασιλείας
1121 1474 1410 1554 παρειληφότι
1436 1485 1516 1540 τὴν

139 1541 381 1598 ἐπιμέλειαν
402 1539 646 1611 Ἀντιγόνῳ.
705 1545 817 1583 εἰναι
842 1539 888 1584 δὲ
917 1541 990 1583 καὶ
998 1557 1124 1609 τους
1141 1539 1352 1597 Έλληνας
1382 1540 1515 1583 ἅπαν·
1546 1544 1626 1584 100

138 1615 227 1650 τας
256 1597 532 1652 ἐλευθέρους,
575 1595 910 1652 ἀφρουρήτους,
953 1594 1244 1666 αὐτονόμους.
1314 1598 1516 1651 ἐπιψηφι-

138 1654 338 1709 σαμένων
378 1655 426 1698 δὲ
462 1669 555 1706 των
592 1665 872 1707 στρατιωτων
908 1651 960 1694 τὰ
999 1651 1210 1722 ῥηθέντα,
1252 1653 1515 1696 διαπέστειλε

136 1714 336 1781 πανταχῆ
361 1710 473 1761 τούς
494 1714 781 1779 κομιοῦντας
786 1709 835 1752 vo*
867 1707 1020 1764 δόγμα.
1077 1709 1181 1759 τούς
1209 1708 1287 1764 μὲν
1315 1709 1398 1764 γὰρ
1416 1709 1514 1753 Ἐλ-

136 1773 283 1839 ληνας.
306 1764 582 1837 ὑπελάμβανε
624 1765 695 1810 διὰ
734 1764 814 1820 τὴν
855 1766 1004 1808 ἐλπίδα
1032 1769 1118 1833 τῆς
1137 1765 1382 1820 ἐλευθερίας
1410 1782 1514 1838 προ-

136 1823 313 1895 θύμους
343 1822 464 1894 ε’ξειν
493 1822 818 1878 συναγωνιστάς
853 1823 911 1872 εἰς
951 1821 1028 1890 τον
1059 1820 1286 1893 πόλεμον,
1321 1821 1427 1873 τούς
1465 1821 1510 1865 δ’
1541 1819 1567 1860 5

138 1881 186 1925 ἐν
213 1884 308 1930 ταῖς
338 1879 428 1932 ἅνω
453 1880 732 1950 σατραπείαις
751 1891 1018 1933 στρατηγους
1046 1879 1118 1921 καὶ
1148 1877 1382 1932 σατράπας,
1407 1877 1513 1922 ὑπό-

137 1953 254 1989 πτως
282 1937 457 1992 ἔχοντας
480 1934 540 1987 ὣς
565 1933 818 1991 Ἀντιγόνου
835 1939 1073 1977 καταλῦσαι
1104 1934 1389 2003 διεγνωκότος
1408 1935 1511 1986 τούς

136 1990 216 2037 ἄπ’
243 1991 524 2063 Ἀλεξάνδρου
544 1994 764 2048 βασιλεῖς,
796 1989 935 2042 αὐτοῦ
965 1994 1166 2045 φανερῶς
1193 1990 1270 2034 τὸν
1294 1989 1402 2045 ὑπὲρ
1433 1989 1508 2034 αὐ-

135 2066 225 2120 των
261 2050 450 2104 πόλεμον
495 2047 815 2106 ἀναδεχομένου
852 2046 1018 2098 πάντας
1055 2052 1386 2115 μεταπεσεῖσθαι
1415 2052 1508 2098 ταῖς

133 2105 339 2176 γνώμαις
363 2105 439 2175 καὶ
466 2111 557 2156 τοῖς
586 2104 1014 2176 παραγγελλομένοις
1056 2103 1236 2157 ἑτοίμως
1264 2101 1507 2147 υπακούσε-
1538 2101 1590 2139 10

136 2168 254 2206 σθαι.
313 2160 398 2206 άπὸ
434 2162 480 2206 δὲ
517 2161 690 2214 τούτων
713 2160 968 2232 γενόμενος,
995 2158 1258 2231 Ἀλεξάνδρῳ
1289 2177 1367 2214 μεν
1402 2160 1507 2211 δούς

136 2218 396 2262 πεντακόσια
424 2215 635 2269 τάλαντα,
674 2217 746 2261 καὶ
776 2217 874 2269 περὶ
903 2220 991 2258 τῶν
1021 2216 1265 2271 μελλόντων
1295 2218 1353 2266 εἰς
1380 2217 1506 2271 μεγά-

136 2280 214 2326 λας
252 2274 427 2331 ἄγαγων
466 2275 660 2326 ἐλπίδας,
705 2273 995 2326 ἐξαπέστειλεν
1040 2275 1100 2324 εἰς
1141 2272 1501 2329 Πελοπόννησον·

133 2397 192 2433 78.
237 2394 392 2441 τόπων]
411 2396 553 2432 τούτων
576 2398 609 2431 Τ
635 2398 713 2432 Bao.
709 2422 729 2435 ,
759 2408 828 2431 om.
853 2397 885 2429 X

225 2443 306 2478 365.
328 2442 383 2477 87.
419 2444 706 2486 Θετταλονίκην]
730 2442 811 2476 libri
839 2441 1104 2486 Θεσσαλονίκην
1289 2442 1347 2477 89.
1376 2439 1502 2479 Ὀλυν·

134 2490 245 2527 θίους
269 2489 335 2530 W,
359 2491 484 2524 caeteri
505 2488 717 2527 Ὀλινθίονς
898 2488 954 2522 91.
1001 2487 1165 2542 ἑαυτοῦ]
1191 2485 1307 2532 ἑαυτῷ
1334 2489 1378 2522 W

223 2535 282 2573 92.
330 2538 648 2577 κατασκαφθείσας
673 2536 751 2568 Bas.
932 2532 990 2567 94.
1037 2531 1113 2578 μή]
1135 2532 1225 2578 μήτε
1249 2525 1330 2568 Bis.

134 2579 191 2614 528.
239 2581 517 2626 καθεσταμένῳ]
553 2578 808 2625 καθισταμένῳ
838 2579 873 2613 ’1
905 2580 975 2613 Bas
1180 2581 1214 2616 ἃ.
1261 2579 1493 2622 ἐλευθερίας]

137 2628 324 2680 σωτηρίας
350 2627 447 2669 FQ1
479 2629 561 2662 Bae.
750 2614 872 2668 ἕξειν]
909 2604 999 2669 ἔχειν
1024 2627 1056 2660 X
1079 2626 1158 2661 Bas.
1347 2626 1380 2660 7.
1427 2623 1497 2659 ἀπ’

135 2675 175 2712 F,
200 2672 326 2706 caeteri
349 2670 424 2707 οἷπὸ
604 2672 637 2707 8.
683 2669 801 2708 αὐτοῦ
827 2673 881 2705 ed.
906 2672 1169 2705 Rhodomanni:
1191 2670 1272 2705 libri
1296 2672 1365 2706 τοῦ

135 2720 193 2754 1⁰.
240 2715 537 2774 ἦπακούσεσθαι]
571 2717 826 2769 ὑπακούεσθαι
847 2718 900 2760 F,
923 2714 1209 2753 ’ὑπακούσασθαι
1232 2718 1313 2752 Bas.

134 2764 190 2798 13.
237 2761 417 2809 α’γαγων]
427 2760 524 2809 ἄγων
547 2765 577 2798 F
