1820 3249
317 148 429 187 1156
676 142 800 185 [ΑΒ.
834 143 968 185 XVII.
1033 145 1164 186 CAP.
1198 148 1264 188 22.
1294 147 1362 189 23.

320 254 470 311 βάρων
501 257 543 298 οἱ
570 257 649 310 μὲν
678 253 765 299 ὑπὸ
795 259 886 298 των
922 256 1194 300 Μακεδόνων
1233 255 1534 329 ἀνῃρέθησαν,
1580 272 1622 298 οι
1653 255 1700 299 66

319 317 394 367 τῆς
432 311 596 363 πόλεως
636 312 912 363 ἐκπίπτοντες
951 314 1158 369 ε’φευγον·
1212 315 1257 356 οἱ
1297 312 1344 357 6'
1383 312 1506 355 α’λλοι
1543 311 1700 362 πάντες

320 369 507 439 ἥλωσαν.
568 367 591 412 ὁ
632 368 676 411 6'
717 367 997 423 Ἀλέξανδρος
1037 375 1126 420 τοῖς
1165 371 1243 425 μὲν
1279 371 1515 440 Μιλησίοις
1549 373 1701 424 φιλαν-

267 425 511 480 5θριόπως
540 426 835 481 προςηνέχθη,
877 425 983 477 τούς
1014 425 1054 470 6'
1090 427 1248 477 ἄλλους
1278 426 1471 477 α’παντας
1501 424 1700 496 ἐξηνδρα-

322 484 544 526 ποδίσατο.
604 498 678 538 της
715 482 760 524 66
801 486 1009 553 ναυτικῆς
1049 483 1271 537 δυνάμεως
1310 482 1448 552 οὔσης
1487 481 1702 551 άχρήστου

322 540 396 584 καὶ
439 537 636 589 δαπάνας
688 538 873 593 μεγαλας
888 539 1114 609 ἐχρύσης
1159 539 1360 609 κατέλυσε
1399 538 1448 582 τό
1489 537 1702 581 ναυτικόν

322 595 436 651 πλην
476 593 635 650 ὀλίγων
673 599 808 647 νεῶν,
859 598 926 645 αἶς
967 595 1120 665 ἐχρῆτο
1150 595 1260 655 πρὸς
1289 597 1368 652 τὴν
1395 593 1702 668 παρακομιδὴν

240 657 294 698 40
323 657 409 696 τῶν
437 656 788 707 πολιορκητικῶν
820 649 956 706 ὀργατ
959 668 1033 703 ων
1065 652 1111 694 ἐν
1137 654 1202 702 αἱς
1227 656 1338 707 ησαν
1368 655 1429 695 αἱ
1443 650 1548 707 παρ’
1576 651 1703 721 Ἀθη-

239 716 295 754 23
322 711 459 752 ναίων
479 725 579 764 νηες
602 710 863 763 συμμαχίδες
883 710 1059 751 εἶ’.)ιοσιν
1098 709 1206 751 ἔνιοι
1228 710 1274 752 66
1297 709 1472 764 λέγουσι
1497 708 1574 751 τόν
1593 707 1701 750 Ἀλέ-
1714 713 1780 748 177

325 767 515 819 ξαιδρον
559 769 848 819 στρατηγικῶς
890 764 1120 834 ἐπινοησαι
1154 765 1234 833 τήν
1271 770 1362 808 τοῦ
1388 765 1547 809 στόλου
1576 764 1706 808 κατά-

324 828 465 866 λυσιν.
522 825 739 875 προςὸοκῖ
734 837 818 863 ιιου
853 837 934 875 γαρ
972 820 1098 871 ὄντος
1128 827 1206 864 τοῦ
1237 824 1454 875 Δαρείου,
1497 823 1570 864 καὶ
1602 826 1704 877 μελ-

325 878 485 932 λούσης
514 877 703 932 μεγάλης
733 876 1010 931 παρατάξεως
1040 883 1358 930 συντελεῖσθαι,
1393 880 1573 933 νομίσαι
1600 878 1705 928 τούς

242 938 294 980 45
325 933 534 978 Μακεὸον
530 952 589 984 ας
620 934 652 975 ἒ·
654 933 918 988 ιθυμότερον
947 933 1230 1006 ἀγωνιεῖσθαι
1258 937 1601 1005 παραιρεθείσης
1628 938 1705 989 τῆς

324 1007 434 1035 κατα
472 989 553 1046 τήν
584 989 733 1058 φυγήν
763 991 948 1041 ἐλπίδος.
1007 992 1057 1034 τὸ
1088 990 1127 1034 δ’
1161 991 1266 1035 αὐτὸ
1297 996 1458 1046 πρᾶξαι
1487 1008 1596 1034 κατα
1624 991 1705 1047 τήν

324 1048 394 1091 ἐπὶ
425 1048 632 1116 Γρανίκῳ
663 1046 824 1102 μάχην·
863 1064 973 1090 κατα
1002 1047 1148 1091 νώτου
1176 1065 1259 1104 γαρ
1296 1052 1446 1104 λαβεῖν
1473 1048 1551 1091 τὸν
1576 1064 1704 1091 ποτα-

324 1105 429 1174 μόν,
485 1103 604 1153 ὅπως
630 1105 794 1171 μηόεὶς
837 1103 1090 1160 ἐπιβάληται
1125 1106 1342 1176 φεύγειν,
1371 1103 1596 1161 προδήλου
1630 1108 1705 1159 τῆς

326 1159 540 1211 οἷπωλείας
582 1158 724 1228 οὔσης
753 1165 841 1203 τῶν
878 1163 1159 1215 διωκομένων
1195 1163 1241 1205 έν
1282 1167 1342 1219 τῷ
1382 1166 1464 1205 τοῦ
1502 1165 1705 1216 ποταμοῦ

244 1220 296 1261 50
328 1219 502 1287 ῥείθρῳ.
561 1217 635 1260 καὶ
673 1234 756 1272 γαρ
795 1217 905 1260 κατὰ
944 1235 1047 1269 τους
1087 1218 1273 1274 ὕστερον
1311 1217 1498 1274 χρόνους
1521 1217 1706 1290 Ἀγαθο-

326 1274 429 1318 κλέα
457 1273 532 1316 τὸν
564 1276 854 1327 Συρακοσίων
884 1275 1061 1330 βασιλέα
1089 1275 1390 1331 μιμησάμενον
1416 1292 1496 1331 την
1521 1273 1709 1326 Ἀλεξάν-

329 1333 437 1384 δρου
485 1333 745 1386 στρατηγίαν
786 1329 1045 1374 ἀνέλπιστον
1083 1334 1157 1374 καὶ
1194 1332 1383 1387 μεγάλην
1421 1336 1549 1387 νίκην
1589 1347 1707 1384 περι-

327 1388 612 1455 ποιησασθαι.
674 1387 886 1442 ὁιαβάιτα
924 1389 1005 1442 γὰρ
1045 1387 1181 1432 αὐτόν
1211 1391 1268 1438 εἰς
1298 1388 1468 1445 Λιβύην
1496 1387 1588 1443 μετ’
1622 1388 1709 1430 ὀλί-

244 1445 296 1486 55
327 1461 406 1499 γης
448 1443 699 1498 ὁυιάμεως,
739 1444 811 1487 καὶ
851 1461 926 1494 τας
955 1449 1066 1496 ναῦς
1097 1445 1396 1508 ἐμπρήσαντα,
1443 1443 1710 1499 παρελέσθαι

274 1542 285 1552 ,
326 1500 405 1556 μὲν
438 1505 527 1543 τῶν
557 1504 832 1554 στρατιωτῶν
861 1518 937 1552 τας
967 1518 1014 1545 εκ
1042 1506 1121 1544 τοῦ
1153 1503 1332 1557 φεύγειν
1361 1502 1559 1555 ἐλπίδας,
1604 1513 1706 1544 συν-

331 1557 575 1612 αναγκάσαι
627 1557 672 1600 66
711 1559 922 1628 γενναίως
959 1557 1286 1614 αγωνίσασθαι,
1337 1560 1410 1602 καὶ
1459 1559 1530 1602 δια
1573 1562 1705 1601 τοῦτο

328 1615 645 1669 Καρχηδονίων
675 1613 1040 1683 ἀντιταχθέντων
1078 1621 1260 1666 πολλαῖς
1302 1615 1484 1670 μυριάσι
1521 1627 1709 1669 νικησαι

326 1687 432 1726 μετα
471 1671 516 1714 66
558 1672 637 1726 τήν
668 1669 830 1714 α’λωσιν
860 1676 936 1726 τῆς
967 1673 1168 1743 ΖΜῙιλήτου
1197 1673 1247 1715 τὸ
1277 1677 1466 1741 πλῆθος
1474 1676 1564 1715 τῶν
1597 1675 1710 1724 Περ-

243 1731 296 1770 60
329 1731 423 1770 σῶν
452 1727 526 1770 καὶ
555 1731 644 1769 τῶν
673 1727 965 1784 μισθοφόρων
995 1730 1055 1771 ε’τι
1088 1727 1131 1772 δ’
1172 1731 1215 1772 οἱ
1244 1728 1590 1784 πρακτικῶτατοι
1618 1732 1709 1771 τῶν

322 1783 551 1854 ηγεμόνων
587 1785 863 1839 συιέδραμον
893 1788 952 1835 εἰς
991 1802 1070 1841 την
1103 1784 1457 1844 Αλικαρτασσόν.
1517 1785 1626 1840 αὕτη
1661 1785 1707 1827 66

323 1858 350 1912 η
385 1839 509 1891 πόλις
538 1843 713 1895 μεγίστη
745 1858 833 1884 των
862 1845 971 1884 κατὰ
1003 1859 1084 1897 την
1118 1845 1291 1897 Καρίαν
1314 1859 1377 1899 ην,
1410 1845 1604 1898 βασίλεια
1625 1843 1705 1912 μὲν

325 1897 530 1952 ἐσχηκυῖα
561 1897 613 1939 τα
639 1901 815 1948 Καρῶν,
848 1897 1114 1952 άκροπόλεσι
1145 1900 1190 1942 66
1219 1904 1370 1950 καλαῖς
1395 1898 1705 1955 κεκοσμημένη.

328 1971 454 1998 κατα
470 1955 515 1996 66
545 1953 622 1996 τὸν
648 1954 783 1997 αὐτόν
812 1956 968 2009 καιρὸν
997 1957 1193 2011 Μέμνων
1221 1957 1300 2011 μὲν
1329 1973 1420 2024 την
1443 1972 1484 1999 τε
1514 1961 1705 2025 γυναῖκα

245 2009 297 2051 65
328 2010 403 2053 καὶ
431 2009 484 2052 τὰ
515 2009 644 2052 τέκνα
673 2011 782 2065 πρὸς
811 2017 1004 2065 Δαρεῖον
1034 2013 1208 2082 έπεμψε,
1242 2014 1314 2056 καὶ
1342 2010 1482 2084 τούτῳ
1515 2011 1704 2065 παραθέ-

328 2083 456 2123 μενος
491 2065 578 2120 ἅμα
609 2067 686 2122 μὲν
715 2067 900 2118 ὑπέλαβε
931 2073 1004 2123 τῆς
1034 2067 1272 2124 ασφαλείας
1302 2068 1448 2112 αὐτῶν
1458 2050 1615 2119 καλῶς
1633 2084 1704 2111 πε-

328 2127 623 2178 προιοησθαι,
656 2123 743 2180 ἅμα
774 2125 819 2168 66
848 2124 927 2167 τὸν
957 2128 1134 2180 βασιλέα
1159 2126 1322 2178 καλοὺς
1329 2124 1533 2196 ὁμήρους
1553 2125 1706 2179 ε’χοντα
1729 2146 1734 2148 ·

328 2179 688 2252 προθυμότερον
706 2180 1001 2237 ἐμπιστεύσειν
1031 2182 1150 2225 αὐτῶ
1178 2199 1257 2238 την
1286 2187 1374 2226 τῶν
1406 2182 1520 2225 ὅλων
1547 2181 1705 2238 ἡγεμο-

245 2239 298 2277 70
328 2239 450 2280 νίαν·
484 2236 589 2292 ὅπερ
620 2237 694 2281 καὶ
723 2238 895 2296 συνέβη
912 2227 1132 2295 γενέσθαι
1184 2239 1320 2292 εὐθυς
1347 2253 1438 2339 γαρ
1462 2238 1485 2284 ὁ
1515 2244 1706 2294 Δαρεῖος

327 2371 384 2406 35.
411 2369 619 2429 ἅπαντας]
643 2371 784 2415 πάντας
807 2376 837 2408 F
1025 2375 1082 2412 39.
1130 2374 1170 2411 ἔν
1194 2375 1276 2420 αἶς]
1302 2375 1346 2410 αἵ
1364 2388 1459 2417 τινες
1481 2377 1542 2410 FL

325 2415 441 2463 παρ’]
468 2419 569 2462 παρά
591 2421 665 2453 τῶν
691 2421 718 2453 F

419 2465 497 2498 ΓΠ.
533 2467 588 2499 44.
638 2467 806 2510 νομίσαι]
830 2468 983 2524 νομίσας
1007 2468 1039 2500 F
1223 2468 1280 2503 47.
1327 2466 1470 2512 νώτου]
1498 2479 1618 2501 νωτον
1641 2467 1703 2500 FL

495 2511 552 2544 50.
599 2509 632 2544 'A
635 2512 909 2568 γαθοκλέα]Ἀ
881 2514 1076 2558 Αγῆαθοκλ
1078 2527 1098 2548 ν
1121 2515 1152 2548 F
1310 2515 1366 2549 51.
1414 2513 1502 2558 τὸν]
1523 2513 1598 2547 τῶν
1622 2514 1702 2546 Bas.

423 2555 481 2590 61.
522 2554 826 2602 Αλικαρνασσόν]
863 2527 1120 2604 Ἁλικαρνασὸν
1144 2561 1178 2594 Τ
1200 2561 1423 2603 Bas„1=aec
1446 2561 1584 2603 quidem
1614 2571 1704 2592 sem-

333 2612 395 2643 per
577 2603 634 2637 62.
681 2607 868 2650 βασίλεια]
898 2605 1048 2650 βασιλέα
1070 2608 1099 2640 F
1281 2621 1327 2642 τα
1350 2608 1508 2656 Καρῶν]
1533 2604 1600 2649 τὴν
1625 2604 1704 2639 Κα-

333 2659 402 2702 ρην
427 2648 468 2687 L,
492 2648 556 2683 τόν
585 2648 661 2694 Καρ
643 2663 711 2695 ρην
734 2653 764 2685 F
901 2653 957 2686 63.
988 2653 1128 2696 καλαῖς]
1153 2655 1271 2693 καλως
1293 2654 1353 2696 Q
1462 2653 1520 2686 65.
1551 2651 1700 2696 έπεμψε]

332 2688 521 2736 οἷπέπεμψε
545 2696 605 2728 FL
772 2697 829 2733 67.
876 2700 1180 2743 πεπρονοῆσθαι]
1198 2701 1452 2757 προνοεῖσθαι
1473 2699 1543 2740 F‚L
1567 2710 1702 2743 πεπρο-

329 2743 501 2775 νοεῖσθαι
526 2741 606 2774 Bas.
790 2744 845 2777 68.
894 2743 1163 2813 ἐμπιστειίσειν]
1195 2745 1420 2791 ἐμπιστεύειν
1433 2745 1475 2779 Y
1499 2745 1580 2780 Bas.

421 2786 479 2820 70.
527 2783 546 2823 6
573 2791 733 2833 Δαρεῖος
754 2801 823 2826 om.
847 2791 877 2824 F
