1820 3249
250 116 360 159 1364
616 112 732 153 [AB.
763 111 871 153 XIX.
928 111 1054 153 GAP.
1083 115 1149 155 27.
1182 115 1251 154 28.

250 227 333 279 ηψε
370 223 449 291 μὲν
486 222 671 273 τούτους
707 226 797 273 τοῖς
830 221 1097 277 ὑπερδεξίοις
1134 224 1210 291 τῆς
1245 220 1486 294 ’ὑπωρείαςὲ
1518 221 1614 278 ἑξῆς

252 280 299 324 δὲ
333 279 507 330 τούτοις
547 278 832 333 Στάσανδρον
871 278 948 322 τὸν
970 279 1229 347 στρατηγόν
1274 280 1418 331 ἔταξεν
1461 278 1614 347 ἔχοντα

171 341 223 384 15
251 335 354 388 τούς
393 337 534 386 ἰδίους
574 337 715 386 ἱππεῖς
766 330 1016 386 ἐνακοσίους
1064 334 1344 390 πεντήκοντα.
1414 335 1518 390 μετὰ
1567 334 1614 379 δὲ

249 392 435 443 τούτους
470 392 646 447 ἔστησεν
681 390 945 463 Ἀμφίμαχον
972 392 1050 435 τόν
1091 392 1431 460 Μεσοποταμίας
1465 389 1615 444 σατρά-

250 464 360 518 πην,
404 451 437 505 ᾧ
468 446 831 504 συνηκολούθουν
867 451 1006 498 ἱππεῖς
1045 447 1280 499 ἑξακόσιοι,
1320 447 1618 497 συνάπτοντας

251 505 297 549 δὲ
340 506 514 572 τούτοις
550 521 652 555 τους
693 505 735 555 ἐξ
768 503 1030 573 Ἀραχωσίας
1068 507 1208 554 ἱππεῖς
1250 505 1524 555 ἑξακοσίους,
1555 505 1618 546 ὠν

250 561 395 631 ἡγεῖτο
425 561 639 631 πρότερον
668 561 746 615 μὲν
769 561 1031 630 Σιβύρτιος,
1059 560 1130 603 δια
1162 561 1206 604 δὲ
1231 578 1309 617 την
1338 561 1505 604 ἐκείνου
1518 576 1618 617 φυ-

167 626 222 666 20
251 634 335 674 γην
362 617 603 687 μετειλήφει
649 617 727 673 τὴν
755 616 992 672 ηγεμονιάν
1020 616 1249 670 Κεφάλων.
1308 617 1400 672 ἑξῆς
1431 615 1477 659 δ’
1508 619 1619 672 ἡσαν

250 673 528 718 πεντακόσιοι
563 675 641 729 μέν
669 674 715 716 ἐκ
747 675 1158 739 Παροπαμισαδῶν,
1185 675 1229 715 οἱ
1258 673 1303 717 δὲ
1331 673 1503 722 τούτοις
1530 674 1618 716 ι’σοι

255 734 422 788 Θρᾷκες
457 731 503 774 ἐκ
532 736 620 773 τῶν
658 728 747 772 ἅνω
777 745 1020 772 κατοικιων.
1077 727 1162 782 πρὸ
1203 731 1249 772 δὲ
1278 728 1446 772 τούτων
1476 727 1620 779 ἁπάν-

251 803 337 830 των
376 788 519 838 ε’ταξεν
555 787 789 841 ἐλέφαντας
824 785 903 841 μὲν
942 785 989 827 ἐν
1027 784 1270 854 ἐπικαμπίῳ
1307 786 1619 839 τετταράκοντα

168 848 223 890 25
253 843 400 894 πέντε,
429 842 605 894 τοξότας
642 843 687 885 δὲ
716 842 788 885 καὶ
819 841 1115 897 σφενδονήτας
1144 841 1190 883 ἐν
1219 845 1309 891 τοῖς
1337 845 1425 883 τῶν
1453 843 1621 909 θηρίων

251 899 518 968 διαστημασι
540 898 641 948 τούς
670 898 865 949 ἱκανούς.
897 902 1054 941 τοῦτον
1083 899 1128 940 δὲ
1156 895 1234 939 τὸυ
1261 896 1426 966 τρόπον
1454 895 1622 952 ὀχυρω-

250 955 436 1024 σάμενος
474 954 522 997 τὸ
564 960 617 998 λα
608 954 691 997 ιόν
729 956 856 1008 κέρας
895 958 1090 1009 συνῆψεν
1132 952 1251 1010 αὐτῷ
1288 954 1367 1009 τὴν
1392 953 1619 1024 φάλαγγα.

248 1010 407 1066 ταύτης
437 1011 483 1054 δὲ
511 1011 560 1054 τό
591 1010 731 1080 ἄκρον
755 1011 924 1066 ἐπεῖχον
955 1013 998 1053 οἵ
1027 1011 1154 1062 ξένοι,
1184 999 1358 1061 πλείους
1389 1009 1510 1060 ὅντες
1534 1013 1622 1052 τῶν

249 1067 557 1122 ἐξακιςχιλίων,
597 1069 645 1110 τὸ
688 1065 731 1111 δ’
763 1067 782 1110 ἐ
786 1070 857 1123 ξης
896 1069 939 1110 οἱ
968 1067 1324 1136 καθωπλισμένοι
1362 1067 1441 1122 μὲν
1481 1068 1542 1117 εἷς
1569 1065 1622 1108 τὰ

167 1130 221 1168 30
252 1123 557 1175 Μακεδονικά,
585 1124 856 1167 παντοδαποὶ
887 1122 930 1166 δ’
963 1123 1084 1173 ὄντες
1113 1128 1202 1174 τοῖς
1231 1123 1413 1174 ε’θνεσιν,
1444 1124 1503 1173 εἷς
1524 1138 1622 1165 πεν-

164 1186 223 1225 2⁵5
251 1182 549 1250 τακιςχιλίους.
600 1197 705 1236 μετα
737 1181 782 1223 δὲ
811 1178 997 1230 τούτους
1027 1178 1267 1235 ἐτάχθησαν
1298 1181 1341 1222 οἱ
1373 1178 1623 1229 Μακεδόνες

250 1236 592 1307 αργυροὶσπιδες,
631 1237 752 1287 ὄντες
778 1253 858 1290 μεν
888 1234 942 1279 ού
970 1237 1143 1286 πλείους
1172 1237 1438 1305 τριςχιλίων,
1468 1234 1620 1290 οἷνίκη-
1632 1239 1698 1273 339

251 1309 320 1336 τοι
362 1293 408 1336 δὲ
447 1293 521 1336 καὶ
559 1292 631 1336 δια
669 1292 744 1342 τὰς
780 1291 933 1345 ἀρετὰς
968 1291 1110 1335 πολυν
1139 1291 1293 1362 φόβον
1336 1291 1624 1361 παρεχόμενοι

166 1351 220 1393 35
249 1354 341 1399 τοῖς
369 1351 603 1404 πολεμίοις.
661 1348 728 1391 ἐπὶ
769 1352 875 1391 πᾶσι
918 1348 962 1391 δὲ
1001 1347 1104 1397 τοὺς
1135 1346 1182 1391 ἐκ
1211 1352 1299 1390 τῶν
1327 1347 1622 1399 υπασπιστῶν,

250 1405 382 1455 ὄντας
413 1407 587 1455 πλείους
615 1406 877 1476 τριςχιλίων,
914 1403 1235 1460 οἷφηγουμένων
1263 1403 1433 1448 τούτων
1461 1421 1505 1448 τε
1534 1403 1624 1476 άμα

249 1462 322 1505 καὶ
357 1465 443 1504 τῶν
474 1461 812 1529 ἀργυρασπίδων
837 1459 1107 1531 Ἀντιγένους
1135 1461 1209 1503 καὶ.
1242 1459 1481 1516 Τευτάμου.
1513 1459 1624 1530 πρὸ

250 1518 296 1561 δὲ
325 1517 465 1573 πάσης
505 1521 580 1586 τῆς
610 1516 834 1585 φάλαγγος
873 1517 1050 1573 ἔστησεν
1078 1516 1316 1572 ἐλέφαντας
1343 1516 1626 1573 τετταράκον-

249 1590 326 1625 τα,
358 1575 431 1616 καὶ
474 1590 527 1616 τα
557 1572 727 1617 τούτων
766 1574 1033 1629 διαστήματα
1061 1578 1152 1624 τοῖς
1181 1578 1370 1625 ψιλικοῖς
1397 1575 1476 1630 τὴν
1503 1573 1624 1625 τάξιν

168 1633 221 1675 40
255 1628 572 1701 ανεπλήρωσεν.
631 1629 700 1673 ἐπὶ
742 1631 788 1673 δὲ
829 1634 908 1673 τοῦ
946 1632 1091 1681 δεξιοῦ
1129 1628 1308 1684 κέρατος
1337 1631 1495 1683 ἐξέταξε
1523 1647 1625 1681 τους

252 1688 406 1738 ἱππεῖς,
438 1686 670 1743 ἐχομένους
700 1686 779 1741 μὲν
806 1690 882 1741 τῆς
911 1686 1142 1756 φάλαγγος
1163 1685 1265 1737 τούς
1293 1686 1341 1729 ἐκ
1370 1689 1627 1757 Καρμανίας

250 1741 564 1795 ὀκτακοσίους,
605 1744 668 1786 ὠν
702 1743 976 1813 Τληπόλεμος
1009 1742 1228 1799 σατράπης
1256 1741 1422 1798 ἡγεῖτο,
1453 1743 1546 1797 ἑξῆς
1576 1744 1622 1786 δὲ

249 1799 353 1851 τούς
390 1799 690 1856 καλουμένους
734 1798 934 1856 ἑταίρους
971 1800 1228 1852 ἐνακοσίους
1256 1801 1330 1843 καὶ
1368 1799 1418 1845 τὸ
1458 1800 1627 1844 Πευκέ-

249 1957 307 1991 12.
354 1969 423 2001 μεν
447 1968 516 1992 om.
538 1957 621 1992 Bas.
806 1952 982 2014 τούτους]
1015 1957 1162 2000 τούτοις
1184 1961 1258 1994 VW
1440 1959 1505 2002 τῆς
1527 1956 1624 1994 ’ὅπω-

251 2005 350 2046 ρείας
373 2004 668 2044 Rhodomannus‚
709 2001 797 2044 τούς
825 2001 1056 2048 ύπερωρίους
1079 2007 1177 2048 vw,
1219 2019 1308 2046 τους
1328 2003 1553 2048 ’ὑπερορίους
1576 2005 1620 2045 F,

250 2048 378 2082 caeteri
401 2050 468 2092 τῆς
492 2046 720 2092 νπερωρειάς
865 2052 922 2085 13.
970 2049 1236 2105 Στάσανδρον]
1266 2050 1506 2094 Τάσσανδρον
1530 2051 1621 2093 QW,

251 2095 378 2129 omisso
395 2094 474 2136 τόν,
498 2094 727 2138 τάσσανδρος
743 2095 774 2128 F
912 2096 968 2130 14.
993 2095 1116 2137 ἔταξεν
1142 2103 1216 2141 post
1233 2097 1457 2155 πεντήκοντα
1481 2097 1575 2139 ponit
1592 2097 1621 2129 F

345 2141 399 2173 14.
417 2141 472 2174 43.
499 2141 580 2174 libri
596 2139 811 2182 ἐνακοσιους
948 2142 1004 2176 17.
1039 2141 1078 2186 ἐξ
1098 2154 1165 2179 om.
1190 2145 1269 2177 Bas.
1406 2140 1622 2186 Ἀραχωσίας

251 2186 406 2230 FQVW,
425 2186 552 2221 caeteri
560 2185 769 2231 Ἀραχωτῶν
882 2187 938 2222 19·
966 2189 1165 2235 Σιβύρτιος
1176 2190 1238 2223 FY
1250 2190 1343 2231 Bas„
1363 2189 1488 2223 caeteri
1504 2187 1620 2232 Σιβύ-

1027 2247 1047 2270 ο
1101 2247 1122 2269 ν

252 2288 355 2319 ριτος
490 2277 549 2314 21.
587 2278 931 2335 Παροπαμισαδων]
950 2278 1279 2334 παραπαμισάδων
1286 2281 1326 2321 F,
1351 2278 1632 2324 Παροπαμισα-’

254 2324 330 2357 δων
354 2323 481 2357 caeteri
666 2337 703 2359 οι
728 2323 790 2368 δὲ]
816 2325 877 2359 καὶ
902 2325 937 2359 οἱ
960 2327 1038 2360 Fw
1213 2325 1358 2367 τούτοις
1383 2327 1469 2368 FW,
1494 2326 1621 2360 caeteri

252 2366 395 2403 τούτων
559 2369 616 2404 23.
664 2382 802 2413 τετταρ.
811 2372 826 2414 ]
853 2383 879 2414 μ
902 2373 981 2406 Bas.
994 2398 1004 2415 ,
1040 2373 1165 2407 caeteri
1188 2383 1328 2416 τεσσαρ.
1494 2371 1556 2416 δὲ]
1581 2383 1620 2406 τε

252 2414 336 2447 Bas.
480 2413 537 2448 26.
574 2415 679 2450 λαιὰν
704 2417 748 2458 Τ,
774 2417 899 2450 caeteri
927 2415 1046 2460 δεξιὸν
1191 2417 1294 2466 αύτῷ
1317 2419 1372 2460 W,
1399 2418 1525 2452 caeteri
1554 2416 1621 2452 αύ-

253 2461 329 2493 τῶν
509 2460 567 2494 28.
613 2463 763 2502 πλείους
786 2459 906 2506 ὄντες]
932 2463 1071 2497 invertit
1093 2464 1124 2497 F
1303 2466 1359 2499 31.
1405 2464 1620 2504 Μακεδόνες

258 2501 548 2606 αργυὲἕξὸῗιέῗῗ]
570 2506 711 2588 Ξῖἶῗὲῗ
734 2508 1078 2596 ῗῗὲἓξῗέἶιὲἶῗῖἓὲ
1095 2509 1229 2591 303}ae
1251 2557 1289 2591 st
1334 2557 1403 2591 han
1429 2567 1445 2591 ι

489 2573 509 2584 ι-
1015 2567 1029 2589 ὃ
1201 2568 1213 2590 1
1292 2569 1332 2601 ep
1404 2568 1427 2590 u

373 2608 398 2629 α

255 2639 313 2674 35.
359 2638 630 2686 ὖφηγουμένων
652 2645 695 2685 F,
718 2645 848 2680 caeteri
871 2642 1152 2689 ἀφηγουμένους
1321 2648 1378 2682 36
1420 2644 1468 2682 ’.A
1490 2646 1551 2682 και
1574 2649 1617 2681 Τ.

318 2687 386 2722 .Τ
409 2688 491 2723 Bas.
680 2691 737 2725 38.
775 2691 1071 2747 τετταράκοντα]
1107 2705 1132 2735 μ
1157 2694 1236 2728 Bas.
1247 2719 1258 2736 ,
1296 2693 1425 2729 caeteri
1446 2691 1619 2739 τεσσαρά-

256 2744 369 2768 κοντα
549 2734 606 2770 39.
650 2749 717 2783 την
739 2735 868 2782 τάξιν]
891 2738 999 2773 immo
1022 2738 1200 2783 τάγμασιν
