1820 3249
312 153 421 193 1004
661 150 775 191 Lm.
806 147 897 192 XV.
958 148 1090 192 CAP.
1120 153 1188 194 61.
1218 154 1285 194 62

310 260 506 316 ἀδελφοῦ
537 258 732 317 ἀνῃρέθη
762 261 1007 320 φαρμάκῳ,
1023 263 1298 335 προκληθεὶς
1328 262 1387 315 εἷς
1403 263 1575 334 μέθην·
1605 266 1686 325 τὴν

309 318 356 360 65
392 319 651 360 δυναστείαν
691 308 999 377 διαδεξάμενος
1023 318 1300 390 Ἀλέξανδρος
1334 320 1358 365 ὁ
1383 319 1579 378 ἀδελφὸς
1611 324 1686 376 ἠρ-

308 375 379 425 ξεν
409 373 480 430 ἔτη
511 373 676 418 §.meua
717 378 847 426 οὐτος
878 378 924 419 δὲ
953 375 1218 432 παρανόμως
1246 377 1320 420 καὶ
1348 380 1500 432 βιαίως
1529 378 1688 433 κτησά-

306 446 436 486 μενος
473 430 553 487 τήν
592 434 849 475 δυναστείαν
880 432 1144 484 ἀκολούθως
1180 434 1316 503 ταύτῃ
1335 438 1407 503 τῇ
1420 435 1684 504 προαιρέσει

222 494 278 536 45
309 487 455 545 διῴκει
491 488 544 531 τὰ
572 488 681 531 κατοὶ
712 488 790 544 τήν
819 488 965 545 ἀρχήν
1005 493 1093 532 τῶν
1133 489 1219 545 γάρ
1259 488 1345 542 πρὸ
1377 488 1515 534 αὐτοῦ
1552 494 1693 534 δυνα-Ι

308 549 422 587 στών
462 544 659 596 ἐπιεικῶς
700 546 1070 620 προςφερομένων
1109 551 1203 597 τοῖς
1239 545 1450 601 πλήθεσι,
1463 567 1466 570 ·
1498 548 1570 590 καὶ
1611 548 1684 591 διὰ

303 598 426 643 τοῦτ’
467 600 788 671 ἀγαπωμένων,
837 609 966 652 οὐτος
1006 603 1158 657 βιαίως
1195 603 1278 645 καὶ
1306 606 1520 658 χαλεπῶς
1538 603 1685 660 άρχων

305 657 504 712 έμισεῖτο.
543 657 627 701 διο
644 659 719 701 καὶ
757 658 837 713 ’τήν
873 661 1154 730 παρανομίαν
1183 661 1453 717 φοβηθέντες
1480 664 1569 703 τῶν
1598 666 1684 703 Λα-

222 723 278 766 50
309 715 521 768 ρισσαίων
549 714 674 785 τινές,
705 717 748 758 οἱ
778 714 835 759 δι’
866 715 1088 786 εὐγένειαν
1112 713 1352 759 Ἀλευάδαι
1350 717 1686 786 προςαγορευό-

306 787 456 826 μενοι,
497 771 733 815 συνέθεντο
763 771 874 824 πρὸς
913 770 1124 827 ἀλλήλους
1159 777 1418 816 καταλυσαι
1429 773 1515 829 τήν
1536 778 1687 818 &vva-

304 830 463 871 στείαν.
497 826 762 879 ἀπελθόντες
792 826 834 872 6'
867 829 914 873 ἐκ
934 830 1155 899 Λαρίσσης
1185 830 1245 880 εἰς
1270 825 1592 900 Μακεδονίαν’
1579 831 1689 876 ε’πει-

305 895 390 928 σαν
416 884 708 954 Ἀλέξανδρον
739 883 820 927 τόν
842 885 1037 955 βασιλέα
1069 890 1397 954 συγκαταλῦσαι
1418 887 1502 931 τὸν
1530 887 1688 942 τύραν-

303 957 399 984 νον.
451 939 620 983 τούτων
668 941 715 985 65
756 942 857 995 περὶ
902 945 1052 985 ταῦτα
1077 941 1394 1013 διατριβόντων
1430 942 1454 987 ὁ
1500 947 1688 998 Φεραῖος

223 1003 278 1045 55
303 996 584 1067 Ἀλέξανδρος
602 995 871 1067 πυθόμενος
912 998 993 1055 τὴν
1042 997 1151 1042 καθ’
1190 998 1348 1043 ἑαυτοῦ
1376 1001 1686 1058 παρασκευήν,

309 1054 507 1108 κατέλεγε
537 1053 641 1105 τούς
674 1056 733 1105 είς
760 1054 841 1112 τήν
872 1056 1097 1109 στρατείαν
1127 1055 1346 1108 εὐθέτους,
1370 1059 1690 1129 διανοούμενος

309 1111 359 1154 έν
398 1127 450 1167 τῃ
492 1113 751 1168 Μακεδονίᾳ
782 1113 1096 1184 συστήσασθαι
1131 1129 1211 1168 την
1250 1113 1404 1183 μάχην.
1456 1112 1481 1157 ὁ
1516 1116 1567 1158 65
1599 1119 1688 1159 τῶν

310 1153 588 1211 Μακεδόνων
617 1156 830 1224 βασιλεύς,
858 1169 967 1240 ἔχων
994 1167 1096 1226 μεθ’
1129 1169 1289 1213 ἑαυτοῦ
1317 1186 1422 1221 τους
1453 1171 1501 1214 ἐκ
1528 1175 1688 1227 Λαρίσ-

312 1235 390 1294 σης
420 1222 641 1280 φυγάδας
673 1225 850 1280 φθάσας
879 1225 983 1277 τοὺς
1012 1228 1245 1281 πολεμίους
1272 1222 1349 1282 ἧκε
1372 1228 1501 1282 με’τα
1512 1233 1586 1284 τῆς
1616 1232 1693 1272 δυέ

223 1288 281 1328 60
308 1280 480 1335 νάμεως
519 1282 580 1331 εἰς
624 1281 706 1353 τήν
743 1282 992 1336 Λάρισσαν·
1041 1284 1367 1351 παρειςαχθεὶς
1380 1282 1426 1327 δ’
1467 1282 1554 1328 ’ὑπὸ
1600 1290 1689 1329 τῶν

309 1339 593 1393 Λαρισσαίων
622 1338 742 1391 ἐντὸς
760 1344 841 1383 τοῦ
861 1341 1028 1407 τείχους
1057 1337 1262 1409 ἐκράτησε
1283 1344 1360 1396 τῆς
1385 1341 1551 1394 πόλεως
1575 1343 1690 1398 πλὴν

305 1398 383 1451 τῆς
420 1394 572 1446 ἄκρας.
625 1396 731 1451 μετά
771 1396 818 1440 65
856 1400 994 1439 ταῦτα
1033 1394 1112 1450 τήν
1148 1412 1194 1438 τε
1233 1395 1376 1450 ἄκραν
1406 1397 1691 1454 ἐπολιόρκησε

309 1452 385 1494 καὶ
413 1450 632 1504 Κράνωνα
661 1452 790 1496 πόλιν
813 1451 1197 1523 προςαγαγόμενος
1227 1451 1476 1508 ὡμολόγησε
1496 1456 1576 1509 μὲν
1598 1461 1690 1507 τοῖς

224 1506 280 1549 65
313 1512 545 1558 Θετταλοῖς
576 1507 824 1553 ἀποδώσειν
855 1509 933 1559 τοὶς
965 1509 1137 1560 πόλεις,
1167 1509 1505 1579 καταφρονήσας
1533 1511 1579 1555 65
1614 1517 1691 1569 τῆς

309 1563 447 1633 δόξης,
476 1566 551 1607 καὶ
580 1565 783 1635 φρουρὰς
811 1564 1068 1618 ἀξιολόγους
1099 1565 1348 1620 είςαγαγών,
1375 1566 1504 1618 αὐτὸς
1524 1575 1691 1638 κατεῖχε

305 1620 385 1692 τοὶς
413 1620 570 1672 πόλεις.
611 1620 635 1665 ὁ
669 1621 715 1665 65
746 1627 934 1676 Φεραῖος
959 1622 1240 1676 Ἀλέξανδρος
1267 1625 1615 1691 καταδιωχθεὶς
1597 1624 1688 1681 άμα

306 1679 382 1722 καὶ
410 1678 698 1733 καταπλαγεὶς
736 1678 981 1748 ἐπανῆλθεν
1010 1680 1070 1729 εἰς
1104 1678 1182 1729 τοὶς
1213 1677 1368 1733 Φεράς.
1415 1683 1491 1724 καὶ
1522 1682 1574 1725 τοὶ
1605 1683 1685 1739 μὲν

306 1734 418 1779 κατά
446 1734 526 1791 τὴν
558 1737 792 1779 Θετταλίαν
820 1736 866 1779 ἓν
894 1734 1067 1786 τούτοις
1095 1751 1162 1791 ην.

220 1798 279 1839 (32

220 1856 278 1896 70
306 1868 530 1924 λύτροπον
559 1871 801 1941 στρατηγὸν
828 1871 1067 1926 ἐξέπεμψαν
1096 1870 1157 1921 εἰς
1185 1870 1265 1925 τὴν
1292 1870 1539 1938 Ἀρκαδίαν,
1571 1874 1688 1931 ἔχον-

306 1943 361 1970 τα
388 1927 641 1978 πολιτικους
669 1930 748 1983 μὲν
778 1926 956 1978 ὁπλίτας
985 1928 1160 1985 χιλίους,
1182 1926 1383 1982 φυγάδας
1413 1928 1457 1972 δ’
1483 1929 1688 2002 Ἀργείων

306 1983 380 2027 καὶ
410 1987 621 2026 Βοιωτων
648 1986 973 2034 πεντακοσίους.
1014 1985 1143 2053 οὖτος
1174 1983 1219 2027 65
1247 1985 1482 2056 παρελθών
1508 1990 1569 2040 εἰς
1582 1987 1688 2058 ’-Ορ

222 2048 279 2091 75
307 2039 494 2097 χομενόν
521 2039 601 2083 τόν
627 2038 891 2111 Ἀρκαδικὸν
909 2040 1208 2095 παρεφύλαττε
1244 2041 1333 2094 τὴν
1353 2041 1483 2087 πόλιν
1499 2043 1686 2113 ταύτην,

309 2098 477 2148 οἰκείως
507 2097 782 2167 διακειμένην
811 2097 921 2151 πρὸς
949 2096 1052 2146 τούς
1087 2096 1379 2169 Σπαρτιάτας.
1423 2101 1688 2157 Λυκομήδης

305 2152 406 2196 δ’ὁ
436 2152 711 2206 Μαντινεύς,
749 2152 986 2209 στρατηγὸς
1016 2152 1079 2196 ὠν
1107 2157 1196 2197 τῶν
1220 2152 1464 2209 Ἀρκάδων,
1494 2163 1686 2212 παραλα-
1738 2177 1742 2179 ”

303 2208 398 2268 βιὸν
425 2209 528 2260 τούς
547 2210 848 2264 καλουμένους
877 2208 1172 2264 έπιλέκτους,’
1155 2208 1285 2261 ὄντας
1303 2216 1684 2283 πεντακιςχιλίους,

304 2282 409 2321 ηκεν
440 2266 507 2309 ἐπὶ
533 2266 613 2309 τὸν
637 2265 915 2339 Ὀρχομενόν.
944 2266 1289 2337 προαγαγόντων
1320 2267 1365 2311 65
1368 2269 1475 2337 τὴν
1497 2270 1686 2326 δύναμιν

222 2336 278 2376 80
313 2324 668 2391 Λακεδαιμονίων
706 2325 754 2367 ἐκ
789 2328 865 2379 τῆς
907 2323 1072 2375 πόλεως
1111 2322 1275 2379 ἐγένετο
1321 2323 1433 2380 μάχη
1481 2327 1684 2381 καρτερά,

306 2378 412 2422 καθ’
451 2378 508 2434 ἣν
545 2379 570 2422 6
615 2395 658 2424 τε
695 2379 934 2436 στρατηγός
969 2383 1059 2424 τῶν
1093 2382 1453 2453 Λακεδαιμονίων
1492 2383 1686 2440 ἀνῃρέθη

305 2435 380 2478 καὶ
412 2450 530 2478 των
525 2434 684 2480 αλλων
721 2440 782 2488 εἰς
821 2437 1090 2488 διακοσίους·
1142 2438 1187 2480 οί
1222 2437 1269 2481 δὲ
1304 2437 1452 2480 λοιποι
1481 2441 1685 2483 συνεδιω-

304 2497 475 2548 χθησαν
505 2492 564 2545 εἷς
593 2493 674 2550 τὴν
701 2493 926 2540 πόλιν.οί
955 2493 1003 2540 65
1027 2492 1252 2551 Ἀρκάδες,
1281 2495 1436 2566 καίπερ
1458 2495 1686 2553 νενικηκό

304 2652 362 2686 42.
384 2648 632 2707 Ἀλέξανδρος]
655 2652 885 2700 Πολύδωρος
905 2653 998 2690 AFK
1183 2653 1241 2691 45.
1271 2653 1318 2690 τοὶ
1340 2652 1435 2691 κατὰ
1458 2637 1524 2701 τὴν
1549 2654 1682 2701 ἀρχὴν]

304 2696 352 2732 τοὶ
373 2696 566 2742 πράγματα
591 2701 619 2733 [ι

307 2744 451 2826 &oe⁸66
462 2745 555 2825 Μῖίὃ
577 2742 654 2793 ’ῃΑρ
655 2747 769 2794 είων]
799 2744 987 2794 Ἀργείους
1008 2748 1041 2782 Κ
1224 2745 1284 2783 74.
1306 2743 1533 2793 Ἀρκαδικὸν]
1554 2744 1682 2793 Ἀρκα-

419 1812 546 1857 Kato}
576 1813 623 1859 65
649 1814 729 1870 τὴν
761 1812 1108 1870 Πελοπόννησον
1135 1813 1475 1883 Λακεδαιμόνιοι
1503 1816 1583 1872 μέν
1602 1820 1685 1865 Πο-
1704 1829 1747 1865 51
1816 1827 1820 1844 ”’
