1820 3249
492 195 610 235 [ΑΒ.
643 192 963 235 xv11.cAP.
996 195 1090 236 105.
1124 195 1218 236 106.
1441 197 1550 239 1239

173 311 260 349 τῶν
289 305 495 360 Ὠρειτῶν
522 305 637 355 τινες
665 303 914 357 ἐπιθέμενοι
941 309 1034 355 τοῖς
1062 305 1161 358 περὶ
1189 303 1267 348 τὸν
1294 305 1547 350 Λεόννατον

172 364 466 418 τεταγμένοις,
511 361 584 404 καὶ
623 360 813 417 συχνοὺς
842 361 1181 416 καταβαλόντες,
1226 358 1461 418 ἀπέφυγον
1485 366 1550 415 εἰς
1576 370 1629 412 55

171 420 249 476 τήν
277 419 443 463 ἑαυτῶν
468 417 630 474 χώραν.

280 497 427 569 Μόγις
464 498 509 541 δὲ
546 496 738 551 περάσας
773 495 856 552 τήν
894 496 1056 552 ε’ρημον
1088 492 1192 568 ἧκεν
1220 497 1281 548 εἷς
1307 496 1456 554 χῶραν
1485 501 1543 571 of
1572 512 1654 551 Ῑοῡ

168 550 389 626 κουμένην
425 554 500 598 καὶ
535 553 714 597 πάντων
752 557 842 596 τῶν
871 556 1101 624 χρησίμων
1142 552 1436 606 εὐποροῦσαν.
1495 556 1543 600 έν

167 611 301 682 ταύτῃ
349 611 396 654 δὲ
443 609 799 680 προςαναλαβων
834 627 915 667 την
962 610 1153 664 δύναμιν
1200 609 1274 665 ἐφ’
1315 611 1421 654 έπτοὶ
1460 613 1541 667 μὲν

165 667 327 740 ἡμέρας
362 683 521 736 προῃει
551 665 858 736 κεκοσμημένη
901 671 953 723 τῇ
994 669 1181 723 δυνάμει
1214 671 1540 738 πανηγυρικῶς,

164 725 238 767 καὶ
265 724 472 781 Διονύσω
505 729 656 779 κῶμον
683 723 843 792 η’γαγεν
872 722 1089 777 ἑορτάζων
1116 724 1189 768 καὶ
1217 724 1331 794 μέθῃ
1359 726 1432 767 καὶ
1463 727 1537 769 πό·
1567 737 1621 777 60

163 798 254 833 τοις
289 779 512 851 χριόμενος
550 781 659 823 κατα
702 781 781 834 τήν
820 778 1092 835 ὁδοιπορίαν.
1161 779 1246 824 dud
1283 779 1455 825 τούτων
1491 783 1538 826 δὲ

160 836 404 908 γενόμενος,
433 835 626 888 ἀκούσας
655 841 700 880 τε
730 837 796 881 ὅτι
824 839 980 880 πολλοὶ
1011 842 1100 880 τῶν
1129 839 1282 907 βιαίως
1313 839 1386 881 καὶ
1415 837 1541 895 υβρι-

161 899 317 946 στικῶς
329 893 620 950 κεχρημένων
647 899 741 948 ταῖς
770 893 985 946 ἐξουσίαις
1004 893 1400 965 παρανενομήκασι,
1431 899 1534 939 πολ-

160 951 266 1002 λούς
293 954 384 994 τῶν
411 967 456 994 τε
485 955 720 1020 σατραπῶν
748 951 821 994 καὶ
851 955 1117 1020 στρατηγῶν
1132 953 1341 1006 τιμωρίας
1369 949 1534 1008 ἠξίωσε
1563 963 1618 1004 65

160 1012 235 1063 τῆς
264 1005 308 1051 δ’
338 1009 397 1058 εἷς
420 1008 526 1058 τοὺς
545 1006 959 1062 παρανενομηκότας
981 1006 1196 1064 ἡγεμόνας
1219 1010 1544 1079 μισοπονηρίας

158 1067 478 1133 διαβοηθείσης,
507 1063 661 1107 πολλοι
682 1068 770 1106 τῶν
794 1069 1059 1133 στρατηγῶν,
1090 1063 1384 1120 6vva66teg‘
1365 1071 1536 1118 εαυτοῖς

156 1119 304 1191 ὕβρεις
331 1121 405 1163 καὶ
430 1122 732 1192 παρανομίας,
773 1122 833 1170 εἰς
862 1119 1007 1176 φόβον
1037 1121 1283 1165 ενέπιπτον·
1321 1123 1395 1165 καὶ
1423 1123 1550 1193 τινες

154 1176 233 1232 μὲν
261 1176 572 1233 μισθοφόρους
602 1177 768 1247 ἔχοντες
796 1175 1037 1231 αφίσταντο
1068 1182 1149 1220 τοῦ
1168 1177 1390 1233 βασιλέως,
1420 1171 1535 1248 τινές

155 1233 202 1277 δὲ
213 1234 442 1304 χρήματα
456 1233 830 1288 συσκευασάμενοι
860 1233 1084 1302 δρασμους
1112 1233 1352 1278 ἐποιοῦντο.
1392 1230 1531 1279 ταυτα
1558 1246 1612 1285 70

155 1288 216 1334 δὲ
239 1289 574 1345 πυνθανόμενος
614 1289 637 1333 6
675 1289 880 1362 βασιλεύς
923 1289 1034 1342 πρὸς
1070 1290 1235 1342 πάντας
1273 1291 1378 1342 τούς
1415 1292 1528 1336 κατὰ

154 1346 232 1416 τὴν
265 1347 409 1390 Ἀσίαν
445 1358 712 1418 στρατηγους
742 1347 814 1390 καὶ
846 1348 1067 1401 σατράπας
1097 1348 1304 1404 ἔγραψεν,
1351 1349 1529 1392 ἐπειδάν

153 1403 375 1459 άναγνῶσι
411 1421 492 1475 την
530 1404 786 1460 ἐπιστολήν,
829 1409 1090 1473 παραχρῆμα
1127 1405 1293 1455 πάντας
1320 1405 1425 1457 τοὺς
1452 1423 1526 1462 μι-

153 1460 414 1531 σθοφόρους
452 1458 681 1503 ἀπολῦσαι.
740 1477 849 1504 κατα
887 1461 933 1504 δὲ
969 1465 1127 1505 τοῦτον
1154 1461 1232 1504 τὸν
1260 1462 1415 1515 καιρὸν
1443 1466 1527 1507 τοῦ
1555 1468 1609 1511 75

153 1517 362 1572 βασιλέως
392 1519 694 1573 διατρίβοντος
723 1517 770 1560 ἔν
798 1534 884 1560 τινι
913 1521 1255 1585 παραθαλαττίῳ
1284 1519 1408 1562 πόλει
1430 1519 1526 1573 ὀνο-

151 1573 370 1631 μαζομένῃ
400 1577 664 1628 Σαλμοῦντι,
693 1573 768 1616 καὶ
795 1574 1030 1630 σκηνικους
1061 1564 1238 1636 ιῖγῶςνας
1258 1574 1309 1628 ἐν
1343 1580 1404 1618 τῶ
1424 1571 1528 1646 θεά-

91 1671 94 1678 ,
148 1647 236 1687 τρῳ
267 1635 529 1682 ποιοῦντος,
568 1631 862 1673 κατέπλευσαν
892 1633 936 1674 οἷ
963 1631 1025 1674 δι’
1055 1624 1287 1674 Ὠκεανοῦ
1296 1637 1419 1675 πλεῖν
1447 1631 1543 1702 την

147 1687 507 1741 παραθαλάττιον
551 1685 902 1759 ἀπεσταλμένοι,
963 1688 1036 1731 καὶ
1059 1682 1334 1759 αθὲραχρημα
1379 1689 1449 1741 εἷς·
1473 1687 1536 1732 τὸ

147 1742 344 1816 θέατρον
365 1742 658 1798 παρελθόντες
687 1743 764 1787 τόν
792 1760 836 1785 τε
860 1740 1142 1799 Ἀλέξανδρον
1169 1744 1420 1815 ἠσπάσαντο
1447 1746 1522 1789 καὶ
1542 1753 1604 1792 80

146 1799 246 1854 περὶ
283 1803 372 1844 τῶν
408 1802 726 1856 πεπραγμένων
754 1798 1044 1870 ἀπήγγειλαν.
1103 1803 1148 1844 οἷ
1184 1802 1230 1845 δὲ
1261 1802 1520 1854 Μακεδόνες

144 1855 361 1912 ησθέντες
379 1861 433 1914 τῇ
464 1859 683 1927 παρουσία
711 1860 800 1900 τῶν
821 1856 998 1911 ἀνδρῶν
1023 1857 1166 1927 κρότῳ
1182 1858 1353 1917 μεγάλῳ
1376 1858 1426 1902 τὸ
1453 1875 1518 1917 γε-

145 1913 279 1968 γονός
316 1912 666 1984 ἐπεσημήναντο,
703 1915 801 1970 ,καὶ
825 1917 914 1956 πᾶν
949 1931 998 1957 το
1038 1904 1228 1968 θέατρον
1265 1914 1422 1986 μεστὸν
1461 1932 1519 1973 ην

145 1973 280 2024 χαρᾶς
311 1969 657 2026 ανυπερβλήτου.
721 1972 765 2013 οἱ
803 1971 849 2014 δὲ
887 1971 1283 2023 καταπεπλευκότες
1312 1970 1517 2028 άπήγγελ-
1537 1977 1600 2017 85

143 2032 222 2070 λον
239 2025 468 2086 ἀμπώτεις
495 2042 539 2070 τε
567 2028 641 2070 καὶ
670 2025 840 2082 πλήμας
875 2027 1152 2081 παραδόξους
1180 2030 1380 2083 γίνεσθαι
1409 2029 1520 2073 κατὰ

142 2081 233 2126 τὸν
255 2081 491 2131 Ὠκεανόν,
532 2085 606 2127 καὶ
640 2084 749 2126 κατα
782 2085 862 2138 μὲν
889 2101 965 2134 τας
995 2083 1211 2139 ἀμπώτεις
1240 2085 1519 2139 παραδόξους

141 2136 306 2198 νῆσους
344 2156 388 2184 τε
428 2139 618 2198 ὁρᾶσθαι
647 2140 810 2227 πολλὰς
849 2141 921 2184 καὶ
961 2141 1161 2198 μεγάλας
1177 2142 1251 2185 ἐπ’
1280 2143 1417 2199 ἄκρας
1442 2147 1540 2219 τῆς

183 2308 185 2310 .
228 2277 317 2317 243.
345 2276 404 2312 52.
449 2274 622 2320 Ὠρειτῶν
653 2278 704 2321 Q,
740 2277 912 2324 Ὀρειτῶν
944 2278 1041 2332 ΟΧὶ
1074 2280 1178 2318 Bas„
1222 2279 1338 2314 Oritas
1373 2279 1515 2335 Cospus,

143 2318 276 2366 ὁρειων
296 2323 340 2366 F,
364 2323 493 2358 caeteri
511 2321 574 2367 Όρ
578 2324 698 2359 ειείων
872 2324 928 2358 53.
969 2321 1034 2359 τὸν
1058 2336 1126 2361 om.
1148 2325 1179 2358 F
1337 2324 1394 2359 58.
1426 2323 1519 2360 zm}-

144 2369 221 2417 τῃ]
237 2368 330 2426 αὕτη
350 2370 381 2403 F
560 2370 617 2404 50.
663 2370 937 2415 κεκοσμημένη]
963 2370 1235 2426 κεκοσμημένος
1254 2372 1337 2406 Bas.

144 2416 202 2449 60.
244 2414 427 2459 ἑορτάζων
442 2415 506 2451 καὶ
523 2416 635 2462 μέθῃ]
660 2416 843 2460 εορτάζων
867 2418 908 2452 δὲ
929 2416 1027 2463 μέθῃ
1054 2419 1080 2451 [ι
1224 2417 1281 2452 61
1325 2416 1512 2462 χρώμενος

144 2462 178 2494 Τ
200 2461 294 2502 Bas„
317 2461 444 2495 meteri
468 2463 598 2496 addunt
620 2476 677 2506 ην,
704 2465 796 2505 quod
818 2463 984 2498 asterisco
1007 2463 1142 2497 notavit
1162 2464 1358 2508 Stephanus

143 2507 201 2541 62.
249 2505 410 2548 οἰκούσας
432 2509 495 2552 τε]
515 2506 677 2549 ακούσας
697 2510 779 2544 Bas.
962 2509 1018 2543 70.
1067 2509 1399 2554 συσκευασάμενοι]
1425 2520 1511 2544 συν-

143 2553 402 2596 εσκευασμένοι
421 2553 452 2586 F
631 2555 687 2588 76.
734 2554 860 2599 πόλει]
891 2555 995 2590 πόλει
1028 2557 1073 2600 τῇ
1094 2557 1123 2589 L
1304 2556 1364 2589 78.
1408 2559 1513 2591 πλεῖν

144 2611 212 2634 om.
237 2600 318 2635 Bas.
500 2599 556 2634 80.
602 2600 667 2636 τόν
702 2604 764 2646 τε]
799 2601 865 2636 τὸν
897 2602 926 2635 F
1108 2601 1165 2635 82.
1221 2604 1267 2646 τῇ
1297 2603 1511 2652 παρουσία]

145 2642 211 2690 τήν
236 2646 446 2690 παρουσίαν
476 2646 506 2680 F
687 2647 744 2682 85.
789 2646 958 2694 πλήμας]
989 2647 1208 2693 πλημμύρας
1233 2649 1326 2692 FLQ

145 2735 405 2781 παραδόξους]
438 2737 710 2781 παραδόξωςβ
902 2739 959 2774 87.
1001 2736 1227 2794 ἀμπώτεις]
1248 2737 1454 2779 αναπώτεις
1478 2741 1507 2774 F

326 2783 588 2838 παραδόξους]
623 2785 844 2841 παραδόξως
866 2785 1139 2830 {vesselingiuQ
1162 2786 1229 2819 nisi
1251 2787 1434 2820 delendum
1465 2785 1510 2821 sit

327 2828 462 2871 πολλάς
484 2830 546 2866 καὶ
569 2830 725 2875 μεγάλας
745 2834 789 2876 F,
812 2831 939 2868 caeteri
963 2831 1120 2877 μεγάλας
1139 2831 1203 2868 καὶ
1225 2831 1363 2873 πολλᾶς
