1820 3249
534 166 651 207 1218.
682 164 791 205 XIX.
849 164 977 206 ΟΛΡ
1008 167 1540 208 53561397

168 279 312 335 μένης.
354 281 436 321 τοῦ
464 275 515 322 6
532 275 784 331 Ἀντιγόνου
812 276 912 329 περὶ
938 278 1074 319 ταῦτα
1104 274 1230 334 όντος
1254 275 1328 319 καὶ
1356 277 1540 344 πλησίον

166 340 243 391 τῆς
270 333 487 390 θαλάττης
518 333 1069 405 κατεστρατοπεδευκότος,
1111 334 1213 389 ἡκεν
1241 333 1283 385 ἐξ
1312 332 1538 387 Αἰγύπτου

166 392 386 442 Σέλευκος
424 406 529 446 μετα
570 406 685 433 νεων
731 388 887 434 ἑκατὸν
926 391 1194 460 κεκοσιιηιιετ
1198 407 1260 432 ων
1305 392 1538 458 βασιλικως
1570 401 1622 440 10

165 448 241 492 καὶ
268 451 494 492 πλεουσων
522 448 696 498 suave-59.
755 445 1024 504 ποιουμένου
1057 444 1099 489 6'
1133 445 1270 489 αὐτοῦ
1297 444 1374 488 τὸν
1403 446 1539 501 παρά-

164 508 307 548 πλουν
342 503 453 557 παρ’
486 501 626 558 αὐτὴν
665 500 747 558 τὴν
786 500 1119 558 στρατοπεδείαν
1152 502 1539 573 καταπεφρονηκό-

165 562 274 613 τως,
315 562 364 604 οἵ
391 576 436 604 τε
473 559 520 603 ἐκ
557 563 647 603 τῶν
683 562 963 615 συμμαχίδων
999 559 1170 602 πόλεων
1207 559 1281 603 καὶ
1309 559 1465 610 πάντες
1495 562 1541 601 05

162 620 556 672 κοινοπραγοῦντες
585 622 675 667 τοῖς
703 616 801 674 περὶ
836 616 1083 671 Ἀντίγονον
1113 615 1278 671 ἄθυμοι
1306 621 1537 672 καθειστή-

160 685 323 717 κεισαν.
363 673 587 727 πρόδηλον
614 673 699 728 γάρ
727 675 783 742 ᾖν
814 673 881 716 ὅτι
909 676 1368 726 θαλαττοκρατοῦντες
1398 675 1441 716 οἱ
1460 689 1534 716 πο-
1569 676 1619 718 15

159 731 301 799 λέμιοι
344 730 623 798 πορθήσουσι
665 747 769 780 τους
805 735 897 781 τοῖς
934 730 1176 828 «ἐναντίοις0
1164 733 1536 799 κοινοπραγοῦν-

159 803 236 836 τας
273 785 359 829 απὸ
400 790 474 841 τῆς
511 785 622 840 πρὸς
646 784 895 841 Ἀντίγονον
934 788 1093 841 φιλίας.
1208 783 1263 836 [δ’
1289 784 1536 839 Ἀντίγονος

159 840 346 893 τούτους
396 843 474 898 μὲν
521 843 752 894 παρεκάλει
800 844 1023 897 θαρρεῖν,·
1053 833 1440 898 διαβεβαιούμενος
1488 843 1535 886 ἐν

159 898 295 954 ταύτη
325 903 378 956 τῇ
406 901 557 957 θερεία
586 897 957 943 αποπλευσεῖσθαι
985 901 1114 942 ναυσὶ
1143 900 1456 949 πεντακοσίαις.
1561 928 1616 966 59

261 956 418 1006 ’Όντος
457 954 500 999 6'
544 953 682 999 αὐτοῦ
719 957 818 1008 περὶ
862 960 998 999 ταῦτα
1042 959 1188 1010 παρῆν
1223 954 1470 1025 Ἀγησίλαος
1507 953 1531 1000 6
1560 986 1615 1026 20

158 1012 371 1067 πεμφθεὶς
410 1013 469 1062 εἰς
505 1013 692 1065 Κύπρον
714 1011 1005 1083 πρεσβευτής,
1042 1011 1320 1067 απαγγὲλλων
1350 1012 1420 1055 ὅτι
1448 1015 1530 1055 Νι-

157 1069 353 1120 κοκρέων
381 1083 459 1121 μεν
487 1069 560 1111 καὶ
587 1073 677 1111 τῶν
707 1068 850 1112 ἄλλων
882 1071 925 1112 οἱ
954 1068 1174 1122 κράτιστοι
1203 1072 1393 1124 βασιλεῖς
1421 1070 1532 1123 πρὸς

157 1128 432 1178 Πτολεμαῖον
471 1126 724 1178 πεποίηνται
774 1128 1038 1180 συμμαχίαν,
1093 1123 1116 1167 ὁ
1155 1125 1201 1168 δὲ
1238 1125 1411 1174 Κιτιεύς
1456 1126 1531 1168 καὶ

156 1181 390 1254 Λαπήθιος
427 1180 488 1224 ἔτι
518 1181 563 1224 δε
593 1180 797 1235 λὶἄαριεύς
831 1182 904 1223 καὶ
934 1182 1175 1235 Κερυνίτης
1210 1197 1290 1237 την
1319 1182 1426 1234 πρὸς
1455 1180 1529 1224 αὖ-
1557 1182 1612 1223 25

157 1237 236 1280 τὸν
266 1239 418 1293 φιλίαν
447 1237 756 1281 συντέθεινται.
798 1236 990 1287 οἷκούσας
1020 1237 1065 1280 δὲ
1093 1241 1242 1288 ταῦτα,
1273 1240 1531 1293 τριςχιλίους

158 1310 238 1349 μεν
264 1294 526 1347 στρατιώτας
551 1295 625 1337 καὶ
654 1294 897 1363 στρατηγόν
923 1291 1200 1363 Ἀνδρόνικον
1219 1294 1475 1341 κατέλιπεν’
1459 1295 1529 1337 επὶ

155 1353 234 1406 τῆς
261 1352 596 1402 πολιορκίας,α
570 1349 703 1401 αὐτὸς
734 1351 780 1394 δὲ
809 1367 913 1405 μετα
940 1354 1016 1404 τῆς
1045 1349 1269 1418 δυνάμεως
1298 1349 1527 1404 αναζεύξας

156 1407 237 1461 τήν
282 1405 326 1450 τ’
369 1406 514 1462 Ἰόπην
560 1407 632 1450 καὶ
688 1407 831 1459 Γάζαν
880 1405 1147 1457 ἀπειθούσας
1200 1424 1312 1450 κατα
1367 1407 1526 1462 κράτος
1556 1413 1609 1452 30

156 1462 276 1514 εἷλε,
293 1463 366 1508 καὶ
394 1480 499 1514 τους
528 1464 607 1518 μὲν
635 1464 992 1532 καταληφθέντας
1027 1466 1298 1518 Πτολεμαίου
1326 1465 1527 1518 στρατιώ-

154 1537 230 1570 τας
259 1519 486 1563 επιδιεῖλεν
527 1521 586 1570 εἰς
615 1520 693 1571 τὰς
731 1522 843 1590 ι’δίας
882 1518 1040 1571 ταξεις,
1084 1522 1143 1570 εἰς
1185 1520 1232 1563 δὲ
1269 1521 1344 1570 τὰς
1379 1520 1526 1573 πόλεις

152 1576 438 1647 παρειςήγαγε
467 1593 673 1647 φρουραν
693 1593 774 1647 την
796 1575 1131 1648 αναγκάσουσαν
1149 1581 1399 1645 πειθαρχεῖν
1420 1577 1525 1628 τούς

153 1632 446 1683 ενοικοῦντας.
499 1631 631 1683 αὐτός
660 1632 702 1676 δ’
734 1632 986 1676 ἐπανελθών
1025 1635 1084 1683 εἷς
1112 1632 1192 1688 τήν
1220 1633 1330 1686 πρὸς
1362 1637 1524 1677 Παλαι-

154 1690 273 1747 τύρῳ
303 1691 638 1761 στρατοπεδείαν
668 1689 1008 1743 παρεσκευαζετο
1038 1706 1089 1731 τα
1114 1689 1224 1744 πρὸς
1233 1707 1327 1759 την
1346 1695 1521 1743 πολιορ-
1551 1695 1606 1736 35

77 1735 268 1790 364κΐαν.
295 1747 370 1789 ἐπὶ
407 1746 453 1788 δὲ
482 1749 569 1789 τῶν
596 1750 764 1798 καιρῶν
792 1746 961 1789 τούτων
984 1744 1190 1799 Ἀρίστων
1222 1744 1245 1788 6
1276 1749 1523 1798 πιστευθεὶς

153 1801 235 1846 ὑπ’
261 1801 495 1872 Εὐμένους
523 1806 613 1845 τῶν
643 1803 784 1845 όστων
813 1807 901 1846 τῶν
931 1801 1158 1856 Κρατέρου
1187 1804 1435 1855 παρέδωκεν
1461 1805 1520 1855 εἰς

153 1857 300 1917 ταφήν
340 1857 449 1904 αὐτα
481 1861 592 1916 Φίλα
631 1875 684 1916 τη
729 1859 945 1916 πρότερον
993 1858 1071 1919 μὲν
1110 1860 1317 1918 Κρατέρῳ
1377 1871 1519 1904 συνοι-

153 2051 190 2088 8.
206 2048 444 2099 θαλάττης]
468 2051 551 2086 libri
576 2036 772 2095 θαλάσσης
952 2051 1010 2086 10.
1053 2051 1215 2112 ἱκανως]
1240 2051 1412 2093 ἶκανικῶς
1434 2054 1518 2088 Bas.

335 2097 393 2132 12.
443 2097 485 2132 οι
512 2100 573 2142 τε]
615 2096 702 2140 ὧςτε
731 2099 762 2132 F
951 2099 1008 2132 14.
1053 2097 1283 2145 Ἀντίγονον]
1313 2096 1517 2144 Ἀντιγόνου

152 2143 236 2179 Bas.
418 2142 608 2189 πρόδηλον
631 2165 676 2170 -
700 2144 755 2179 15.
779 2141 946 2187 πολέμιοι
969 2155 1038 2177 om
1060 2145 1141 2179 Bas.
1326 2145 1380 2180 15.
1426 2158 1519 2188 πορ-

153 2189 340 2234 θήσουσι]
373 2192 559 2235 πορθοῦσι
581 2192 663 2226 Bas.
832 2191 1238 2247 θαλαττοκρατουντες]
1273 2192 1352 2225 libri
1377 2195 1516 2226 θαλασ-

155 2237 416 2279 σοκρατοῦντες
637 2238 692 2271 19.
749 2234 1084 2280 ἀποπλευσεῖσθαι]
1129 2235 1423 2272 αποπλεύσεσθαι
1455 2239 1514 2279 W,

154 2280 419 2317 ἀπελεύσεσθαι
441 2282 483 2323 V,
507 2280 757 2319 διελεύσεσθαι
779 2284 808 2316 F
956 2283 1011 2316 24
1064 2283 1210 2322 Κιτιεῦς
1235 2286 1327 2323 Bas„
1351 2295 1516 2324 κυττιευς

153 2329 205 2370 F,
223 2328 396 2369 «Κιττιευς
418 2330 544 2363 caeteri
652 2344 656 2359 ›
736 2327 932 2373 Λαπηθιος
953 2329 1022 2361 lac.
1048 2330 1261 2363 Gronovius:
1295 2331 1376 2364 libri
1399 2332 1514 2366 Λαπι-

153 2376 244 2413 θιος
421 2377 510 2418 ΙΙἸαρ
515 2388 590 2414 mu,-
613 2376 824 2409 Gronovius:
854 2374 934 2408 libri
958 2373 1111 2414 Μάριος
1291 2375 1346 2409 25.
1396 2380 1512 2416 Κερυ-

153 2420 281 2463 νίτης]
310 2419 511 2466 Κερινύτης
533 2422 611 2455 FW
792 2420 849 2454 28.
898 2417 1106 2478 ἀναζεύξας
1118 2421 1408 2456 Rhodomannus:
1430 2423 1512 2457 libn

154 2464 356 2511 ἀναζεύξας
379 2467 430 2506 εἰς
621 2467 677 2502 29.
721 2464 755 2501 τ’
784 2478 853 2502 om.
877 2466 908 2500 F
1096 2464 1246 2510 Ἰόππην
1274 2479 1392 2502 omnes

1173 2525 1203 2548 ει

152 2555 407 2600 ἀπειθούσας]
434 2553 663 2593 ἄπειθοῦσαν
686 2559 767 2592 Bas.
951 2558 1008 2593 30.
1055 2557 1357 2604 καταληφθέντας
1379 2561 1410 2593 F

243 2602 300 2635 32.
348 2601 647 2659 ἀναγκάσουσαν]
682 2602 765 2646 ἀνα)
767 2602 956 2647 κᾶζουσαν
977 2605 1060 2638 Bas.
1256 2606 1312 2639 υ3.
1361 2605 1400 2640 6’
1423 2603 1509 2640 ε’πα-

151 2645 316 2691 νελθων]
355 2647 394 2683 δὲ
426 2648 620 2703 παρελθων
652 2651 792 2693 FQvW
978 2650 1036 2684 ai.
1082 2647 1173 2693 πρὸς
1205 2651 1425 2699 Παλαιτύρῳ
1458 2653 1501 2691 T,

150 2692 361 2738 προσκάλαι
389 2693 500 2741 Τύρῳ
522 2697 622 2730 Basa
644 2697 785 2730 caeteri
791 2694 977 2739 πρόπαλαι
1002 2709 1039 2731 εν
1067 2696 1142 2741 Τύρ
1123 2710 1174 2743 ρῳ
1325 2698 1381 2732 35.
1429 2699 1505 2733 τῶν

123 2746 131 2757 ³
149 2743 290 2784 καιρῶν
313 2731 485 2785 τούτων]
503 2741 645 2776 τούτων
666 2744 741 2778 τῶν
765 2745 904 2788 καιρῶν
928 2742 1006 2776 FW

241 2797 320 2833 364.
350 2797 407 2833 δῖ.
460 2799 570 2844 Φίλᾳ]
597 2800 698 2844 φιλία
720 2801 762 2844 F,
784 2814 838 2846 γρ
865 2801 955 2849 φίλᾳ
978 2809 1094 2844 marg.
