<?xml version="1.0" encoding="UTF-8"?>
<!DOCTYPE html PUBLIC "-//W3C//DTD XHTML 1.0 Transitional//EN"
    "http://www.w3.org/TR/xhtml1/DTD/xhtml1-transitional.dtd">
<html xmlns="http://www.w3.org/1999/xhtml" xml:lang="en" lang="en">
 <head>
  <title>
</title>
<meta http-equiv="Content-Type" content="text/html;charset=utf-8" />
  <meta name='ocr-system' content='tesseract 3.04.00' />
  <meta name='ocr-capabilities' content='ocr_page ocr_carea ocr_par ocr_line ocrx_word'/>
</head>
<body>
  <div class='ocr_page' id='page_1' title='image "./p1bibliothecahisto02dioduoft_0397.png"; bbox 0 0 1820 3249; ppageno 0'>
   <div class='ocr_carea' id='block_1_1' title="bbox 545 158 1508 203">
    <p class='ocr_par' dir='ltr' id='par_1_1' title="bbox 545 158 1508 203">
     <span class='ocr_line' id='line_1_1' title="bbox 545 158 1508 203; baseline 0.002 -3"><span class='ocrx_word' id='word_1_1' title='bbox 545 158 1508 203; x_wconf 71' lang='lat' dir='ltr'><strong>LIB.XV111.GAP.59.1813</strong></span> 
     </span>
    </p>
   </div>
   <div class='ocr_carea' id='block_1_2' title="bbox 52 267 1582 2246">
    <p class='ocr_par' dir='ltr' id='par_1_2' title="bbox 52 267 1582 2246">
     <span class='ocr_line' id='line_1_2' title="bbox 128 267 1581 327; baseline -0.004 -7"><span class='ocrx_word' id='word_1_2' title='bbox 128 271 268 325; x_wconf 70' lang='grc' dir='ltr'><strong><em>εὐθύς</em></strong></span> <span class='ocrx_word' id='word_1_3' title='bbox 309 269 394 319; x_wconf 79' lang='grc' dir='ltr'><strong><em>οὖν</em></strong></span> <span class='ocrx_word' id='word_1_4' title='bbox 428 272 719 327; x_wconf 75' lang='grc' dir='ltr'><strong><em>παραγγείλας</em></strong></span> <span class='ocrx_word' id='word_1_5' title='bbox 755 274 846 320; x_wconf 84' lang='grc' dir='ltr'><strong><em>τοῖς</em></strong></span> <span class='ocrx_word' id='word_1_6' title='bbox 884 270 982 322; x_wconf 84' lang='grc' dir='ltr'><strong><em>περὶ</em></strong></span> <span class='ocrx_word' id='word_1_7' title='bbox 1018 268 1153 314; x_wconf 77' lang='grc' dir='ltr'><strong><em>αὐτὸν</em></strong></span> <span class='ocrx_word' id='word_1_8' title='bbox 1187 267 1497 325; x_wconf 76' lang='grc' dir='ltr'><strong><em>ἀναζευγνύειν</em></strong></span> <span class='ocrx_word' id='word_1_9' title='bbox 1524 282 1581 323; x_wconf 78' lang='grc'><strong><em>59</em></strong></span> 
     </span>
     <span class='ocr_line' id='line_1_3' title="bbox 126 326 1499 387; baseline -0.004 -11"><span class='ocrx_word' id='word_1_10' title='bbox 126 335 318 387; x_wconf 81' lang='grc' dir='ltr'><strong><em>προῆγεν</em></strong></span> <span class='ocrx_word' id='word_1_11' title='bbox 345 331 392 374; x_wconf 89' lang='grc' dir='ltr'><strong><em>ἐκ</em></strong></span> <span class='ocrx_word' id='word_1_12' title='bbox 421 329 763 379; x_wconf 79' lang='grc' dir='ltr'><strong><em>Καππαδοκίας,</em></strong></span> <span class='ocrx_word' id='word_1_13' title='bbox 807 328 915 382; x_wconf 76' lang='grc' dir='ltr'><strong><em>ἔχων</em></strong></span> <span class='ocrx_word' id='word_1_14' title='bbox 946 329 1087 377; x_wconf 79' lang='grc' dir='ltr'><strong><em>ἱππεῖς</em></strong></span> <span class='ocrx_word' id='word_1_15' title='bbox 1115 326 1194 381; x_wconf 77' lang='grc' dir='ltr'><strong><em>μὲν</em></strong></span> <span class='ocrx_word' id='word_1_16' title='bbox 1220 327 1322 379; x_wconf 83' lang='grc' dir='ltr'><strong><em>περὶ</em></strong></span> <span class='ocrx_word' id='word_1_17' title='bbox 1348 343 1499 370; x_wconf 85' lang='grc' dir='ltr'><strong><em>πεντα-</em></strong></span> 
     </span>
     <span class='ocr_line' id='line_1_4' title="bbox 127 381 1500 453; baseline -0.004 -21"><span class='ocrx_word' id='word_1_18' title='bbox 127 390 319 440; x_wconf 84' lang='grc' dir='ltr'><strong><em>κοσίους,</em></strong></span> <span class='ocrx_word' id='word_1_19' title='bbox 347 384 502 439; x_wconf 78' lang='grc' dir='ltr'><strong><em>πεζοὺς</em></strong></span> <span class='ocrx_word' id='word_1_20' title='bbox 531 385 578 428; x_wconf 83' lang='grc' dir='ltr'><strong><em>δὲ</em></strong></span> <span class='ocrx_word' id='word_1_21' title='bbox 609 385 785 434; x_wconf 90' lang='grc' dir='ltr'><strong><em>πλείους</em></strong></span> <span class='ocrx_word' id='word_1_22' title='bbox 812 388 901 427; x_wconf 77' lang='grc' dir='ltr'><strong><em>τῶν</em></strong></span> <span class='ocrx_word' id='word_1_23' title='bbox 911 385 1156 453; x_wconf 58' lang='lat' dir='ltr'><strong><em>‚fftssztstt&#39;fflw</em></strong></span> <span class='ocrx_word' id='word_1_24' title='bbox 1199 381 1253 426; x_wconf 82' lang='grc' dir='ltr'><strong><em>οὐ</em></strong></span> <span class='ocrx_word' id='word_1_25' title='bbox 1273 381 1357 437; x_wconf 81' lang='grc' dir='ltr'><strong><em>γάρ</em></strong></span> <span class='ocrx_word' id='word_1_26' title='bbox 1380 384 1500 438; x_wconf 79' lang='grc' dir='ltr'><strong><em>ἔσχεν</em></strong></span> 
     </span>
     <span class='ocr_line' id='line_1_5' title="bbox 128 438 1582 510; baseline -0.005 -22"><span class='ocrx_word' id='word_1_27' title='bbox 128 441 414 499; x_wconf 71' lang='grc' dir='ltr'><strong><em>ἀναστροφήν</em></strong></span> <span class='ocrx_word' id='word_1_28' title='bbox 443 440 759 496; x_wconf 82' lang='grc' dir='ltr'><strong><em>προςδέξασθαι</em></strong></span> <span class='ocrx_word' id='word_1_29' title='bbox 776 438 879 491; x_wconf 85' lang='grc' dir='ltr'><strong><em>τούς</em></strong></span> <span class='ocrx_word' id='word_1_30' title='bbox 896 438 1252 509; x_wconf 72' lang='grc' dir='ltr'><strong><em>ἀφυστεροῦντας</em></strong></span> <span class='ocrx_word' id='word_1_31' title='bbox 1271 443 1358 482; x_wconf 78' lang='grc' dir='ltr'><strong><em>τῶν</em></strong></span> <span class='ocrx_word' id='word_1_32' title='bbox 1366 447 1498 510; x_wconf 78' lang='grc' dir='ltr'><strong><em>επηγ-</em></strong></span> <span class='ocrx_word' id='word_1_33' title='bbox 1527 453 1582 496; x_wconf 83' lang='lat'><strong><em>45</em></strong></span> 
     </span>
     <span class='ocr_line' id='line_1_6' title="bbox 127 493 1498 571; baseline -0.004 -27"><span class='ocrx_word' id='word_1_34' title='bbox 127 501 359 571; x_wconf 83' lang='grc' dir='ltr'><strong><em>γελμένων</em></strong></span> <span class='ocrx_word' id='word_1_35' title='bbox 376 497 745 568; x_wconf 83' lang='grc' dir='ltr'><strong><em>συστρατεύεσθαι</em></strong></span> <span class='ocrx_word' id='word_1_36' title='bbox 774 497 845 540; x_wconf 77' lang='grc' dir='ltr'><strong><em>διὰ</em></strong></span> <span class='ocrx_word' id='word_1_37' title='bbox 873 495 923 539; x_wconf 86' lang='grc' dir='ltr'><strong><em>τὸ</em></strong></span> <span class='ocrx_word' id='word_1_38' title='bbox 959 495 1190 563; x_wconf 79' lang='grc' dir='ltr'><strong><em>προςάγειν</em></strong></span> <span class='ocrx_word' id='word_1_39' title='bbox 1232 495 1337 548; x_wconf 88' lang='grc' dir='ltr'><strong><em>παρ’</em></strong></span> <span class='ocrx_word' id='word_1_40' title='bbox 1366 493 1498 539; x_wconf 79' lang='grc' dir='ltr'><strong><em>Ἀντι-</em></strong></span> 
     </span>
     <span class='ocr_line' id='line_1_7' title="bbox 125 551 1499 623; baseline -0.004 -23"><span class='ocrx_word' id='word_1_41' title='bbox 125 556 265 614; x_wconf 85' lang='grc' dir='ltr'><strong><em>γόνου</em></strong></span> <span class='ocrx_word' id='word_1_42' title='bbox 293 553 479 610; x_wconf 79' lang='grc' dir='ltr'><strong><em>δύναμιν</em></strong></span> <span class='ocrx_word' id='word_1_43' title='bbox 508 552 751 623; x_wconf 81' lang='grc' dir='ltr'><strong><em>ἀξιόλογον</em></strong></span> <span class='ocrx_word' id='word_1_44' title='bbox 763 553 836 596; x_wconf 85' lang='grc' dir='ltr'><strong><em>καὶ</em></strong></span> <span class='ocrx_word' id='word_1_45' title='bbox 866 552 1134 608; x_wconf 83' lang='grc' dir='ltr'><strong><em>στρατηγούς</em></strong></span> <span class='ocrx_word' id='word_1_46' title='bbox 1162 551 1267 602; x_wconf 80' lang='grc' dir='ltr'><strong><em>τοῦς</em></strong></span> <span class='ocrx_word' id='word_1_47' title='bbox 1288 551 1384 605; x_wconf 85' lang='grc' dir='ltr'><strong><em>περὶ</em></strong></span> <span class='ocrx_word' id='word_1_48' title='bbox 1403 551 1499 595; x_wconf 82' lang='grc' dir='ltr'><strong><em>Μέ-</em></strong></span> 
     </span>
     <span class='ocr_line' id='line_1_8' title="bbox 126 608 1497 682; baseline -0.004 -25"><span class='ocrx_word' id='word_1_49' title='bbox 126 614 343 682; x_wconf 85' lang='grc' dir='ltr'><strong><em>νανδρον,</em></strong></span> <span class='ocrx_word' id='word_1_50' title='bbox 379 609 672 662; x_wconf 83' lang='grc' dir='ltr'><strong><em>κωλύσοντας.</em></strong></span> <span class='ocrx_word' id='word_1_51' title='bbox 694 608 830 653; x_wconf 81' lang='grc' dir='ltr'><strong><em>αὐτὸν</em></strong></span> <span class='ocrx_word' id='word_1_52' title='bbox 858 609 1144 680; x_wconf 76' lang='grc' dir='ltr'><strong><em>ἐνδιατρίβειν</em></strong></span> <span class='ocrx_word' id='word_1_53' title='bbox 1171 612 1225 664; x_wconf 85' lang='grc' dir='ltr'><strong><em>τῇ</em></strong></span> <span class='ocrx_word' id='word_1_54' title='bbox 1257 611 1497 652; x_wconf 88' lang='grc' dir='ltr'><strong><em>Καππαδο-</em></strong></span> 
     </span>
     <span class='ocr_line' id='line_1_9' title="bbox 124 663 1495 739; baseline -0.004 -27"><span class='ocrx_word' id='word_1_55' title='bbox 124 671 200 739; x_wconf 79' lang='grc' dir='ltr'><strong><em>κίᾳ</em></strong></span> <span class='ocrx_word' id='word_1_56' title='bbox 227 666 437 737; x_wconf 78' lang='grc' dir='ltr'><strong><em>πολέμιον</em></strong></span> <span class='ocrx_word' id='word_1_57' title='bbox 463 666 699 723; x_wconf 88' lang='grc' dir='ltr'><strong><em>γενόμενον</em></strong></span> <span class='ocrx_word' id='word_1_58' title='bbox 728 671 821 716; x_wconf 90' lang='grc' dir='ltr'><strong><em>τοῖς</em></strong></span> <span class='ocrx_word' id='word_1_59' title='bbox 849 666 946 720; x_wconf 85' lang='grc' dir='ltr'><strong><em>περὶ</em></strong></span> <span class='ocrx_word' id='word_1_60' title='bbox 975 663 1230 720; x_wconf 75' lang='grc' dir='ltr'><strong><em>Ἀντίγονον.</em></strong></span> <span class='ocrx_word' id='word_1_61' title='bbox 1276 663 1385 707; x_wconf 81' lang='grc' dir='ltr'><strong><em>ἀλλὰ</em></strong></span> <span class='ocrx_word' id='word_1_62' title='bbox 1411 663 1495 734; x_wconf 78' lang='grc' dir='ltr'><strong><em>γάρ</em></strong></span> 
     </span>
     <span class='ocr_line' id='line_1_10' title="bbox 123 713 1581 796; baseline -0.004 -28"><span class='ocrx_word' id='word_1_63' title='bbox 123 723 152 781; x_wconf 84' lang='grc' dir='ltr'><strong><em>ἡ</em></strong></span> <span class='ocrx_word' id='word_1_64' title='bbox 177 713 376 796; x_wconf 87' lang='grc' dir='ltr'><strong><em>δύναμις</em></strong></span> <span class='ocrx_word' id='word_1_65' title='bbox 414 724 523 780; x_wconf 85' lang='grc' dir='ltr'><strong><em>αὕτη</em></strong></span> <span class='ocrx_word' id='word_1_66' title='bbox 563 724 706 777; x_wconf 81' lang='grc' dir='ltr'><strong><em>τρισὶν</em></strong></span> <span class='ocrx_word' id='word_1_67' title='bbox 733 722 919 775; x_wconf 65' lang='grc' dir='ltr'><strong><em>’ὕστερον</em></strong></span> <span class='ocrx_word' id='word_1_68' title='bbox 944 721 1133 790; x_wconf 82' lang='grc' dir='ltr'><strong><em>ημέραις</em></strong></span> <span class='ocrx_word' id='word_1_69' title='bbox 1169 719 1497 789; x_wconf 78' lang='grc' dir='ltr'><strong><em>παραγενομένη</em></strong></span> <span class='ocrx_word' id='word_1_70' title='bbox 1526 728 1581 773; x_wconf 88' lang='lat'><strong><em>50</em></strong></span> 
     </span>
     <span class='ocr_line' id='line_1_11' title="bbox 122 776 1496 854; baseline -0.004 -30"><span class='ocrx_word' id='word_1_71' title='bbox 122 780 198 826; x_wconf 88' lang='grc' dir='ltr'><strong><em>καὶ</em></strong></span> <span class='ocrx_word' id='word_1_72' title='bbox 207 783 313 854; x_wconf 58' lang='grc' dir='ltr'><strong><em>,τῶν</em></strong></span> <span class='ocrx_word' id='word_1_73' title='bbox 352 784 521 850; x_wconf 80' lang='grc' dir='ltr'><strong><em>καιρῶν</em></strong></span> <span class='ocrx_word' id='word_1_74' title='bbox 549 778 796 834; x_wconf 82' lang='grc' dir='ltr'><strong><em>ὑστεροῦσα</em></strong></span> <span class='ocrx_word' id='word_1_75' title='bbox 824 776 1052 833; x_wconf 84' lang='grc' dir='ltr'><strong><em>ἐπεβάλετο</em></strong></span> <span class='ocrx_word' id='word_1_76' title='bbox 1081 777 1159 831; x_wconf 79' lang='grc' dir='ltr'><strong><em>μὲν</em></strong></span> <span class='ocrx_word' id='word_1_77' title='bbox 1187 776 1361 819; x_wconf 76' lang='grc' dir='ltr'><strong><em>διώκειν</em></strong></span> <span class='ocrx_word' id='word_1_78' title='bbox 1389 777 1496 827; x_wconf 77' lang='grc' dir='ltr'><strong><em>τους</em></strong></span> 
     </span>
     <span class='ocr_line' id='line_1_12' title="bbox 124 833 1497 910; baseline -0.005 -29"><span class='ocrx_word' id='word_1_79' title='bbox 124 836 220 906; x_wconf 88' lang='grc' dir='ltr'><strong><em>μετ’</em></strong></span> <span class='ocrx_word' id='word_1_80' title='bbox 248 835 478 910; x_wconf 66' lang='grc' dir='ltr'><strong><em>Εὐμένους</em></strong></span> <span class='ocrx_word' id='word_1_81' title='bbox 497 835 794 891; x_wconf 84' lang='grc' dir='ltr'><strong><em>προάγοντας,</em></strong></span> <span class='ocrx_word' id='word_1_82' title='bbox 826 834 880 879; x_wconf 84' lang='grc' dir='ltr'><strong><em>οὐ</em></strong></span> <span class='ocrx_word' id='word_1_83' title='bbox 902 833 1132 906; x_wconf 82' lang='grc' dir='ltr'><strong><em>δυναμένη</em></strong></span> <span class='ocrx_word' id='word_1_84' title='bbox 1161 833 1207 876; x_wconf 82' lang='grc' dir='ltr'><strong><em>ὁὲ</em></strong></span> <span class='ocrx_word' id='word_1_85' title='bbox 1235 835 1497 885; x_wconf 79' lang='grc' dir='ltr'><strong><em>καταλαβεῖν</em></strong></span> 
     </span>
     <span class='ocr_line' id='line_1_13' title="bbox 125 887 1497 964; baseline -0.003 -28"><span class='ocrx_word' id='word_1_86' title='bbox 125 893 370 964; x_wconf 79' lang='grc' dir='ltr'><strong><em>ἐπανῆλθεν</em></strong></span> <span class='ocrx_word' id='word_1_87' title='bbox 390 895 451 944; x_wconf 83' lang='grc' dir='ltr'><strong><em>εἰς</em></strong></span> <span class='ocrx_word' id='word_1_88' title='bbox 466 894 797 937; x_wconf 86' lang='grc' dir='ltr'><strong><em>Καππαδοκίαν.</em></strong></span> <span class='ocrx_word' id='word_1_89' title='bbox 829 890 852 935; x_wconf 97' lang='lat'><strong><em>6</em></strong></span> <span class='ocrx_word' id='word_1_90' title='bbox 868 890 913 935; x_wconf 84' lang='lat'><strong><em>6&#39;</em></strong></span> <span class='ocrx_word' id='word_1_91' title='bbox 934 890 1137 946; x_wconf 81' lang='grc' dir='ltr'><strong><em>Εὐμένης</em></strong></span> <span class='ocrx_word' id='word_1_92' title='bbox 1157 887 1400 940; x_wconf 82' lang='grc' dir='ltr'><strong><em>συντόνους</em></strong></span> <span class='ocrx_word' id='word_1_93' title='bbox 1418 888 1497 940; x_wconf 82' lang='grc' dir='ltr'><strong><em>τάς</em></strong></span> 
     </span>
     <span class='ocr_line' id='line_1_14' title="bbox 123 943 1580 1022; baseline -0.004 -29"><span class='ocrx_word' id='word_1_94' title='bbox 123 947 380 1022; x_wconf 79' lang='grc' dir='ltr'><strong><em>ὁδοιπορίας</em></strong></span> <span class='ocrx_word' id='word_1_95' title='bbox 409 948 722 1019; x_wconf 75' lang='grc' dir='ltr'><strong><em>ποιησάμενος,</em></strong></span> <span class='ocrx_word' id='word_1_96' title='bbox 750 948 825 993; x_wconf 82' lang='grc' dir='ltr'><strong><em>καὶ</em></strong></span> <span class='ocrx_word' id='word_1_97' title='bbox 852 947 958 1002; x_wconf 82' lang='grc' dir='ltr'><strong><em>ταχὺ</em></strong></span> <span class='ocrx_word' id='word_1_98' title='bbox 994 947 1072 990; x_wconf 82' lang='grc' dir='ltr'><strong><em>τόν</em></strong></span> <span class='ocrx_word' id='word_1_99' title='bbox 1106 949 1283 1000; x_wconf 83' lang='grc' dir='ltr'><strong><em>Ταῦρον</em></strong></span> <span class='ocrx_word' id='word_1_100' title='bbox 1309 943 1498 999; x_wconf 80' lang='grc' dir='ltr'><strong><em>ὑπερβα-</em></strong></span> <span class='ocrx_word' id='word_1_101' title='bbox 1526 952 1580 996; x_wconf 91' lang='grc'><strong><em>55</em></strong></span> 
     </span>
     <span class='ocr_line' id='line_1_15' title="bbox 125 1001 1500 1078; baseline -0.002 -29"><span class='ocrx_word' id='word_1_102' title='bbox 125 1004 238 1059; x_wconf 83' lang='grc' dir='ltr'><strong><em>λιόν,</em></strong></span> <span class='ocrx_word' id='word_1_103' title='bbox 276 1010 380 1078; x_wconf 83' lang='grc' dir='ltr'><strong><em>ἡκεν</em></strong></span> <span class='ocrx_word' id='word_1_104' title='bbox 420 1007 480 1057; x_wconf 86' lang='grc' dir='ltr'><strong><em>εἰς</em></strong></span> <span class='ocrx_word' id='word_1_105' title='bbox 507 1006 586 1075; x_wconf 77' lang='grc' dir='ltr'><strong><em>τὴν</em></strong></span> <span class='ocrx_word' id='word_1_106' title='bbox 615 1007 830 1049; x_wconf 82' lang='grc' dir='ltr'><strong><em>Κιλικίαν</em></strong></span> <span class='ocrx_word' id='word_1_107' title='bbox 890 1006 933 1047; x_wconf 83' lang='grc' dir='ltr'><strong><em>οἱ</em></strong></span> <span class='ocrx_word' id='word_1_108' title='bbox 965 1004 1010 1047; x_wconf 74' lang='grc' dir='ltr'><strong><em>δὲ</em></strong></span> <span class='ocrx_word' id='word_1_109' title='bbox 1039 1007 1128 1046; x_wconf 77' lang='grc' dir='ltr'><strong><em>τῶν</em></strong></span> <span class='ocrx_word' id='word_1_110' title='bbox 1162 1001 1500 1057; x_wconf 81' lang='grc' dir='ltr'><strong><em>ἀργυρασπίδων</em></strong></span> 
     </span>
     <span class='ocr_line' id='line_1_16' title="bbox 124 1059 1501 1131; baseline -0.004 -25"><span class='ocrx_word' id='word_1_111' title='bbox 124 1060 332 1131; x_wconf 78' lang='grc' dir='ltr'><strong><em>ἡγεμόνες</em></strong></span> <span class='ocrx_word' id='word_1_112' title='bbox 366 1060 604 1131; x_wconf 79' lang='grc' dir='ltr'><strong><em>Ἀντιγένης</em></strong></span> <span class='ocrx_word' id='word_1_113' title='bbox 650 1062 723 1104; x_wconf 86' lang='grc' dir='ltr'><strong><em>καὶ</em></strong></span> <span class='ocrx_word' id='word_1_114' title='bbox 766 1059 989 1129; x_wconf 84' lang='grc' dir='ltr'><strong><em>Τεύταμος</em></strong></span> <span class='ocrx_word' id='word_1_115' title='bbox 1025 1062 1368 1128; x_wconf 85' lang='grc' dir='ltr'><strong><em>πειθαρχοῦντες</em></strong></span> <span class='ocrx_word' id='word_1_116' title='bbox 1404 1063 1501 1109; x_wconf 89' lang='grc' dir='ltr'><strong><em>ταῖς</em></strong></span> 
     </span>
     <span class='ocr_line' id='line_1_17' title="bbox 122 1114 1501 1188; baseline -0.003 -27"><span class='ocrx_word' id='word_1_117' title='bbox 122 1117 245 1188; x_wconf 75' lang='grc' dir='ltr'><strong><em>παρὰ</em></strong></span> <span class='ocrx_word' id='word_1_118' title='bbox 269 1122 359 1162; x_wconf 75' lang='grc' dir='ltr'><strong><em>τῶν</em></strong></span> <span class='ocrx_word' id='word_1_119' title='bbox 385 1117 598 1188; x_wconf 84' lang='grc' dir='ltr'><strong><em>βασιλέων</em></strong></span> <span class='ocrx_word' id='word_1_120' title='bbox 625 1116 869 1187; x_wconf 81' lang='grc' dir='ltr'><strong><em>ἐπιστολαῖς</em></strong></span> <span class='ocrx_word' id='word_1_121' title='bbox 897 1114 1140 1170; x_wconf 90' lang='grc' dir='ltr'><strong><em>ἀπάντησιν</em></strong></span> <span class='ocrx_word' id='word_1_122' title='bbox 1157 1114 1415 1184; x_wconf 87' lang='grc' dir='ltr'><strong><em>ἐποιήσαντο</em></strong></span> <span class='ocrx_word' id='word_1_123' title='bbox 1436 1116 1501 1171; x_wconf 74' lang='grc' dir='ltr'><strong><em>τῷ</em></strong></span> 
     </span>
     <span class='ocr_line' id='line_1_18' title="bbox 123 1159 1500 1244; baseline -0.004 -26"><span class='ocrx_word' id='word_1_124' title='bbox 123 1172 313 1244; x_wconf 79' lang='grc' dir='ltr'><strong><em>Εὐμένει</em></strong></span> <span class='ocrx_word' id='word_1_125' title='bbox 341 1174 445 1230; x_wconf 85' lang='grc' dir='ltr'><strong><em>μετά</em></strong></span> <span class='ocrx_word' id='word_1_126' title='bbox 473 1178 560 1218; x_wconf 80' lang='grc' dir='ltr'><strong><em>τῶν</em></strong></span> <span class='ocrx_word' id='word_1_127' title='bbox 589 1175 731 1242; x_wconf 82' lang='grc' dir='ltr'><strong><em>φίλων</em></strong></span> <span class='ocrx_word' id='word_1_128' title='bbox 759 1173 806 1216; x_wconf 91' lang='grc' dir='ltr'><strong><em>ἐκ</em></strong></span> <span class='ocrx_word' id='word_1_129' title='bbox 826 1175 994 1215; x_wconf 90' lang='grc' dir='ltr'><strong><em>πολλοῦ</em></strong></span> <span class='ocrx_word' id='word_1_130' title='bbox 1021 1170 1330 1243; x_wconf 81' lang='grc' dir='ltr'><strong><em>διαστήματος.</em></strong></span> <span class='ocrx_word' id='word_1_131' title='bbox 1365 1159 1500 1214; x_wconf 74' lang='grc' dir='ltr'><strong><em>ἀσπά-</em></strong></span> 
     </span>
     <span class='ocr_line' id='line_1_19' title="bbox 124 1226 1581 1301; baseline -0.004 -26"><span class='ocrx_word' id='word_1_132' title='bbox 124 1230 306 1285; x_wconf 88' lang='grc' dir='ltr'><strong><em>σάμενοι</em></strong></span> <span class='ocrx_word' id='word_1_133' title='bbox 342 1231 388 1275; x_wconf 81' lang='grc' dir='ltr'><strong><em>δὲ</em></strong></span> <span class='ocrx_word' id='word_1_134' title='bbox 426 1229 711 1301; x_wconf 82' lang='grc' dir='ltr'><strong><em>φιλοφρόνως</em></strong></span> <span class='ocrx_word' id='word_1_135' title='bbox 748 1229 824 1273; x_wconf 88' lang='grc' dir='ltr'><strong><em>καὶ</em></strong></span> <span class='ocrx_word' id='word_1_136' title='bbox 861 1226 1142 1284; x_wconf 80' lang='grc' dir='ltr'><strong><em>συγχαρέντες</em></strong></span> <span class='ocrx_word' id='word_1_137' title='bbox 1170 1228 1241 1271; x_wconf 84' lang='grc' dir='ltr'><strong><em>ἐπὶ</em></strong></span> <span class='ocrx_word' id='word_1_138' title='bbox 1269 1230 1330 1284; x_wconf 78' lang='grc' dir='ltr'><strong><em>τῷ</em></strong></span> <span class='ocrx_word' id='word_1_139' title='bbox 1360 1228 1498 1270; x_wconf 89' lang='grc' dir='ltr'><strong><em>διασε-</em></strong></span> <span class='ocrx_word' id='word_1_140' title='bbox 1526 1234 1581 1276; x_wconf 88' lang='grc'><strong><em>60</em></strong></span> 
     </span>
     <span class='ocr_line' id='line_1_20' title="bbox 125 1271 1496 1353; baseline -0.004 -22"><span class='ocrx_word' id='word_1_141' title='bbox 125 1291 297 1331; x_wconf 70' lang='grc' dir='ltr'><strong><em>σοῦσθαι</em></strong></span> <span class='ocrx_word' id='word_1_142' title='bbox 330 1286 590 1340; x_wconf 81' lang='grc' dir='ltr'><strong><em>παραδόξως</em></strong></span> <span class='ocrx_word' id='word_1_143' title='bbox 635 1285 772 1330; x_wconf 80' lang='grc' dir='ltr'><strong><em>αὐτὸν</em></strong></span> <span class='ocrx_word' id='word_1_144' title='bbox 809 1285 856 1328; x_wconf 89' lang='grc' dir='ltr'><strong><em>ἐκ</em></strong></span> <span class='ocrx_word' id='word_1_145' title='bbox 894 1289 983 1328; x_wconf 78' lang='grc' dir='ltr'><strong><em>τῶν</em></strong></span> <span class='ocrx_word' id='word_1_146' title='bbox 1019 1286 1231 1353; x_wconf 87' lang='grc' dir='ltr'><strong><em>μεγίστων</em></strong></span> <span class='ocrx_word' id='word_1_147' title='bbox 1263 1271 1496 1336; x_wconf 77' lang='grc' dir='ltr'><strong><em>κινδύνων,</em></strong></span> 
     </span>
     <span class='ocr_line' id='line_1_21' title="bbox 125 1339 1497 1414; baseline -0.003 -26"><span class='ocrx_word' id='word_1_148' title='bbox 125 1342 433 1414; x_wconf 79' lang='grc' dir='ltr'><strong><em>ἐπηγγέλλοντο</em></strong></span> <span class='ocrx_word' id='word_1_149' title='bbox 462 1343 606 1387; x_wconf 85' lang='grc' dir='ltr'><strong><em>πάντα</em></strong></span> <span class='ocrx_word' id='word_1_150' title='bbox 635 1341 902 1412; x_wconf 82' lang='grc' dir='ltr'><strong><em>συμπράξειν</em></strong></span> <span class='ocrx_word' id='word_1_151' title='bbox 931 1339 1052 1412; x_wconf 74' lang='grc' dir='ltr'><strong><em>αὐτῷ</em></strong></span> <span class='ocrx_word' id='word_1_152' title='bbox 1077 1340 1337 1396; x_wconf 82' lang='grc' dir='ltr'><strong><em>προθύμως</em></strong></span> <span class='ocrx_word' id='word_1_153' title='bbox 1380 1341 1427 1383; x_wconf 81' lang='grc' dir='ltr'><strong><em>οἴ</em></strong></span> <span class='ocrx_word' id='word_1_154' title='bbox 1450 1355 1497 1384; x_wconf 85' lang='grc' dir='ltr'><strong><em>τε</em></strong></span> 
     </span>
     <span class='ocr_line' id='line_1_22' title="bbox 126 1393 1500 1470; baseline -0.004 -26"><span class='ocrx_word' id='word_1_155' title='bbox 126 1398 445 1470; x_wconf 83' lang='grc' dir='ltr'><strong><em>ἀργυράσπιδες</em></strong></span> <span class='ocrx_word' id='word_1_156' title='bbox 473 1398 729 1468; x_wconf 84' lang='grc' dir='ltr'><strong><em>Μακεδόνες</em></strong></span> <span class='ocrx_word' id='word_1_157' title='bbox 766 1397 888 1448; x_wconf 85' lang='grc' dir='ltr'><strong><em>ὅντες</em></strong></span> <span class='ocrx_word' id='word_1_158' title='bbox 924 1397 1021 1451; x_wconf 86' lang='grc' dir='ltr'><strong><em>περὶ</em></strong></span> <span class='ocrx_word' id='word_1_159' title='bbox 1048 1399 1306 1452; x_wconf 88' lang='grc' dir='ltr'><strong><em>τριςχιλίους</em></strong></span> <span class='ocrx_word' id='word_1_160' title='bbox 1328 1393 1500 1467; x_wconf 88' lang='grc' dir='ltr'><strong><em>ὁμοίως</em></strong></span> 
     </span>
     <span class='ocr_line' id='line_1_23' title="bbox 124 1450 1494 1527; baseline -0.003 -27"><span class='ocrx_word' id='word_1_161' title='bbox 124 1454 378 1526; x_wconf 73' lang='grc' dir='ltr'><strong><em>ἀπήντησαν</em></strong></span> <span class='ocrx_word' id='word_1_162' title='bbox 408 1472 514 1527; x_wconf 87' lang='grc' dir='ltr'><strong><em>μετα</em></strong></span> <span class='ocrx_word' id='word_1_163' title='bbox 539 1453 880 1524; x_wconf 80' lang='grc' dir='ltr'><strong><em>φιλοφροσύνης</em></strong></span> <span class='ocrx_word' id='word_1_164' title='bbox 907 1469 952 1496; x_wconf 90' lang='grc' dir='ltr'><strong><em>τε</em></strong></span> <span class='ocrx_word' id='word_1_165' title='bbox 980 1453 1055 1497; x_wconf 84' lang='grc' dir='ltr'><strong><em>καὶ</em></strong></span> <span class='ocrx_word' id='word_1_166' title='bbox 1084 1453 1236 1524; x_wconf 89' lang='grc' dir='ltr'><strong><em>ὁρμῆς.</em></strong></span> <span class='ocrx_word' id='word_1_167' title='bbox 1275 1450 1494 1503; x_wconf 84' lang='grc' dir='ltr'><strong><em>πάντεςδ’</em></strong></span> 
     </span>
     <span class='ocr_line' id='line_1_24' title="bbox 126 1508 1580 1583; baseline -0.004 -27"><span class='ocrx_word' id='word_1_168' title='bbox 126 1511 378 1583; x_wconf 82' lang='grc' dir='ltr'><strong><em>ἐθαύμαζον</em></strong></span> <span class='ocrx_word' id='word_1_169' title='bbox 414 1512 464 1556; x_wconf 80' lang='grc' dir='ltr'><strong><em>τὸ</em></strong></span> <span class='ocrx_word' id='word_1_170' title='bbox 504 1516 581 1569; x_wconf 83' lang='grc' dir='ltr'><strong><em>τῆς</em></strong></span> <span class='ocrx_word' id='word_1_171' title='bbox 618 1510 748 1567; x_wconf 86' lang='grc' dir='ltr'><strong><em>τύχης</em></strong></span> <span class='ocrx_word' id='word_1_172' title='bbox 784 1508 1076 1578; x_wconf 77' lang='grc' dir='ltr'><strong><em>εὐμετάβολον</em></strong></span> <span class='ocrx_word' id='word_1_173' title='bbox 1115 1509 1191 1553; x_wconf 86' lang='grc' dir='ltr'><strong><em>καὶ</em></strong></span> <span class='ocrx_word' id='word_1_174' title='bbox 1229 1509 1494 1561; x_wconf 84' lang='grc' dir='ltr'><strong><em>παράδοξον,</em></strong></span> <span class='ocrx_word' id='word_1_175' title='bbox 1524 1513 1580 1557; x_wconf 87' lang='grc'><strong><em>65</em></strong></span> 
     </span>
     <span class='ocr_line' id='line_1_25' title="bbox 127 1562 1497 1624; baseline -0.004 -11"><span class='ocrx_word' id='word_1_176' title='bbox 127 1567 313 1624; x_wconf 78' lang='grc' dir='ltr'><strong><em>ὁρῶντες</em></strong></span> <span class='ocrx_word' id='word_1_177' title='bbox 340 1567 445 1620; x_wconf 89' lang='grc' dir='ltr'><strong><em>τούς</em></strong></span> <span class='ocrx_word' id='word_1_178' title='bbox 473 1585 517 1613; x_wconf 84' lang='grc' dir='ltr'><strong><em>τε</em></strong></span> <span class='ocrx_word' id='word_1_179' title='bbox 546 1572 737 1624; x_wconf 87' lang='grc' dir='ltr'><strong><em>βασιλεῖς</em></strong></span> <span class='ocrx_word' id='word_1_180' title='bbox 765 1568 841 1610; x_wconf 83' lang='grc' dir='ltr'><strong><em>καὶ</em></strong></span> <span class='ocrx_word' id='word_1_181' title='bbox 858 1583 960 1617; x_wconf 87' lang='grc' dir='ltr'><strong><em>τους</em></strong></span> <span class='ocrx_word' id='word_1_182' title='bbox 975 1565 1238 1616; x_wconf 87' lang='grc' dir='ltr'><strong><em>Μακεδόνας</em></strong></span> <span class='ocrx_word' id='word_1_183' title='bbox 1266 1562 1397 1620; x_wconf 83' lang='grc' dir='ltr'><strong><em>ὀλίγῳ</em></strong></span> <span class='ocrx_word' id='word_1_184' title='bbox 1416 1580 1497 1618; x_wconf 92' lang='grc' dir='ltr'><strong><em>μεν</em></strong></span> 
     </span>
     <span class='ocr_line' id='line_1_26' title="bbox 124 1621 1498 1697; baseline -0.004 -28"><span class='ocrx_word' id='word_1_185' title='bbox 124 1625 272 1697; x_wconf 84' lang='grc' dir='ltr'><strong><em>χρόνῳ</em></strong></span> <span class='ocrx_word' id='word_1_186' title='bbox 300 1624 517 1679; x_wconf 88' lang='grc' dir='ltr'><strong><em>πρότερον</em></strong></span> <span class='ocrx_word' id='word_1_187' title='bbox 533 1623 856 1695; x_wconf 82' lang='grc' dir='ltr'><strong><em>κατεγνωκότας</em></strong></span> <span class='ocrx_word' id='word_1_188' title='bbox 878 1621 1107 1677; x_wconf 79' lang='grc' dir='ltr'><strong><em>Εὐμένους</em></strong></span> <span class='ocrx_word' id='word_1_189' title='bbox 1134 1622 1208 1665; x_wconf 81' lang='grc' dir='ltr'><strong><em>καὶ</em></strong></span> <span class='ocrx_word' id='word_1_190' title='bbox 1235 1637 1340 1665; x_wconf 92' lang='grc' dir='ltr'><strong><em>των</em></strong></span> <span class='ocrx_word' id='word_1_191' title='bbox 1354 1622 1498 1676; x_wconf 90' lang='grc' dir='ltr'><strong><em>φίλων</em></strong></span> 
     </span>
     <span class='ocr_line' id='line_1_27' title="bbox 96 1678 1497 1734; baseline -0.004 -9"><span class='ocrx_word' id='word_1_192' title='bbox 96 1707 100 1714; x_wconf 89' lang='grc'>-</span> <span class='ocrx_word' id='word_1_193' title='bbox 127 1681 268 1726; x_wconf 78' lang='grc' dir='ltr'><strong><em>αὐτοῦ</em></strong></span> <span class='ocrx_word' id='word_1_194' title='bbox 302 1682 519 1730; x_wconf 81' lang='grc' dir='ltr'><strong><em>θάνατον,</em></strong></span> <span class='ocrx_word' id='word_1_195' title='bbox 569 1680 666 1725; x_wconf 90' lang='grc' dir='ltr'><strong><em>τότε</em></strong></span> <span class='ocrx_word' id='word_1_196' title='bbox 702 1679 743 1724; x_wconf 91' lang='grc' dir='ltr'><strong><em>δ’</em></strong></span> <span class='ocrx_word' id='word_1_197' title='bbox 776 1678 1124 1733; x_wconf 80' lang='grc' dir='ltr'><strong><em>ἐπιλαθομένους</em></strong></span> <span class='ocrx_word' id='word_1_198' title='bbox 1157 1681 1231 1734; x_wconf 80' lang='grc' dir='ltr'><strong><em>τῆς</em></strong></span> <span class='ocrx_word' id='word_1_199' title='bbox 1260 1678 1374 1727; x_wconf 86' lang='grc' dir='ltr'><strong><em>ἰδίας</em></strong></span> <span class='ocrx_word' id='word_1_200' title='bbox 1404 1678 1497 1731; x_wconf 83' lang='grc' dir='ltr'><strong><em>κρί-</em></strong></span> 
     </span>
     <span class='ocr_line' id='line_1_28' title="bbox 127 1731 1580 1806; baseline -0.002 -24"><span class='ocrx_word' id='word_1_201' title='bbox 127 1750 234 1790; x_wconf 88' lang='grc' dir='ltr'><strong><em>σεως</em></strong></span> <span class='ocrx_word' id='word_1_202' title='bbox 253 1737 311 1795; x_wconf 90' lang='grc' dir='ltr'><strong><em>μὴ</em></strong></span> <span class='ocrx_word' id='word_1_203' title='bbox 330 1737 470 1794; x_wconf 90' lang='grc' dir='ltr'><strong><em>μόνον</em></strong></span> <span class='ocrx_word' id='word_1_204' title='bbox 494 1736 647 1796; x_wconf 77' lang='grc' dir='ltr'><strong><em>ἀθῷον</em></strong></span> <span class='ocrx_word' id='word_1_205' title='bbox 666 1736 901 1806; x_wconf 79' lang='grc' dir='ltr'><strong><em>ἀφεικότας</em></strong></span> <span class='ocrx_word' id='word_1_206' title='bbox 931 1739 1007 1791; x_wconf 83' lang='grc' dir='ltr'><strong><em>τῆς</em></strong></span> <span class='ocrx_word' id='word_1_207' title='bbox 1036 1737 1259 1789; x_wconf 88' lang='grc' dir='ltr'><strong><em>τιμωρίας,</em></strong></span> <span class='ocrx_word' id='word_1_208' title='bbox 1288 1731 1397 1776; x_wconf 83' lang='grc' dir='ltr'><strong><em>ἀλλά</em></strong></span> <span class='ocrx_word' id='word_1_209' title='bbox 1422 1734 1496 1777; x_wconf 86' lang='grc' dir='ltr'><strong><em>καὶ</em></strong></span> <span class='ocrx_word' id='word_1_210' title='bbox 1523 1739 1580 1779; x_wconf 88' lang='lat'><strong><em>70</em></strong></span> 
     </span>
     <span class='ocr_line' id='line_1_29' title="bbox 125 1784 1499 1866; baseline -0.004 -28"><span class='ocrx_word' id='word_1_211' title='bbox 125 1794 271 1853; x_wconf 84' lang='grc' dir='ltr'><strong><em>πάσης</em></strong></span> <span class='ocrx_word' id='word_1_212' title='bbox 309 1799 384 1851; x_wconf 85' lang='grc' dir='ltr'><strong><em>τῆς</em></strong></span> <span class='ocrx_word' id='word_1_213' title='bbox 422 1784 642 1866; x_wconf 86' lang='grc' dir='ltr'><strong><em>βασιλείας</em></strong></span> <span class='ocrx_word' id='word_1_214' title='bbox 669 1794 749 1850; x_wconf 82' lang='grc' dir='ltr'><strong><em>τήν</em></strong></span> <span class='ocrx_word' id='word_1_215' title='bbox 771 1792 1024 1866; x_wconf 88' lang='grc' dir='ltr'><strong><em>ηγεμονίαν</em></strong></span> <span class='ocrx_word' id='word_1_216' title='bbox 1039 1790 1160 1850; x_wconf 74' lang='grc' dir='ltr'><strong><em>αὐτῷ</em></strong></span> <span class='ocrx_word' id='word_1_217' title='bbox 1187 1788 1499 1844; x_wconf 87' lang='grc' dir='ltr'><strong><em>παραδεδωκό-</em></strong></span> 
     </span>
     <span class='ocr_line' id='line_1_30' title="bbox 127 1836 1498 1919; baseline -0.005 -24"><span class='ocrx_word' id='word_1_218' title='bbox 127 1868 216 1901; x_wconf 89' lang='grc' dir='ltr'><strong><em>τας.</em></strong></span> <span class='ocrx_word' id='word_1_219' title='bbox 273 1852 346 1894; x_wconf 88' lang='grc' dir='ltr'><strong><em>καὶ</em></strong></span> <span class='ocrx_word' id='word_1_220' title='bbox 380 1849 500 1894; x_wconf 81' lang='grc' dir='ltr'><strong><em>τοῦτ’</em></strong></span> <span class='ocrx_word' id='word_1_221' title='bbox 541 1849 728 1919; x_wconf 85' lang='grc' dir='ltr'><strong><em>εὐλόγως</em></strong></span> <span class='ocrx_word' id='word_1_222' title='bbox 770 1850 958 1903; x_wconf 75' lang='grc' dir='ltr'><strong><em>ἔπασχον</em></strong></span> <span class='ocrx_word' id='word_1_223' title='bbox 994 1836 1181 1898; x_wconf 83' lang='grc' dir='ltr'><strong><em>ἅπαντες</em></strong></span> <span class='ocrx_word' id='word_1_224' title='bbox 1218 1848 1263 1890; x_wconf 81' lang='grc' dir='ltr'><strong><em>οῖ</em></strong></span> <span class='ocrx_word' id='word_1_225' title='bbox 1297 1845 1394 1889; x_wconf 86' lang='grc' dir='ltr'><strong><em>τότε</em></strong></span> <span class='ocrx_word' id='word_1_226' title='bbox 1420 1845 1498 1897; x_wconf 81' lang='grc' dir='ltr'><strong><em>τὰς</em></strong></span> 
     </span>
     <span class='ocr_line' id='line_1_31' title="bbox 130 1900 1497 1975; baseline -0.004 -24"><span class='ocrx_word' id='word_1_227' title='bbox 130 1906 362 1961; x_wconf 81' lang='grc' dir='ltr'><strong><em>Εὐμένους</em></strong></span> <span class='ocrx_word' id='word_1_228' title='bbox 390 1905 756 1975; x_wconf 80' lang='grc' dir='ltr'><strong><em>ἐπισκοπούμενοι</em></strong></span> <span class='ocrx_word' id='word_1_229' title='bbox 784 1905 1065 1974; x_wconf 88' lang='grc' dir='ltr'><strong><em>περιπετείας.</em></strong></span> <span class='ocrx_word' id='word_1_230' title='bbox 1120 1905 1186 1954; x_wconf 91' lang='grc' dir='ltr'><strong><em>τίς</em></strong></span> <span class='ocrx_word' id='word_1_231' title='bbox 1214 1901 1298 1958; x_wconf 82' lang='grc' dir='ltr'><strong><em>γάρ</em></strong></span> <span class='ocrx_word' id='word_1_232' title='bbox 1330 1901 1412 1946; x_wconf 86' lang='grc' dir='ltr'><strong><em>ούκ</em></strong></span> <span class='ocrx_word' id='word_1_233' title='bbox 1440 1900 1497 1945; x_wconf 75' lang='grc' dir='ltr'><strong><em>ἂν</em></strong></span> 
     </span>
     <span class='ocr_line' id='line_1_32' title="bbox 52 1958 1497 2032; baseline -0.005 -24"><span class='ocrx_word' id='word_1_234' title='bbox 52 1974 120 2010; x_wconf 77' lang='grc' dir='ltr'><strong><em>3οὲ</em></strong></span> <span class='ocrx_word' id='word_1_235' title='bbox 131 1963 279 2020; x_wconf 69' lang='grc' dir='ltr'><strong><em>λαβών</em></strong></span> <span class='ocrx_word' id='word_1_236' title='bbox 317 1963 491 2007; x_wconf 76' lang='grc' dir='ltr'><strong><em>ἔννοιαν</em></strong></span> <span class='ocrx_word' id='word_1_237' title='bbox 527 1967 604 2020; x_wconf 86' lang='grc' dir='ltr'><strong><em>τῆς</em></strong></span> <span class='ocrx_word' id='word_1_238' title='bbox 641 1979 751 2006; x_wconf 85' lang='grc' dir='ltr'><strong><em>κατα</em></strong></span> <span class='ocrx_word' id='word_1_239' title='bbox 777 1961 856 2032; x_wconf 81' lang='grc' dir='ltr'><strong><em>τὸν</em></strong></span> <span class='ocrx_word' id='word_1_240' title='bbox 885 1958 1178 2030; x_wconf 81' lang='grc' dir='ltr'><strong><em>ἀνθρώπινον</em></strong></span> <span class='ocrx_word' id='word_1_241' title='bbox 1198 1961 1297 2014; x_wconf 86' lang='grc' dir='ltr'><strong><em>βίον</em></strong></span> <span class='ocrx_word' id='word_1_242' title='bbox 1324 1958 1497 2012; x_wconf 85' lang='grc' dir='ltr'><strong><em>ἀνωμα-</em></strong></span> 
     </span>
     <span class='ocr_line' id='line_1_33' title="bbox 131 2014 1581 2091; baseline -0.003 -27"><span class='ocrx_word' id='word_1_243' title='bbox 131 2021 226 2070; x_wconf 86' lang='grc' dir='ltr'><strong><em>λίας</em></strong></span> <span class='ocrx_word' id='word_1_244' title='bbox 249 2021 553 2091; x_wconf 89' lang='grc' dir='ltr'><strong><em>καταπλαγείη</em></strong></span> <span class='ocrx_word' id='word_1_245' title='bbox 587 2036 667 2089; x_wconf 77' lang='grc' dir='ltr'><strong><em>την</em></strong></span> <span class='ocrx_word' id='word_1_246' title='bbox 694 2016 765 2062; x_wconf 87' lang='grc' dir='ltr'><strong><em>ἐπ’</em></strong></span> <span class='ocrx_word' id='word_1_247' title='bbox 781 2015 1021 2086; x_wconf 89' lang='grc' dir='ltr'><strong><em>ἀμφότερα</em></strong></span> <span class='ocrx_word' id='word_1_248' title='bbox 1046 2033 1099 2060; x_wconf 88' lang='grc' dir='ltr'><strong><em>τα</em></strong></span> <span class='ocrx_word' id='word_1_249' title='bbox 1128 2015 1237 2088; x_wconf 80' lang='grc' dir='ltr'><strong><em>μέρη</em></strong></span> <span class='ocrx_word' id='word_1_250' title='bbox 1264 2018 1339 2070; x_wconf 86' lang='grc' dir='ltr'><strong><em>τῆς</em></strong></span> <span class='ocrx_word' id='word_1_251' title='bbox 1367 2014 1497 2071; x_wconf 88' lang='grc' dir='ltr'><strong><em>τύχης</em></strong></span> <span class='ocrx_word' id='word_1_252' title='bbox 1524 2017 1581 2060; x_wconf 88' lang='lat'><strong><em>75</em></strong></span> 
     </span>
     <span class='ocr_line' id='line_1_34' title="bbox 130 2071 1500 2141; baseline -0.004 -21"><span class='ocrx_word' id='word_1_253' title='bbox 130 2075 419 2130; x_wconf 80' lang='grc' dir='ltr'><strong><em>παλίρροιαν;</em></strong></span> <span class='ocrx_word' id='word_1_254' title='bbox 459 2077 490 2133; x_wconf 79' lang='grc' dir='ltr'><strong><em>ἢ</em></strong></span> <span class='ocrx_word' id='word_1_255' title='bbox 517 2077 581 2127; x_wconf 88' lang='grc' dir='ltr'><strong><em>τίς</em></strong></span> <span class='ocrx_word' id='word_1_256' title='bbox 610 2076 665 2119; x_wconf 80' lang='grc' dir='ltr'><strong><em>ἂν</em></strong></span> <span class='ocrx_word' id='word_1_257' title='bbox 693 2079 787 2126; x_wconf 83' lang='grc' dir='ltr'><strong><em>ταῖς</em></strong></span> <span class='ocrx_word' id='word_1_258' title='bbox 814 2074 924 2119; x_wconf 81' lang='grc' dir='ltr'><strong><em>κατὰ</em></strong></span> <span class='ocrx_word' id='word_1_259' title='bbox 949 2072 1030 2129; x_wconf 81' lang='grc' dir='ltr'><strong><em>τὴν</em></strong></span> <span class='ocrx_word' id='word_1_260' title='bbox 1058 2071 1258 2141; x_wconf 81' lang='grc' dir='ltr'><strong><em>εὐτυχίαν</em></strong></span> <span class='ocrx_word' id='word_1_261' title='bbox 1285 2071 1500 2123; x_wconf 82' lang='grc' dir='ltr'><strong><em>ἐξουσίαις</em></strong></span> 
     </span>
     <span class='ocr_line' id='line_1_35' title="bbox 130 2127 1500 2204; baseline -0.005 -27"><span class='ocrx_word' id='word_1_262' title='bbox 130 2132 364 2184; x_wconf 89' lang='grc' dir='ltr'><strong><em>πιστεύσας</em></strong></span> <span class='ocrx_word' id='word_1_263' title='bbox 406 2131 622 2204; x_wconf 87' lang='grc' dir='ltr'><strong><em>ἀναλάβοι</em></strong></span> <span class='ocrx_word' id='word_1_264' title='bbox 668 2130 877 2202; x_wconf 88' lang='grc' dir='ltr'><strong><em>φρόνημα</em></strong></span> <span class='ocrx_word' id='word_1_265' title='bbox 920 2133 1067 2199; x_wconf 85' lang='grc' dir='ltr'><strong><em>μεῖζον</em></strong></span> <span class='ocrx_word' id='word_1_266' title='bbox 1105 2133 1192 2198; x_wconf 87' lang='grc' dir='ltr'><strong><em>τῆς</em></strong></span> <span class='ocrx_word' id='word_1_267' title='bbox 1220 2127 1500 2183; x_wconf 85' lang='grc' dir='ltr'><strong><em>ἀνθρωπίνης</em></strong></span> 
     </span>
     <span class='ocr_line' id='line_1_36' title="bbox 132 2185 1501 2246; baseline -0.004 -14"><span class='ocrx_word' id='word_1_268' title='bbox 132 2187 380 2242; x_wconf 69' lang='grc' dir='ltr'><strong><em>ἀσθενείαςς</em></strong></span> <span class='ocrx_word' id='word_1_269' title='bbox 426 2189 450 2233; x_wconf 92' lang='lat'><em>6</em></span> <span class='ocrx_word' id='word_1_270' title='bbox 490 2188 573 2246; x_wconf 80' lang='grc' dir='ltr'><strong><em>γάρ</em></strong></span> <span class='ocrx_word' id='word_1_271' title='bbox 611 2188 761 2240; x_wconf 82' lang='grc' dir='ltr'><strong><em>κοινὸς</em></strong></span> <span class='ocrx_word' id='word_1_272' title='bbox 799 2189 895 2245; x_wconf 88' lang='grc' dir='ltr'><strong><em>βίος</em></strong></span> <span class='ocrx_word' id='word_1_273' title='bbox 932 2185 1073 2241; x_wconf 74' lang='grc' dir='ltr'><strong><em>ὥςπερ</em></strong></span> <span class='ocrx_word' id='word_1_274' title='bbox 1108 2185 1197 2230; x_wconf 82' lang='grc' dir='ltr'><strong><em>ὑπὸ</em></strong></span> <span class='ocrx_word' id='word_1_275' title='bbox 1233 2188 1353 2229; x_wconf 75' lang='grc' dir='ltr'><strong><em>θεῶν</em></strong></span> <span class='ocrx_word' id='word_1_276' title='bbox 1379 2200 1501 2236; x_wconf 87' lang='grc' dir='ltr'><strong><em>τινος</em></strong></span> 
     </span>
    </p>
   </div>
   <div class='ocr_carea' id='block_1_3' title="bbox 134 2351 1506 2839">
    <p class='ocr_par' dir='ltr' id='par_1_3' title="bbox 134 2351 1506 2722">
     <span class='ocr_line' id='line_1_37' title="bbox 134 2351 1500 2402; baseline -0.004 -10"><span class='ocrx_word' id='word_1_277' title='bbox 134 2356 192 2392; x_wconf 69' lang='lat'><strong><em>43.</em></strong></span> <span class='ocrx_word' id='word_1_278' title='bbox 236 2357 320 2401; x_wconf 78' lang='grc' dir='ltr'><strong><em>περὶ</em></strong></span> <span class='ocrx_word' id='word_1_279' title='bbox 341 2368 409 2393; x_wconf 85' lang='lat' dir='ltr'><strong><em>om.</em></strong></span> <span class='ocrx_word' id='word_1_280' title='bbox 431 2357 493 2392; x_wconf 83' lang='lat' dir='ltr'><strong><em>Fv</em></strong></span> <span class='ocrx_word' id='word_1_281' title='bbox 684 2354 748 2402; x_wconf 83' lang='grc' dir='ltr'><strong><em>δε]</em></strong></span> <span class='ocrx_word' id='word_1_282' title='bbox 780 2353 846 2400; x_wconf 70' lang='grc' dir='ltr'><strong><em>μὲν</em></strong></span> <span class='ocrx_word' id='word_1_283' title='bbox 870 2355 953 2391; x_wconf 77' lang='lat' dir='ltr'>Bas.</span> <span class='ocrx_word' id='word_1_284' title='bbox 1144 2354 1201 2390; x_wconf 67' lang='lat'><strong><em>47</em></strong></span> <span class='ocrx_word' id='word_1_285' title='bbox 1249 2351 1500 2397; x_wconf 80' lang='grc' dir='ltr'><strong><em>Μένανδρον]</em></strong></span> 
     </span>
     <span class='ocr_line' id='line_1_38' title="bbox 136 2398 1502 2459; baseline -0.004 -22"><span class='ocrx_word' id='word_1_286' title='bbox 136 2404 324 2459; x_wconf 54' lang='grc' dir='ltr'><strong><em>Λέανδρον</em></strong></span> <span class='ocrx_word' id='word_1_287' title='bbox 340 2403 480 2448; x_wconf 68' lang='lat' dir='ltr'><strong><em>1?va</em></strong></span> <span class='ocrx_word' id='word_1_288' title='bbox 660 2404 717 2440; x_wconf 68' lang='lat'><strong><em>48.</em></strong></span> <span class='ocrx_word' id='word_1_289' title='bbox 763 2401 923 2446; x_wconf 88' lang='grc' dir='ltr'><strong><em>πόλεμον</em></strong></span> <span class='ocrx_word' id='word_1_290' title='bbox 945 2402 1029 2436; x_wconf 78' lang='lat' dir='ltr'><strong>Bas.</strong></span> <span class='ocrx_word' id='word_1_291' title='bbox 1210 2398 1421 2454; x_wconf 84' lang='grc' dir='ltr'><strong><em>γενόμενον]</em></strong></span> <span class='ocrx_word' id='word_1_292' title='bbox 1445 2411 1502 2443; x_wconf 82' lang='grc' dir='ltr'><strong><em>γι-</em></strong></span> 
     </span>
     <span class='ocr_line' id='line_1_39' title="bbox 137 2415 1506 2552; baseline -0.004 -22"><span class='ocrx_word' id='word_1_293' title='bbox 137 2461 293 2493; x_wconf 65' lang='grc'><strong><em>””“””</em></strong></span> <span class='ocrx_word' id='word_1_294' title='bbox 317 2460 608 2532; x_wconf 51' lang='grc' dir='ltr'><strong><em>ζ’ἕωκαππαεο</em></strong></span> <span class='ocrx_word' id='word_1_295' title='bbox 619 2415 1228 2552; x_wconf 53' lang='lat' dir='ltr'><strong><em>⁵²„1³⁰⁰‘22⁰55352232m5³⁶1‡0¹¹</em></strong></span> <span class='ocrx_word' id='word_1_296' title='bbox 1250 2444 1506 2526; x_wconf 62' lang='lat' dir='ltr'><strong><em>&#39;‘⁹⁰³⁰²⁷0‘:‚²:5:3‘i</em></strong></span> 
     </span>
     <span class='ocr_line' id='line_1_40' title="bbox 139 2509 1501 2595; baseline -0.001 -21"><span class='ocrx_word' id='word_1_297' title='bbox 139 2551 230 2580; x_wconf 83' lang='grc' dir='ltr'><strong><em>νους</em></strong></span> <span class='ocrx_word' id='word_1_298' title='bbox 250 2539 329 2585; x_wconf 76' lang='grc' dir='ltr'><strong><em>τοὶς]</em></strong></span> <span class='ocrx_word' id='word_1_299' title='bbox 354 2521 535 2583; x_wconf 67' lang='grc' dir='ltr'><strong><em>συντόνως</em></strong></span> <span class='ocrx_word' id='word_1_300' title='bbox 556 2542 586 2576; x_wconf 84' lang='lat' dir='ltr'>F</span> <span class='ocrx_word' id='word_1_301' title='bbox 611 2509 673 2533; x_wconf 58' lang='lat' dir='ltr'><strong><em>ma</em></strong></span> <span class='ocrx_word' id='word_1_302' title='bbox 739 2509 802 2575; x_wconf 54' lang='lat'><em>5¹6⁷]</em></span> <span class='ocrx_word' id='word_1_303' title='bbox 841 2541 997 2583; x_wconf 81' lang='grc' dir='ltr'><strong><em>τέταμος</em></strong></span> <span class='ocrx_word' id='word_1_304' title='bbox 1025 2540 1109 2574; x_wconf 83' lang='lat' dir='ltr'>Bas.</span> <span class='ocrx_word' id='word_1_305' title='bbox 1264 2537 1321 2595; x_wconf 42' lang='grc'><strong><em>(5.1.</em></strong></span> <span class='ocrx_word' id='word_1_306' title='bbox 1362 2535 1501 2581; x_wconf 85' lang='grc' dir='ltr'><strong><em>πάντα]</em></strong></span> 
     </span>
     <span class='ocr_line' id='line_1_41' title="bbox 138 2582 1317 2630; baseline 0 -10"><span class='ocrx_word' id='word_1_307' title='bbox 138 2585 268 2626; x_wconf 82' lang='grc' dir='ltr'><strong><em>πάντες</em></strong></span> <span class='ocrx_word' id='word_1_308' title='bbox 290 2587 321 2620; x_wconf 83' lang='lat' dir='ltr'>Y</span> <span class='ocrx_word' id='word_1_309' title='bbox 342 2587 424 2623; x_wconf 71' lang='lat' dir='ltr'><strong>Bas.</strong></span> <span class='ocrx_word' id='word_1_310' title='bbox 604 2587 661 2622; x_wconf 84' lang='grc'><strong><em>62.</em></strong></span> <span class='ocrx_word' id='word_1_311' title='bbox 707 2586 750 2624; x_wconf 80' lang='grc' dir='ltr'><strong><em>οῖ’</em></strong></span> <span class='ocrx_word' id='word_1_312' title='bbox 766 2599 804 2624; x_wconf 91' lang='grc' dir='ltr'><strong><em>τε</em></strong></span> <span class='ocrx_word' id='word_1_313' title='bbox 826 2587 946 2630; x_wconf 80' lang='lat' dir='ltr'><strong>Fvw,</strong></span> <span class='ocrx_word' id='word_1_314' title='bbox 977 2584 1105 2619; x_wconf 81' lang='lat' dir='ltr'>caeteri</span> <span class='ocrx_word' id='word_1_315' title='bbox 1129 2582 1172 2618; x_wconf 90' lang='grc' dir='ltr'><strong><em>οι</em></strong></span> <span class='ocrx_word' id='word_1_316' title='bbox 1189 2596 1226 2619; x_wconf 82' lang='grc' dir='ltr'><strong><em>τε</em></strong></span> <span class='ocrx_word' id='word_1_317' title='bbox 1247 2583 1317 2628; x_wconf 78' lang='grc' dir='ltr'><strong><em>γάρ</em></strong></span> 
     </span>
     <span class='ocr_line' id='line_1_42' title="bbox 138 2628 1498 2676; baseline -0.002 -10"><span class='ocrx_word' id='word_1_318' title='bbox 138 2631 196 2668; x_wconf 83' lang='grc'><strong><em>69.</em></strong></span> <span class='ocrx_word' id='word_1_319' title='bbox 245 2632 397 2675; x_wconf 76' lang='grc' dir='ltr'><strong><em>ἀθῶον]</em></strong></span> <span class='ocrx_word' id='word_1_320' title='bbox 437 2628 567 2669; x_wconf 81' lang='grc' dir='ltr'><strong><em>αθωον</em></strong></span> <span class='ocrx_word' id='word_1_321' title='bbox 589 2633 670 2670; x_wconf 80' lang='lat' dir='ltr'><strong>Bas.</strong></span> <span class='ocrx_word' id='word_1_322' title='bbox 859 2632 919 2669; x_wconf 78' lang='grc'><strong><em>72.</em></strong></span> <span class='ocrx_word' id='word_1_323' title='bbox 965 2629 1297 2676; x_wconf 78' lang='grc' dir='ltr'><strong><em>ἐπισκοπούμενοι]</em></strong></span> <span class='ocrx_word' id='word_1_324' title='bbox 1328 2639 1498 2675; x_wconf 82' lang='grc' dir='ltr'><strong><em>περισκο·</em></strong></span> 
     </span>
     <span class='ocr_line' id='line_1_43' title="bbox 138 2675 403 2722; baseline -0.011 -8"><span class='ocrx_word' id='word_1_325' title='bbox 138 2675 319 2722; x_wconf 85' lang='grc' dir='ltr'><strong><em>πούμενοι</em></strong></span> <span class='ocrx_word' id='word_1_326' title='bbox 341 2679 403 2713; x_wconf 84' lang='lat' dir='ltr'><strong><em>Fv</em></strong></span> 
     </span>
    </p>

    <p class='ocr_par' dir='ltr' id='par_1_4' title="bbox 140 2739 1502 2839">
     <span class='ocr_line' id='line_1_44' title="bbox 230 2739 1502 2826; baseline 0.005 -46"><span class='ocrx_word' id='word_1_327' title='bbox 230 2745 310 2826; x_wconf 45' lang='lat'><strong><em>322.</em></strong></span> <span class='ocrx_word' id='word_1_328' title='bbox 343 2745 400 2781; x_wconf 71' lang='lat'><strong><em>74.</em></strong></span> <span class='ocrx_word' id='word_1_329' title='bbox 447 2746 714 2792; x_wconf 82' lang='grc' dir='ltr'><strong><em>καταπλαγείη]</em></strong></span> <span class='ocrx_word' id='word_1_330' title='bbox 740 2745 988 2791; x_wconf 78' lang='grc' dir='ltr'><strong><em>καταπλαγοίη</em></strong></span> <span class='ocrx_word' id='word_1_331' title='bbox 1012 2744 1042 2779; x_wconf 82' lang='lat' dir='ltr'>F</span> <span class='ocrx_word' id='word_1_332' title='bbox 1221 2742 1280 2779; x_wconf 73' lang='lat'><strong><em>75·</em></strong></span> <span class='ocrx_word' id='word_1_333' title='bbox 1323 2740 1369 2777; x_wconf 64' lang='lat' dir='ltr'><strong><em>tv?</em></strong></span> <span class='ocrx_word' id='word_1_334' title='bbox 1393 2739 1502 2786; x_wconf 69' lang='grc' dir='ltr'><strong><em>μέρη]</em></strong></span> 
     </span>
     <span class='ocr_line' id='line_1_45' title="bbox 140 2790 232 2839; baseline 0.022 -2"><span class='ocrx_word' id='word_1_335' title='bbox 140 2790 232 2839; x_wconf 68' lang='grc' dir='ltr'><strong><em>μέρη</em></strong></span> 
     </span>
    </p>
   </div>
   <div class='ocr_carea' id='block_1_4' title="bbox 1174 2849 1232 2889">
    <p class='ocr_par' dir='ltr' id='par_1_5' title="bbox 1174 2849 1232 2889">
     <span class='ocr_line' id='line_1_46' title="bbox 1174 2849 1232 2889; baseline 0.017 -1"><span class='ocrx_word' id='word_1_336' title='bbox 1174 2849 1232 2889; x_wconf 69' lang='grc'><strong><em>8-1</em></strong></span> 
     </span>
    </p>
   </div>
  </div>
 </body>
</html>
