1820 3249
207 1045 283 1082 106.

212 1963 290 1998 106.

293 110 406 152 1574
860 108 975 150 LIB.
1015 107 1145 151 XVI.

293 230 395 261 runt.
424 223 488 260 sed
516 222 741 259 Philomelus
770 223 967 261 Phocensis
994 227 1194 274 populares
1222 238 1305 261 suos
1335 226 1505 261 oratione
1532 237 1684 272 permo-

294 282 349 317 vit
385 288 427 316 ut
465 281 554 315 huic
587 281 788 315 sententiae
824 294 957 327 parere
995 281 1352 332 recusarent*[23.].
1400 283 1622 318 Philomelus
1661 296 1684 319 a

294 339 544 374 Phocensibus
571 338 775 384 imperator
803 346 968 384 creatus,
1002 341 1225 376 Archidamo
1255 352 1341 388 rege
1370 341 1685 375 Lacedaemonio-

295 408 382 431 rum
407 396 448 430 in
477 401 600 441 partes
629 407 710 430 suas
739 402 879 440 tracto,
920 404 1145 444 acceptaque
1184 399 1230 433 ab
1261 410 1303 433 eo
1335 397 1513 444 pecunia,
1544 398 1685 432 bellum

296 459 446 497 movet,
484 452 650 498 Delphos
689 453 726 487 vi
764 460 942 499 occupat,
980 455 1120 489 Locros
1155 456 1335 490 finitimos
1364 454 1508 500 proelio
1547 455 1685 498 fundit,

296 510 612 556 Amphictyonum
651 510 801 544 decreta
828 511 926 545 delet
953 517 990 545 et
1019 512 1177 558 abrogat
1207 509 1307 561 [24].
1346 511 1475 547 Boeoti
1511 511 1600 546 dum
1630 512 1686 544 in-

297 567 392 602 festo
424 567 590 601 exercitu
622 567 806 613 templum
835 579 1059 614 recuperare
1096 569 1320 612 decernunt,
1358 569 1584 603 Philomelus
1612 574 1687 602 ter-

299 636 361 659 ras
390 630 587 669 occupatas
615 624 761 668 munit,
790 625 914 671 copias
952 631 1085 671 auget,
1114 626 1251 659 Locros
1285 626 1423 660 iterum
1452 638 1579 672 pugna
1607 626 1687 658 vin-

301 682 373 726 cit,
415 692 618 727 eorumque
650 686 766 716 terras
803 688 935 717 vastat.
975 688 1057 716 tum
1092 682 1264 727 Pythiam
1303 682 1348 716 de
1378 683 1477 716 exitu
1509 683 1598 716 belli
1627 693 1687 715 re-

300 750 437 783 sponsa
481 738 570 772 dare
613 738 713 784 cogit
744 735 845 786 [254
875 739 1067 784 Digressio
1106 738 1151 772 de
1179 739 1323 773 oraculi
1355 739 1525 784 Delphici
1554 739 1688 784 primis

298 795 508 841 originibus
552 801 589 829 et
617 795 794 829 institutis
826 792 926 844 [26.].
962 795 1093 840 Pythia
1131 802 1260 830 contra
1292 807 1437 829 morem
1468 801 1599 829 coacta
1630 807 1688 829 re-

296 852 451 899 spondet
486 853 603 886 licere
638 863 879 898 quaecunque
915 852 1017 886 velit.
1061 852 1133 886 alio
1174 854 1325 898 insuper
1363 852 1532 899 prodigio
1570 853 1689 886 laetus

295 909 503 956 legationes
540 909 589 943 ad
627 909 890 954 Athenienses,
940 909 1274 954 Lacedaemonios,
1314 909 1514 945 Thebanos
1560 909 1691 953 mittit,

297 966 514 1000 nuntiantes
542 966 673 1011 templi
709 966 956 1012 patrocinium
985 978 1062 1000 non
1091 978 1178 1012 opes
1207 966 1348 1013 quaeri.
1388 966 1428 1000 hi
1457 966 1583 1013 itaque
1611 966 1691 1000 foe-

304 1023 390 1057 dere
419 1024 650 1070 iunguntur3
696 1029 733 1057 at
762 1024 893 1058 Boeoti
933 1030 969 1058 et
998 1024 1200 1058 Locrenses
1230 1031 1361 1058 contra
1389 1030 1558 1070 pugnant
1589 1020 1691 1070 [274.

302 1086 344 1114 ut
382 1092 452 1126 par
482 1086 574 1115 esset
602 1080 769 1115 hostibus
798 1081 1047 1125 Philomelus,
1086 1082 1221 1115 exactis
1250 1081 1380 1115 multis
1410 1081 1575 1126 pecuniis
1603 1091 1692 1113 cum

300 1137 466 1171 militum
496 1138 645 1184 copiam
675 1138 909 1173 conduxisset
937 1137 1133 1183 idoneam,
1170 1139 1311 1172 Locros
1341 1137 1389 1171 ad
1419 1144 1541 1182 petras
1573 1137 1692 1170 Phae-

300 1194 445 1228 driadas
485 1207 582 1230 novo
623 1195 766 1241 proelio
805 1196 906 1233 vicit.
953 1201 1037 1229 tum
1078 1205 1165 1229 vero
1204 1195 1335 1230 Boeoti
1374 1206 1502 1228 omnes
1540 1193 1693 1227 concilii

301 1252 601 1298 Amphictyonici
639 1252 758 1287 socios
798 1253 845 1288 ad
884 1252 1028 1286 bellum
1075 1263 1276 1285 commune
1317 1257 1450 1284 contra
1489 1250 1692 1295 sacrilegos

301 1315 503 1343 evocarunt
539 1306 640 1358 [⁰284.
679 1310 871 1356 utriusque
901 1309 1015 1355 partis
1044 1308 1136 1342 socii
1165 1314 1418 1343 recensentur.
1465 1306 1693 1340 adiiciuntur

300 1377 453 1410 causae,
494 1378 587 1413 quae
625 1366 938 1401 Lacedaemonios
968 1371 1164 1399 moverunt
1200 1372 1241 1399 ut
1272 1364 1518 1400 Phocensibus
1555 1375 1593 1397 se
1631 1363 1694 1396 ad-

299 1422 498 1468 iungerent
532 1421 636 1472 [29.].
677 1423 842 1458 hostium
872 1422 1076 1457 multitudo
1115 1428 1226 1455 aucta
1256 1422 1459 1455 Phocenses
1498 1420 1623 1466 adegit
1653 1426 1694 1453 ut

299 1490 404 1513 sacro
434 1480 609 1515 thesauro
647 1480 813 1515 adhibito
845 1479 1027 1526 ampliore
1067 1478 1251 1525 stipendio
1281 1478 1420 1512 milites
1449 1477 1496 1510 ad
1533 1488 1572 1510 se
1610 1476 1695 1510 alli-

301 1543 442 1572 cerent.
475 1538 619 1583 proelio
660 1537 822 1584 equestri
850 1538 1056 1572 Phocenses
1095 1536 1316 1581 superiores.
1357 1535 1472 1568 iidem
1505 1534 1696 1567 Thessalos

302 1592 467 1628 fundunt
497 1591 584 1643 [30]
625 1601 750 1641 captos
779 1593 911 1629 Boeoti
950 1600 993 1627 ut
1022 1593 1223 1638 sacrilegos
1260 1592 1380 1637 capite
1410 1592 1601 1637 plectunt3
1632 1589 1696 1624 sed

300 1649 527 1684 Philomelus
557 1663 677 1697 aequa
705 1650 912 1696 rependens
939 1650 1101 1684 hostium
1130 1649 1404 1683 immanitatem
1427 1653 1587 1684 coercet.
1612 1653 1696 1681 tan-

302 1705 389 1740 dem
426 1707 651 1741 Philomelus
691 1719 735 1742 ex
774 1706 978 1753 improviso
1019 1717 1212 1752 oppressus
1249 1712 1286 1740 et
1324 1706 1451 1751 pulsus
1488 1704 1529 1738 in
1566 1704 1695 1738 locum

301 1769 548 1808 praeruptum
589 1763 733 1809 agitur,
774 1764 873 1798 unde
911 1775 952 1797 re
988 1764 1180 1809 desperata
1220 1773 1259 1796 se
1297 1762 1542 1808 praecipitem
1581 1760 1695 1798 dedit.

303 1819 381 1853 eius
417 1819 544 1854 locum
572 1820 835 1854 Onomarchus
869 1826 1038 1865 occupat.
1084 1820 1276 1865 Philippus
1304 1819 1524 1854 Methonem
1555 1824 1592 1852 et
1628 1821 1697 1853 Pa-

303 1887 408 1922 gasas
438 1883 638 1923 expugnat.
676 1877 829 1910 Leucon
865 1887 930 1911 rex
958 1876 1142 1920 moritur;
1172 1877 1339 1910 succedit
1366 1877 1578 1921 Spartacus.
1621 1877 1697 1910 Ro-

304 1933 408 1967 mani
443 1934 482 1967 in
511 1933 672 1967 Faliscos
701 1933 842 1966 bellum
871 1939 1019 1979 gerunt.
1062 1934 1107 1967 In
1143 1933 1271 1968 Sicilia
1298 1933 1420 1968 Dione
1457 1932 1580 1966 occiso
1612 1931 1696 1966 Cal-

307 1989 427 2036 lippus
463 1989 665 2034 imperium
698 1988 860 2034 suscipit.
892 1987 994 2038 [31.].
1032 1989 1163 2024 Boeoti
1198 1990 1357 2024 victores
1386 1989 1510 2035 copias
1540 1990 1695 2023 domum

307 2047 539 2083 reduxerant.
569 2045 633 2079 sed
661 2046 922 2081 Onomarchus
951 2047 1159 2081 Phocenses
1188 2046 1233 2081 de
1262 2057 1359 2081 novo
1386 2046 1432 2081 ad
1460 2047 1602 2080 bellum
1632 2056 1696 2078 ex·
1744 2060 1747 2061 ⁷

306 2104 489 2147 hortatur,
518 2108 555 2136 et
582 2101 782 2136 Philomeli
812 2105 944 2148 coepta
970 2103 1219 2148 persequitur.
1245 2100 1345 2151 [32].
1373 2114 1394 2137 e
1423 2103 1566 2137 somnio
1596 2102 1696 2136 laeta

306 2160 498 2206 praesagia
530 2158 664 2201 sumit,
704 2158 804 2205 quod
844 2160 1036 2193 contraria
1071 2160 1196 2204 potius
1233 2159 1491 2205 portendebat.
1531 2158 1697 2192 ferocior

306 2217 432 2264 itaque
460 2217 582 2251 sactus
610 2227 715 2249 sacra
743 2216 878 2261 templi
913 2217 1011 2250 dona
1040 2216 1078 2249 in
1110 2228 1216 2250 arma
1247 2222 1284 2250 et
1312 2216 1511 2262 pecuniam
1543 2227 1698 2249 conver-

309 2273 377 2308 tit:
417 2274 524 2308 donis
558 2273 761 2318 poenisque
797 2273 916 2307 socios
946 2272 1070 2319 cogit:
1100 2273 1331 2317 Thronium,
1362 2270 1592 2318 Amphissas,
1624 2273 1698 2307 Or-

311 2331 538 2364 chomenum
566 2329 675 2375 capit.
710 2329 966 2364 Chaeroneam
997 2329 1169 2364 obsidens
1197 2343 1218 2365 a
1247 2331 1433 2364 Thebanis
1461 2330 1613 2363 domum
1638 2339 1698 2362 re-

311 2387 462 2433 pellitur
504 2384 607 2435 [33.].
664 2386 709 2419 In
748 2387 829 2420 Asia
868 2387 1037 2421 Artabazi
1076 2387 1218 2421 bellum
1257 2387 1298 2420 in
1336 2399 1464 2433 regem
1502 2388 1697 2420 Persarum

313 2444 565 2478 continuatur.
620 2443 787 2477 Thebani
825 2445 1063 2478 Pammenem
1103 2455 1190 2478 cum
1229 2443 1376 2478 auxiliis
1405 2444 1582 2487 mittunt,
1613 2442 1698 2476 feli-

312 2501 405 2536 citer
433 2506 676 2548 pugnantem.
705 2500 851 2535 Bellum
877 2501 1098 2547 Argivorum
1128 2512 1216 2535 cum
1244 2500 1560 2536 Lacedaemoniis.
1588 2499 1698 2532 Athe-

312 2558 454 2593 nienses
492 2559 638 2593 Sestum
672 2564 895 2604 expugnant.
934 2558 1188 2603 Cersobleptes
1227 2569 1249 2592 a
1278 2558 1446 2604 Philippo
1487 2557 1612 2591 deficit
1640 2556 1698 2595 ,ad

315 2615 567 2650 Athenienses.
602 2615 793 2660 Philippus
829 2615 1051 2649 Mothonem
1092 2614 1131 2649 vi
1171 2615 1288 2661 capit,
1325 2615 1391 2649 teli
1429 2620 1556 2648 autem
1595 2613 1697 2647 iactu

316 2672 474 2707 alterum
512 2671 665 2706 oculum
706 2672 846 2706 amittit
885 2670 984 2720 [34.].
1025 2676 1107 2718 post
1150 2673 1243 2706 haec
1282 2672 1472 2717 Philippus
1513 2670 1698 2705 Thessalis

318 2736 449 2764 contra
487 2728 776 2776 Lycophronem
806 2735 844 2764 et
863 2729 1153 2765 *Onomarchum
1188 2729 1325 2765 auxilio
1354 2729 1465 2763 venit.
1512 2728 1698 2763 Onomar·
