1820 3249
531 155 645 198 LIB.
674 153 784 195 xlx.
845 154 974 196 CAP.
1003 155 1068 195 91.
1101 157 1168 196 92.
1427 157 1534 198 1431

162 270 252 310 τῶν
279 267 450 310 παίδων
485 267 560 310 καὶ
587 268 677 309 τῶν
707 265 850 320 φίλων
889 265 986 334 ὅσοι
1001 265 1334 336 παρεδόθησαν
1363 267 1424 318 εἰς
1453 284 1536 323 φυ-

160 323 298 380 λακὴν
327 322 434 377 παρ’
458 319 715 392 Ἀντιγόνου
745 321 849 373 μετὰ
876 321 956 377 τήν
996 321 1043 364 ἐκ
1073 325 1340 376 Βαβυλῶνος
1370 325 1431 374 εἰς
1459 325 1536 366 Αἵ-

159 396 328 435 γυπτον
367 377 666 451 αποχιόρησιν.
726 377 811 421 «iad
855 379 901 422 δὲ
938 378 1105 422 τούτων
1143 379 1377 448 γενόμενος
1406 391 1532 434 στρα-

159 436 316 488 τιώτας
344 435 572 493 συνήγαγε,
598 435 672 479 καὶ
697 432 1002 490 συναγοράσας
1023 437 1183 486 ἵππους
1213 434 1419 480 ἀνεδίδου
1440 441 1531 487 τοῖς
1561 438 1615 478 90

159 494 418 563 δυναμένοις
445 496 648 564 χρῆσθαι.
703 495 810 535 πᾶσι
841 492 887 535 δὲ
916 491 1242 547 φιλανθρώπως
1272 491 1434 549 ὁμιλῶν
1458 494 1533 537 καὶ

156 550 369 602 καθιστάς
409 551 468 600 εἰς
483 547 675 619 ἀγαθας
711 549 909 598 ἐλπίδας,
949 548 1149 603 ἑτοίμους
1192 554 1277 605 εἰχε
1315 550 1389 593 καὶ
1428 565 1533 603 προ·

156 605 330 662 θύμους
359 607 406 649 ἐν
433 604 551 665 πάσῃ
579 603 827 658 περιστάσει
846 604 948 655 τούς
974 607 1409 673 συγκινδυνεύοντας.
1448 606 1532 649 Σέ-

154 668 309 714 λευκος
339 663 416 718 μὲν
444 665 527 707 οὐν
554 666 713 706 τοῦτον
741 661 819 706 τὸν
847 659 1014 716 τρόπον
1041 660 1303 718 ἀνεκτήσατο
1332 663 1413 720 τὴν
1447 667 1530 707 Βα-

155 721 388 776 βυλωνίαν.

1557 770 1614 811 92

266 807 517 881 Νικάνορος
547 809 593 853 δὲ
621 812 701 852 τοῦ
728 808 824 862 περὶ
856 809 1054 881 Μηδίαν
1064 812 1310 865 στρατηγοῦ
1339 819 1528 864 συναγα-
1558 826 1612 867 95

154 864 310 936 γόντος
348 865 419 910 ἐπ’
450 866 586 910 αὐτὸν
623 866 670 910 ἔκ
699 881 743 909 τε
774 867 951 922 Μηδίας
986 865 1059 909 καὶ
1091 868 1303 919 Περσίδος
1342 866 1413 909 καὶ
1440 869 1528 908 τῶν

156 922 369 978 σύνεγγυς
415 921 561 966 τόπων
606 923 867 976 στρατιώτας
907 921 1062 975 πεζοὺς
1099 923 1178 978 μὲν
1222 924 1396 974 πλείους
1439 925 1527 965 τῶν

155 981 348 1048 μυρίων,
389 980 532 1031 ἱππεῖς
565 979 611 1023 δὲ
648 980 745 1035 περὶ
786 978 1144 1040 ἓπτακιςχιλίους,
1193 979 1365 1035 ὥρμησε
1415 995 1523 1022 κατα

157 1034 357 1092 σπουδην
385 1035 648 1091 απαντὴσων
681 1040 774 1085 τοῖς
802 1038 1034 1090 πολεμίοις
1093 1041 1176 1091 εἰχε
1207 1037 1253 1079 δὲ
1281 1052 1386 1086 τους
1415 1035 1525 1090 σύμ·
1559 1045 1638 1085 100

151 1107 318 1142 πάντας
353 1092 512 1146 πεζούς
552 1092 631 1147 μὲν
669 1093 845 1161 πλείους
883 1096 972 1134 τῶν
1009 1094 1281 1162 τριςχιλίων,
1311 1094 1452 1143 ἱππεῖς
1481 1092 1526 1136 δὲ

151 1149 469 1202 τετρακοσίους
527 1147 680 1218 διαβας
710 1148 756 1191 δε
786 1148 863 1191 τὸν
899 1150 1049 1218 Τίγριν
1078 1148 1291 1204 ποταμόν,
1322 1150 1395 1191 καὶ
1421 1165 1526 1192 πυν-

149 1204 396 1275 θεινόμενος
410 1204 584 1274 ὀλίγων
608 1203 782 1275 ἡμερῶν
810 1202 920 1248 ὁδόν
950 1203 1120 1261 ἀπέχειν
1147 1206 1252 1256 τοὺς
1280 1207 1525 1260 πολεμίους,

150 1260 310 1316 ε’κρυψε
338 1279 444 1313 τους
472 1262 738 1315 στρατιώτας
766 1261 813 1304 ἐν
841 1266 932 1312 τοῖς
961 1263 1146 1333 πλησίον
1175 1262 1298 1313 ε’,λεσι
1324 1262 1524 1306 διανοού-

149 1334 280 1388 μενος
327 1317 655 1389 ἄπροςδόκητον
693 1316 964 1373 ποιήσασθαι
1009 1319 1092 1378 τήν
1129 1318 1335 1362 επίθεσιν.
1415 1317 1439 1362 6
1478 1319 1524 1387 δὲ
1583 1324 1608 1367 5

150 1373 363 1441 Νικάνωρ
403 1375 549 1430 ἐπειδή
579 1375 893 1430 παραγενηθεὶς
929 1375 998 1418 ἐπὶ
1036 1375 1113 1418 τὸν
1148 1377 1299 1430 Τίγριν
1326 1375 1527 1429 ποταμόν

150 1429 232 1487 οὐχ
268 1431 440 1486 εὕρισκε
479 1431 583 1482 τούς
629 1433 887 1486 πολεμίους,
932 1433 1377 1501 κατεστρατοπέδευσε
1417 1431 1528 1486 πρός

148 1504 235 1530 τιτι
265 1490 476 1558 βασιλικῷ
505 1493 710 1543 σταθμῷ,
739 1490 928 1542 νομίζων
960 1486 1121 1538 αὐτοὺς
1149 1488 1411 1544 πεφευγέναι
1440 1505 1525 1544 μοι-

149 1544 374 1599 κρότερον.
433 1545 739 1600 ἐπιγενομένης
777 1544 823 1588 δὲ
861 1543 1044 1595 νυκτός,
1082 1545 1155 1587 καὶ
1190 1561 1278 1588 των
1314 1546 1413 1598 περὶ
1443 1548 1523 1588 Νι-

147 1602 320 1655 κάνορα
361 1601 828 1673 καταπεφρονηκότως
855 1601 928 1644 καὶ
968 1599 1180 1671 ῥᾳθύμως
1205 1599 1416 1671 ἐχόντων
1469 1619 1522 1644 τα
1555 1608 1606 1647 10

147 1659 246 1711 περὶ
277 1657 354 1710 τοὶς
383 1658 609 1714 φυλακάς,
648 1656 860 1701 ἐπιπεσών
899 1655 922 1700 ὁ
954 1658 1171 1708 Σέλευκος
1201 1657 1326 1713 α’φνω
1356 1657 1521 1713 πολλὴν

71 1714 339 1784 389ταραχὴν
366 1731 440 1758 και
468 1715 734 1770 κατάπληξιν
761 1713 1058 1758 κατεσκεύασε.
1117 1715 1408 1766 συναψάντων
1437 1716 1520 1784 γάρ
1555 1718 1605 1759 15

144 1769 287 1827 μάχην
315 1775 404 1815 τῶν
427 1774 612 1826 Περσων
641 1772 801 1828 συνέβη
828 1770 906 1814 τόν
936 1787 979 1813 τε
1010 1770 1235 1840 σατράπην
1265 1771 1412 1815 αὐτων
1436 1771 1520 1814 Εὔ-

148 1844 286 1895 αγρον
315 1832 461 1872 πεσεῖν
489 1829 563 1872 καί
597 1845 718 1878 τινας
745 1831 830 1871 τῶν
860 1827 1003 1870 α’λλων
1031 1826 1272 1883 ἡγεμόνων.
1323 1831 1377 1871 οὐ
1410 1840 1519 1883 συμ-

117 1882 307 1938 βάντι)ς
345 1886 389 1928 οἱ
424 1887 599 1943 πλείους
637 1888 726 1927 τῶν
755 1888 1031 1937 στρατιωτῶν
1059 1902 1112 1927 τα
1149 1901 1227 1939 μεν
1257 1884 1335 1928 τὸν
1370 1885 1517 1929 κίνδυ-

146 1955 227 1983 νον
268 1939 783 2012 καταπεπληγμένοι,τά
819 1941 865 1984 δε
911 1940 1260 1993 προςκόπτοντες
1305 1947 1396 1992 τοῖς
1437 1939 1514 1984 ὑπ’

141 1994 395 2067 Ἀντιγόνου
434 1998 764 2070 πραττομένοις,
806 1997 1092 2068 μετεβάλοντο
1132 1997 1243 2069 πρὸς
1281 1999 1517 2042 Σέλευκοι.

147 2051 171 2096 6
203 2052 249 2096 δε
277 2053 489 2108 Νικάνωρ
520 2053 612 2111 μετ’
643 2052 802 2110 ὀλίγων
831 2052 1136 2110 απολειφθείς,
1169 2055 1243 2098 καὶ
1274 2054 1424 2106 δεδιώς
1459 2055 1516 2110 μὴ

144 2112 383 2182 παραδοθῇ
420 2116 512 2162 τοῖς
549 2113 795 2167 πολεμίοις,
840 2111 974 2166 ἔφυγε
1011 2127 1113 2167 μετα
1156 2128 1246 2154 των
1275 2114 1418 2181 φίλων
1445 2113 1515 2155 διὰ
1545 2118 1599 2158 20

145 2170 219 2222 τῆς
249 2167 426 2223 ἐρήμου.
484 2168 704 2219 Σέλευκος
748 2167 793 2211 δε
832 2168 1058 2223 δυνάμεως
1095 2168 1232 2223 ἁδρᾶς
1270 2168 1517 2224 κυριεύσας,

145 2223 218 2266 καὶ
248 2222 573 2294 φιλανθρωπως
610 2228 716 2267 πᾶσι
754 2224 1124 2293 προςφεριὶμενος,
1167 2227 1329 2281 ῥᾳδίως
1357 2241 1518 2293 προςη-

145 2279 298 2334 γάγετο
339 2280 434 2350 τήν
454 2297 499 2325 τε
540 2280 797 2337 Σουσιανὴν
828 2282 901 2323 καὶ
941 2283 1121 2336 Μηδίαν
1159 2284 1233 2325 καί
1269 2299 1390 2332 τινας
1429 2298 1517 2325 των

148 2335 356 2393 σύνεγγυς
386 2336 551 2381 τόπων·
591 2340 690 2393 περί
718 2354 762 2381 τε
791 2341 880 2381 τῶν
909 2338 1190 2395 διῳκημένων
1219 2339 1379 2395 ἔγραψε
1408 2338 1518 2395 πρὸς

146 2471 202 2504 86.
227 2471 371 2506 παίδων
395 2486 455 2507 και
478 2475 552 2508 τῶν
577 2475 720 2519 φίλων]
750 2473 870 2515 φίλων
899 2472 961 2507 καὶ
984 2473 1059 2506 τῶν
1082 2474 1227 2508 παίδων
1251 2475 1333 2509 Bas.

146 2518 202 2550 92.
226 2516 315 2558 τούς
336 2530 404 2553 om.
428 2519 511 2552 Bas.
646 2522 703 2555 93.
726 2520 791 2553 τόν
813 2516 948 2562 τρόπον
970 2520 1118 2563 τοῦτον]
1144 2520 1282 2554 invertit
1302 2522 1331 2555 F
1456 2520 1516 2554 95.

147 2565 326 2610 Μηδίαν]
365 2565 538 2609 ,Μηδείαν
569 2567 652 2601 Bas.
684 2572 718 2601 et
739 2577 819 2598 mox
842 2566 1014 2607 Μηδείας
1027 2590 1037 2607 ,
1061 2566 1217 2609 μήδειοιν
1239 2568 1270 2601 F
1460 2567 1517 2620 98.

146 2623 221 2644 των
244 2622 313 2646 om.
337 2611 366 2644 F
547 2612 581 2647 2.
613 2612 738 2658 ὀλίγων
770 2608 941 2655 ἡμερῶν]
978 2611 1101 2656 ὀλίγην
1124 2613 1206 2646 Bane
1389 2614 1422 2646 6.
1454 2611 1513 2648 εύ-

148 2668 246 2699 ρισκε
270 2657 311 2698 V,
339 2657 464 2690 canteri
487 2654 638 2702 ηὕρισκε
735 2659 769 2691 ⁴).
789 2657 1170 2712 καταπεφρονηκότως
1192 2660 1408 2704 Stephanus:
1433 2658 1514 2692 libri

145 2701 530 2748 καταπεφρονηκότων
664 2705 720 2739 11.
748 2703 910 2747 πολλὴν]
941 2703 1003 2738 καὶ
1035 2701 1170 2749 πολλὴν
1193 2706 1275 2739 Bas.

236 2749 317 2783 389.
364 2750 420 2782 14.
441 2749 703 2805 κατεσκεύασε]
736 2749 982 2793 παρεσκεύασε
1015 2751 1044 2783 F
1226 2752 1283 2786 18.
1312 2748 1513 2796 πραττομέ-

147 2796 245 2839 νοις]
269 2795 595 2841 προςταττομένοις
617 2799 669 2842 Q,
691 2795 1014 2841 προςτεταγμένοις
1036 2797 1176 2840 1⁴*va
