1820 3249
264 136 375 178 1542
640 132 758 175 Lm
789 131 877 172 xx.
937 131 1071 174 cAP.
1100 135 1167 176 91.
1198 136 1267 176 92

263 248 352 290 τῶν
387 241 633 300 πυρφόρων
662 241 913 301 βλάπτηται.
970 245 1160 301 θυρίδας
1195 243 1245 288 δ’
1277 241 1398 315 εἶχον
1427 245 1472 288 αἱ
1502 244 1647 302 στέγαι

180 316 235 358 30
265 301 375 346 κατὰ
407 302 666 355 πρόςωπον,
702 306 792 351 τοῖς
832 301 1030 370 μεγέθεσι
1069 302 1144 345 καὶ
1186 305 1279 352 τοῖς
1320 301 1506 358 σχήμασι
1536 304 1648 357 πρὸς

263 359 341 411 τάς
370 358 588 416 ἰδιότητας
620 361 710 401 τῶν
745 357 993 413 μελλόντων
1021 357 1234 427 ἀφίεσθαι
1263 362 1404 414 βελῶν
1434 359 1648 429 ἁρμοζού-

264 427 355 467 σας.
413 417 542 458 αὐται
584 414 629 459 δὲ
663 412 782 470 εἶχον
820 414 1080 470 καλύμματα
1122 414 1193 458 δια
1224 419 1436 485 μηχανῆς
1446 414 1649 459 ἀνασπώ-

264 489 394 528 μενα,
431 470 493 515 δι’
524 474 585 514 ὡν
615 471 864 527 ἀσφάλειαν
893 471 1140 527 ἐλάμβανον
1179 474 1222 515 οἱ
1250 473 1360 515 κατά
1388 471 1466 523 τάς
1495 473 1649 528 στέγας

264 530 366 583 περὶ
382 546 476 600 την
507 527 666 584 άφεσιν
695 532 782 571 τῶν
812 531 953 582 βελῶν
983 528 1371 600 αναστρεφόμενιζι.
1432 533 1543 585 ησαν
1573 529 1652 584 μὲν

177 596 234 638 85
264 587 347 642 γὰρ
377 585 424 630 ἐκ
464 588 644 641 βυρσῶν
671 585 1040 654 περιερραμμένα,
1070 585 1212 654 πλήρη
1245 586 1291 629 δὲ
1328 587 1477 656 ἐρίων,
1511 587 1571 637 εἰς
1600 585 1649 628 τὸ

264 643 346 699 τὴν
376 642 544 703 πληγὴν
585 640 806 685 ἐνδιδόναι
844 646 933 684 τῶν
973 641 1269 699 λιθοβόλων.
1298 641 1470 712 ἑκάστη
1485 643 1531 686 δὲ
1561 646 1652 685 τῶν

266 704 430 770 στεγῶν
470 705 552 755 είχε
590 697 673 742 δύο
714 701 946 770 κλίμακας
967 700 1193 749 πλατείας,
1235 700 1298 741 ῶν
1336 703 1389 768 τῇ
1426 698 1505 753 μὲν
1542 698 1652 754 πρὸς

265 756 346 811 τὴν
379 755 652 812 άνακομιδὴν
689 760 778 798 τῶν
817 755 1062 826 χρησίμων,
1100 758 1155 811 τῇ
1186 754 1232 798 δὲ
1267 755 1378 809 πρὸς
1406 772 1485 825 την
1524 755 1653 799 κατά-

178 825 234 865 90
264 817 394 869 βασιν
423 813 632 885 ἐχρῶντο,
672 812 782 867 πρὸς
810 812 859 857 τό
898 812 1031 867 χωρὶς
1067 812 1275 882 θορύβου
1314 827 1404 854 παν
1432 811 1654 883 υπηρετεῖ-

265 876 386 913 σθαι.
448 887 491 912 οι
530 869 575 912 δὲ
606 869 836 924 μέλλοντες
869 869 1065 937 κινήσειν
1094 868 1173 924 τὴν
1210 884 1409 939 μηχανην
1437 868 1654 924 ἐξελέχθη-

265 938 347 970 σαν
385 926 428 977 ἐξ
459 925 629 981 ἁπάσης
657 930 733 980 τῆς
766 924 995 980 δυνάμεως
1026 942 1067 968 οι
1096 929 1190 975 ταῖς
1223 926 1391 996 ῥωμαις
1422 925 1655 998 διαφέρον-

263 999 332 1033 τες
360 982 517 1037 ἄνδρες
545 984 768 1037 τριςχίλιοι
797 999 870 1026 και
899 982 1186 1053 τετρακόσιοι.
1226 983 1397 1025 τούτων
1427 981 1547 1025 δὀἱ
1574 982 1653 1038 μὲν

265 1039 388 1090 ἐντός
427 1038 758 1108 ἀποληφθέντες
790 1041 835 1082 οἱ
864 1038 909 1082 δ’
940 1039 987 1082 ἐκ
1021 1043 1108 1082 τῶν
1138 1038 1324 1082 ὄπισθεν
1353 1042 1499 1094 μερῶν
1527 1055 1654 1092 παρι-

180 1107 235 1150 95
265 1094 470 1165 στάμενοι
509 1094 797 1150 προεώθουν,
843 1095 987 1138 πολλὰ
1035 1099 1111 1150 τῆς
1158 1097 1308 1151 τέχνης
1354 1095 1655 1165 συνεργούσης

264 1154 324 1203 εἰς
363 1170 445 1207 την
482 1154 667 1208 κίνησ.ιν
726 1151 1017 1196 κατεσκεύασε
1054 1152 1101 1195 δὲ
1133 1153 1207 1195 καὶ
1236 1150 1429 1207 χελώνας
1459 1168 1544 1209 τας
1574 1152 1653 1207 μὲν

262 1211 504 1265 χωστρίδας
542 1209 619 1260 τὰς
659 1209 705 1252 δὲ
735 1209 1032 1264 κριοφόρους,
1072 1209 1146 1252 καὶ
1184 1208 1315 1259 στοὰς
1345 1208 1407 1251 δι’
1441 1210 1504 1251 ῶν
1538 1208 1654 1263 ἔμελ-

263 1272 343 1309 λον
375 1267 418 1308 οῑ
445 1271 537 1316 τοῖς
567 1266 709 1320 ἔργοις
732 1265 986 1320 προςιόντες
1015 1265 1268 1308 ἐλεύσεσθαι
1303 1265 1378 1307 καὶ
1406 1265 1537 1308 πάλιν
1568 1265 1656 1307 ἐπι-

265 1322 468 1387 στρέφειν
508 1322 731 1391 ἀσφαλῶς.
789 1327 881 1372 τοῖς
925 1321 966 1366 δ’
1007 1322 1053 1364 ἐκ
1092 1324 1182 1364 τῶν
1219 1325 1333 1364 νεῶν
1369 1321 1656 1379 πληρώμασιν

155 1387 234 1427 100
267 1377 514 1432 ἀνεκάθαρε
553 1379 633 1422 τὸν
673 1378 811 1422 τόπον
846 1378 917 1421 ἐπὶ
957 1378 1164 1429 σταδίους
1203 1376 1428 1431 τέτταρας,
1486 1378 1546 1422 δι’
1589 1379 1656 1421 ῶν

264 1436 407 1491 ἔμελλε
441 1435 675 1508 προςάξειν
714 1436 793 1486 τάς
832 1436 1261 1485 κατασκευασθείσας
1298 1433 1516 1490 μηχανάς,
1550 1432 1656 1485 (ὅςτε

263 1495 491 1562 γίνεσθαι
503 1492 551 1535 τό
584 1492 725 1566 ἔργον,
748 1492 817 1535 ἐπι
852 1509 992 1548 μηκος
1020 1493 1329 1547 μεσοπυργίων
1357 1492 1402 1543 εξ
1432 1492 1506 1534 καὶ
1534 1490 1658 1546 πύρ-

263 1565 356 1605 γων
386 1548 504 1592 ἑπτά
549 1548 598 1592 τὸ
630 1549 669 1592 δ’
702 1548 1001 1618 ηθροισμένον
1021 1553 1200 1619 πλῆθος
1229 1552 1318 1590 τῶν
1346 1551 1554 1603 τεχνιτῶν
1582 1548 1658 1591 καὶ

263 1610 353 1649 τῶν
383 1610 471 1657 τοῖς
501 1605 646 1662 ἔργοις
674 1604 948 1662 προςιόντων
978 1622 1032 1650 ου
1068 1604 1181 1649 πολυ
1213 1605 1401 1649 ἐλείπετο
1432 1608 1522 1649 τῶν
1544 1620 1656 1661 τρις-

265 1663 447 1718 μυρίων.

379 1717 547 1774 Διόπερ
578 1736 630 1775 τη
662 1720 918 1776 πολυχειρίᾳ
945 1717 1099 1776 τάχιον
1109 1722 1204 1785 τῆς
1232 1718 1510 1788 προςδοκίας
1520 1715 1657 1760 ἁπάν-

266 1792 355 1819 των
385 1775 749 1846 ἐπιτελουμένων,
773 1775 983 1845 φοβερὸς
1011 1778 1067 1830 ἠν
1097 1774 1121 1819 6
1156 1775 1408 1832 Δημήτριος
1437 1780 1530 1825 τοῖς
1555 1774 1657 1817 Po·-

267 1835 393 1884 δίοις.
454 1831 508 1876 οὐ
548 1831 689 1903 μόνον
728 1831 813 1903 γάρ
850 1850 904 1875 τα
934 1842 1038 1887 ἐμεγ
1022 1834 1101 1889 ἑθη
1139 1837 1228 1875 τῶν
1267 1835 1474 1887 μηχανῶν
1503 1832 1577 1874 καὶ
1605 1829 1655 1874 τὰ

265 1895 437 1961 πλῆθος
475 1893 552 1946 τῆς
590 1887 886 1959 ἠθροισμένης
924 1890 1153 1943 δυνάμεως
1200 1888 1450 1957 ἐξέπληττεν
1493 1886 1660 1939 αὐτοὺς

184 1958 236 1996 10
267 1946 377 1991 άλλοὲ
407 1947 481 1990 καὶ
511 1947 558 1990 τὸ
587 1951 669 1989 τοῦ
700 1946 908 2001 βασιλέως
937 1948 1086 2015 βίαιον
1114 1945 1189 1988 καὶ
1210 1945 1468 2000 φιλότεχνον
1498 1945 1545 1988 ἐν
1564 1950 1659 1995 ταῖς

265 2005 553 2056 πολιορκίαις
586 2002 830 2058 εὐμήχανος
859 2019 945 2057 γαρ
977 2001 1040 2046 ὠν
1068 2001 1177 2046 καθ’
1207 2001 1459 2058 ὑπερβολην
1488 2001 1536 2045 ἐν
1563 2006 1659 2051 ταῖς

265 2061 493 2110 ἐπινοίαις,
515 2060 588 2102 καὶ
617 2059 758 2102 πολλοὶ
787 2059 906 2114 παρά
935 2076 1015 2115 την
1042 2064 1132 2102 τῶν
1159 2057 1476 2128 ἀρχιτεκτόνων
1503 2059 1658 2112 τέχνην

266 2119 576 2172 παρευρίσκων
633 2114 872 2170 ὠνομάσθη
916 2133 995 2172 μεν
1041 2114 1351 2184 πολιορκητης,
1399 2115 1480 2166 τήν
1526 2113 1571 2157 δ’
1611 2115 1660 2157 ἐν

267 2179 362 2225 ταῖς
392 2177 659 2228 προςβολαῖς
688 2188 912 2243 υπεροχην
937 2173 1011 2216 καὶ
1018 2174 1144 2234 βίαν
1172 2172 1382 2241 τοιαύτην
1413 2177 1525 2240 εῖχεν
1555 2170 1659 2221 ω’ςτε

189 2236 239 2279 15
271 2231 395 2283 δόξαι
435 2230 572 2286 μηδὲν
612 2229 755 2281 οὕτως
793 2228 955 2286 ὀχυρὸν
994 2226 1108 2272 εἶναι
1145 2232 1285 2297 τεῖχος
1324 2227 1348 2270 6
1388 2226 1560 2271 δύναιτ’
1603 2242 1660 2270 αν

268 2287 348 2344 τὴν
385 2286 460 2331 ἀπ’
496 2287 668 2331 ἐκείνου
702 2291 794 2338 τοῖς
822 2285 1218 2343 πολιορκουμένοις
1248 2282 1493 2341 ἀσφάλειαν
1521 2282 1659 2340 παρέ-

208 1757 235 1799 <n

267 2457 325 2492 82:
360 2454 636 2498 οἷνασπαῖμεναἹ
668 2453 909 2514 άνασπασάμε
913 2470 959 2492 να
990 2458 1074 2492 Bas.
1259 2455 1318 2491 85.
1351 2453 1493 2501 πλήρη]
1517 2457 1658 2500 πληρης

266 2506 352 2539 Bam
515 2505 571 2539 86.
597 2503 666 2550 τὴν
688 2502 846 2550 πληγὴν]
863 2506 1081 2539 scribendum
1104 2502 1243 2537 videtur
1265 2504 1311 2548 τῇ
1334 2504 1454 2547 πληγῇ
1598 2502 1659 2536 93.

273 2548 561 2595 ἀπολειφθέντες
583 2552 613 2584 F
796 2551 854 2584 94.
886 2564 977 2593 προε-
971 2549 1136 2593 ὤθουν]
1170 2549 1251 2582 limi
1284 2548 1533 2591 προςιόθουν,
1566 2549 1658 2592 quod

273 2598 518 2656 corrigendum
545 2609 619 2630 esse
643 2596 779 2631 monuit
801 2597 1056 2639 wesselinrrius
1076 2596 1121 2629 ad
1145 2607 1177 2639 p.
1197 2594 1278 2629 475.
1301 2596 1358 2629 31.
1497 2595 1556 2628 98.
1580 2593 1658 2628 ἐπι-

274 2642 470 2699 στρέφειν]
495 2642 726 2686 ἐπιστρέφειν
751 2644 781 2677 F
974 2623 1032 2678 99.
1065 2608 1277 2686 ἀνεκάθηρε
1300 2641 1397 2683 FW,
1422 2640 1550 2675 (aeteri
1575 2638 1659 2676 οΞνε-

270 2687 433 2737 κάθαιρε
582 2689 662 2725 100.
688 2690 868 2743 τέσσαρας
891 2690 921 2723 F
1084 2687 1204 2731 ἔμελλε
1228 2688 1328 2731 QW,
1358 2688 1485 2722 caeteri
1510 2685 1658 2731 ἔμελλον

454 2732 672 2793 προςάξειν]
696 2733 873 2780 προάξειν
897 2735 959 2779 FQ
1107 2735 1165 2771 14.
1190 2733 1312 2778 δόξαι]
1340 2731 1451 2776 δυξας
1473 2734 1555 2770 Bas.

363 2783 420 2818 16.
443 2787 522 2824 τοῖς
545 2782 896 2830 πολιορκουμένοις]
924 2781 1012 2823 τούς
1034 2775 1376 2827 πολιορκουμένους
1398 2781 1429 2814 Ι·
