1820 3249
336 57 447 116 1326
704 52 848 95 LIB.
879 50 1026 92 leu.
1085 52 1212 94 CAP.
1239 56 1308 97 72.

337 165 383 209 δὲ
410 164 484 208 καὶ
509 163 755 237 Ἀρριδαῖον
784 161 862 206 τὸν
891 160 1225 219 συμπεφευγότα
1255 164 1333 219 μὲν
1340 164 1558 235 μετὰτῶν
1580 175 1702 220 στρα-

335 224 504 265 τιωτῶν
519 223 592 272 εἰς
620 219 701 276 τήν
730 223 818 262 τῶν
839 221 1018 262 Κιανῶν
1049 220 1189 270 πόλιν,
1220 220 1379 290 ἐχθρόν
1411 219 1454 265 δ’
1484 221 1590 265 ὄντα
1610 226 1702 273 τοῖς

334 278 434 333 περὶ
480 277 557 330 τὸν
591 276 849 348 Ἀντίγονον.
917 277 1079 333 τούτου
1121 277 1167 321 δὲ
1212 277 1478 328 πλεύσαντος
1515 277 1584 321 ἐπὶ
1621 277 1699 321 τὸν

332 334 689 406 Ἑλλήςποντον,
713 332 786 376 καὶ
813 333 1195 389 προςαγαγομένου
1224 333 1301 402 τοὶς
1340 333 1386 378 ἐν
1412 339 1465 407 τῇ
1497 338 1699 388 Προπον·

332 395 417 435 τίδι
446 391 617 442 πόλεις,
669 390 729 433 ε’τι
769 389 814 433 δὲ
849 391 1193 464 προςδεξαμένου
1222 390 1301 446 τὴν
1329 390 1425 446 μετ’
1454 390 1702 459 Ἀρριδαίου

252 453 305 494 55
337 448 535 504 δύναμιν,
567 446 851 490 κατέπλευσεν
882 449 940 497 εἰς
958 447 1071 500 τοῦς
1099 448 1258 498 τόπους
1277 448 1467 498 ἐκείνους
1486 446 1704 517 Νικάνωρ

336 504 359 548 ὁ
378 508 469 573 τῆς
490 505 751 560 Μουνυχίας
774 503 1066 573 φρούραρχος,
1098 505 1458 559 ἐξαπεσταλμένος
1480 502 1563 548 ὑπὸ
1587 507 1702 547 Κασ-

333 560 530 632 σάνδρου
585 577 698 632 μετα
745 560 906 612 παντὸς
956 563 1038 602 ’τοῦ
1085 561 1263 604 στόλου·
1318 561 1612 632 προςελάβετο
1655 558 1702 602 δὲ

332 619 404 662 καὶ
441 607 527 674 τοὶς
550 615 655 672 παρ’
687 616 936 687 Ἀντιγόνου
976 620 1108 667 ναῦς,
1154 616 1258 667 ὥςτε
1295 617 1370 668 τὰς
1409 617 1550 669 πασας
1585 617 1702 687 ’e'xew

249 683 303 723 60
332 676 529 725 πλείους
555 679 642 717 τῶν
688 673 852 716 ἑκατόν.
910 674 1144 741 γενομένης
1191 673 1235 716 δὲ
1271 676 1513 745 ναυμαχίας
1543 672 1595 717 ού
1626 690 1705 728 μα-

331 731 443 785 κροέν
492 748 567 785 της
621 733 710 772 τῶν
767 728 1019 782 Βυζαντίων
1066 731 1249 781 πόλεως,
1313 731 1433 774 ἐνίκα
1493 729 1516 774 ὁ
1574 733 1703 773 Κλεῖ-

330 805 430 840 τος,
477 789 550 830 καὶ
592 787 800 853 κατέδυσε
849 786 930 840 μὲν
975 802 1064 828 των
1103 787 1314 828 ἐναντίων
1357 791 1465 836 ναῦς
1503 785 1702 830 ἑπτακαί-

331 847 448 896 δεκα,
480 841 582 913 εἷλε
593 843 637 885 δὲ
667 841 749 884 σῦν
781 847 930 893 αὐτοῖς
946 848 1037 893 τοῖς
1054 841 1267 898 ανδράσιν
1288 859 1372 885 ουκ
1394 842 1592 893 ἐλαττους
1613 846 1702 884 τῶν

329 899 670 954 τετταράκοντα·
706 900 752 941 αἱ
780 901 826 942 δὲ
854 901 1003 950 λοιπαὶ
1033 901 1281 954 κατέφυγον
1305 901 1363 950 εἰς
1383 899 1460 942 τὸν
1478 916 1565 941 των
1589 902 1703 941 Χαλ-

251 964 304 1006 65
334 959 554 1028 κηδονίων
584 955 746 1010 λιμένα.
804 957 1018 1024 τοιαύτης
1039 955 1086 998 δ’
1113 955 1339 1027 εὐημερίας
1358 955 1606 1024 γενομένης
1610 959 1703 1008 τοῖς

333 1014 431 1082 περὶ
460 1022 539 1056 τον
569 1016 769 1064 Κλεῖτον,
816 1015 946 1063 οὗτος
975 1011 1052 1068 μὲν
1074 1013 1265 1083 ὑπέλαβε
1296 1013 1444 1068 μηκέτι
1474 1011 1704 1082 τολμήσειν

329 1070 432 1141 τοὺς
448 1071 681 1126 πολεμίους
703 1069 996 1138 ναυμαχήσειν
1017 1068 1089 1112 διὰ
1109 1087 1157 1113 το
1172 1071 1363 1140 μέγεθος
1391 1073 1466 1125 τῆς
1496 1068 1644 1124 ἥττης·
1677 1065 1701 1111 ὁ

331 1125 374 1171 δ’
402 1125 650 1180 ἩΑντιγονος
675 1125 926 1181 πυθόμενος
950 1126 1001 1169 τὰ
1019 1126 1115 1181 περὶ
1137 1125 1214 1169 τὸν
1235 1125 1390 1170 στόλον
1415 1125 1702 1195 ἐλαττώματα,

247 1194 303 1234 70
331 1183 617 1252 παραδόξως
622 1182 693 1226 δια
722 1200 801 1252 της
829 1184 940 1233 ἰδίας
972 1181 1191 1239 αγχινοίας
1221 1183 1294 1226 καὶ
1323 1183 1579 1238 στρατηγίας
1608 1197 1704 1225 ανε-

329 1241 541 1296 μαχέσατο
571 1238 619 1282 τὸ
651 1239 831 1309 γεγονὸς
869 1238 1102 1293 ἐλάττωμα.
1161 1239 1279 1307 παρὰ
1309 1256 1392 1294 γαρ
1422 1256 1511 1282 των
1540 1242 1703 1291 Βυζαν-

326 1299 433 1340 τίων
463 1295 844 1366 μεταπεμψάμενος
876 1300 982 1346 ναῦς
1010 1295 1286 1351 ὑπηρετικάς,
1316 1295 1492 1345 ταύταις
1511 1311 1590 1364 μεν
1617 1297 1702 1338 διε-

327 1357 532 1423 βίβαζεν
544 1355 602 1404 εἰς
640 1353 689 1395 τό
729 1352 869 1406 πέραν
908 1352 1085 1404 τοξότας
1121 1368 1164 1396 τε
1193 1353 1264 1396 καὶ
1305 1351 1602 1421 σφενδονήτας
1632 1351 1706 1394 καὶ

327 1415 414 1454 τῶν
457 1409 599 1454 ἄλλων
641 1412 729 1452 τῶν
757 1413 945 1461 ψιλικῶν
983 1408 1210 1479 ταγμάτων
1239 1426 1342 1459 τους
1375 1409 1556 1459 ἱκανούς
1594 1423 1703 1451 κατα

245 1474 299 1516 75
329 1467 479 1511 νύκτα
539 1483 664 1510 ουτοι
704 1466 750 1509 δὲ
793 1466 879 1518 πρὸ
922 1464 1085 1533 ἡμέρας
1121 1464 1322 1534 ἐπιθέμει
1327 1483 1368 1509 οι
1403 1470 1494 1516 τοῖς
1533 1465 1579 1508 ἐκ
1617 1480 1706 1507 των

330 1525 549 1579 πολεμίων
585 1539 698 1565 νεων
729 1520 1049 1591 ἀποβεβῃκόσιν
1081 1523 1147 1566 ἐπὶ
1177 1521 1255 1577 τήν
1283 1527 1366 1578 γῆν
1396 1523 1468 1566 καὶ
1497 1524 1600 1578 πεζῃ
1631 1537 1703 1564 κα-

327 1578 766 1634 τεστρατοπεδευκόσι
796 1579 1112 1635 κατεπλήξαντο
1142 1596 1248 1630 τους
1276 1596 1375 1632 περι
1404 1578 1480 1622 τὸν
1504 1581 1701 1621 Κλεῖτον.

327 1655 434 1694 ταχυ
467 1637 511 1681 δὲ
539 1637 717 1680 πάντων
748 1636 820 1680 διὰ
853 1637 930 1679 τόν
960 1636 1105 1691 φόβον
1134 1637 1478 1705 τεταραγμένων,
1528 1635 1602 1678 καὶ
1644 1635 1703 1683 εἰς

247 1710 301 1750 30
330 1695 407 1745 τὰς
443 1697 552 1745 ναῦς
593 1693 904 1762 ἐμπηδώντων,
953 1692 1088 1742 πολύς
1124 1693 1289 1748 ἐγένετο
1329 1691 1525 1759 θόρυβος
1555 1689 1628 1744 δια
1659 1707 1703 1733 τε

331 1752 406 1802 τὰς
445 1750 691 1800 αποσκευας
727 1751 799 1793 καὶ
840 1749 889 1792 τὸ
944 1754 1114 1819 πλῆθος
1164 1766 1253 1793 των
1284 1747 1600 1817 αἰχμαλώτων.
1656 1745 1704 1790 ἐν

328 1809 526 1880 τοσούτῳ
580 1807 625 1851 δὲ
675 1805 922 1876 Ἀντίγονος
959 1806 1191 1859 ἐξαρτύσας
1246 1805 1321 1857 τὰς
1370 1821 1541 1859 μακρας
1592 1807 1703 1854 ναῦς

329 1865 403 1908 καὶ
449 1870 537 1908 τῶν
586 1863 894 1918 οἷλκιμωτατων
940 1867 1080 1916 πεζῶν
1123 1862 1313 1913 πολλους
1357 1862 1561 1916 ἐπιβατας
1605 1860 1703 1903 ἐπι-

331 1921 492 1978 στήσας
542 1919 781 1972 ἆπέστειλε,
835 1918 1136 1972 παρακαλέσας
1181 1919 1516 1990 τεθαρρηκότως
1562 1915 1703 1960 ἐπιθέ-

249 1991 303 2035 85
333 1984 439 2023 σθαι
467 1983 558 2029 τοῖς
587 1979 828 2034 πολεμίοις,
860 1975 918 2028 ὠς
945 1975 1116 2060 πάντως
1143 1975 1250 2020 καθ’
1281 1975 1462 2055 εαυτούς
1490 1974 1701 2031 ἐσομένου

333 2152 390 2188 50.
418 2147 645 2197 Ἆρῥιδαῖον]
667 2146 849 2194 Ἀριδαῖον
872 2148 903 2182 F
927 2147 1066 2192 rectius,
1090 2148 1128 2181 ut
1149 2145 1285 2180 videtur
1350 2186 1352 2188 v
1443 2142 1500 2178 51.
1532 2143 1701 2188 Κιανῶν]

339 2244 497 2280 Τυανων
519 2243 586 2283 W,
619 2210 768 2278 ζινοὶνων
792 2241 823 2274 F
1007 2238 1062 2274 53
1109 2233 1431 2283 προςαγαγομένου
1454 2236 1552 2279 FW,
1575 2235 1701 2270 caeteri

330 2287 639 2372 ἔργοςαγομένοέὃ.
686 2333 749 2370 §Z
770 2287 826 2322 57.
874 2283 969 2374 ιξῖπό]
995 2285 1089 2366 πῗρὶ.
1102 2286 1180 2367 {a
1292 2283 1349 2318 59.
1395 2283 1562 2363 πλείονας]
1579 2282 1697 2363 vag-sim

328 2384 380 2426 F,
404 2395 430 2427 μ
454 2383 546 2422 Bas„
572 2380 699 2414 caeteri
721 2343 1024 2422 ἴετστσοιῖςιςοίκοντῖιᾶο
1041 2343 1090 2365 en
1157 2342 1251 2411 αὸτέω
1280 2375 1376 2418 τοῖς]
1400 2341 1524 2432 τῆτςετὲ,
1539 2341 1608 2373 eom
1633 2341 1701 2364 vta

329 2429 386 2464 66.
433 2407 628 2484 τολμήσειν
648 2438 715 2460 om.
742 2427 848 2461 Fvw
984 2424 1041 2458 69.
1090 2419 1155 2458 δια
1177 2423 1241 2467 τῆς
1263 2421 1411 2462 ῐδίας-
1426 2422 1483 2456 70.
1507 2418 1698 2462 ἐλάττωμα

328 2479 406 2520 post
428 2471 664 2530 ύπηρετ,ικας
673 2477 803 2517 ponunt
824 2473 942 2515 Fvw,
966 2470 1093 2505 omisso
1111 2466 1336 2526 παραδόξως
1511 2468 1586 2502 70.
1617 2464 1697 2502 ἅνε-

330 2520 524 2576 μαχέσατο]
552 2518 747 2564 ἄνειιάχετο
775 2522 847 2552 Bas.
984 2517 1042 2551 71.
1077 2529 1145 2560 γαρ
1169 2527 1237 2549 om.
1261 2513 1385 2554 Fvw‚·
1404 2513 1480 2550 τῶν
1502 2514 1582 2548 Bas.

331 2566 463 2607 νυκτός
485 2570 563 2602 ante
583 2568 674 2607 ναῦς
697 2578 766 2599 om.
791 2565 899 2599 FVW
1036 2562 1093 2596 72.
1126 2560 1277 2602 ταύταις
1300 2561 1386 2602 VW,
1411 2560 1538 2595 caeteri
1560 2556 1698 2598 ταύτας

423 2613 479 2649 74.
510 2614 679 2658 ψιλικων]
704 2613 824 2656 ψιλων
848 2610 909 2645 καὶ
932 2610 1089 2653 ψιλικῶν
1112 2609 1144 2642 X
1282 2620 1377 2642 κατα
1400 2605 1515 2642 νύκτα
1537 2617 1606 2640 om.
1631 2601 1699 2638 ΤΧ

332 2661 427 2702 Bas„
451 2659 613 2696 asterisco
629 2659 763 2695 notavit
781 2658 862 2700 step
864 2658 974 2690 banus
1110 2655 1166 2689 75.
1191 2653 1263 2699 πρὸ
1285 2651 1436 2699 ἡμέρας]
1456 2651 1556 2699 πρὸς
1575 2650 1641 2695 τὴν
1659 2646 1697 2694 ἠ-

333 2706 536 2756 μέρανννῖ
671 2704 727 2741 79.
752 2704 813 2742 καὶ
827 2715 895 2741 om.
915 2703 975 2737 Fv
1111 2701 1169 2738 83.
1191 2701 1307 2744 πεζων
1319 2701 1407 2751 VW,
1424 2696 1550 2736 caeteri
1567 2695 1698 2740 πεζούς
