1820 3249
510 168 621 208 LlB.
653 166 742 208 XX.
802 167 930 209 CAP.
959 171 1028 210 98.
1343 169 1455 210 1549

71 280 257 333 τούτους
285 281 364 338 μὲν
388 274 471 324 οὖν
499 279 757 332 προςέταξεν
767 278 925 348 ἡσυχῆ
954 284 1211 336 προςελθεῖν
1239 283 1300 337 τῷ
1328 278 1483 335 τείχει’

70 339 168 408 περὶ
196 340 402 392 δευτέραν
420 335 642 393 φυλακήν
672 335 804 387 αὐτὸς
824 337 868 380 ὸὲ
890 338 1178 408 διασκευάσας
1198 325 1456 392 παρήγγειλε
1485 333 1540 377 55

70 401 163 446 τοῖς
185 394 256 451 ἐφ’
281 395 447 466 ἑκάστῳ
475 394 594 448 μέρει
621 393 911 448 τεταγμένοις,
933 394 1041 438 ὅταν
1063 393 1247 450 σημήνῃ,
1271 398 1458 437 συναλα-

71 453 195 504 λάξαι
223 452 296 495 καὶ
315 439 560 506 προςβολοὶς
577 453 800 493 ποιεῖσθαι
826 451 901 493 καὶ
920 450 1030 494 κατὰ
1051 455 1134 506 γῆν
1153 452 1226 494 καὶ
1242 449 1353 494 κατὰ
1373 450 1457 492 θά-

72 513 246 552 λατταν.
295 507 474 551 πάντων
505 507 551 549 δὲ
580 505 630 549 τὸ
660 506 965 561 παραγγελθὲν
1001 507 1274 560 ποιούντων,
1305 508 1370 566 οξ
1371 506 1477 575 μὲν

71 565 143 609 ἐπὶ
166 582 225 624 τα
237 562 492 635 πεπτωκότα
512 566 600 623 τῶν
625 578 776 623 τειχων
797 563 1066 632 ὁρμησαντες
1082 563 1186 615 τούς
1205 551 1457 619 προφυλατ-
1487 563 1542 602 60

70 621 230 672 τοντας
254 621 325 672 ἔπι
349 622 425 689 τῆς
456 619 632 686 τάφρου
667 618 1020 675 κατασφάξαντες
1037 621 1371 689 παρειςέπεσον
1397 622 1459 672 εἰς

62 675 348 749 ..η’νπολιν,
356 677 430 720 καὶ
458 678 564 726 τοὺς
592 677 691 730 περὶ
714 676 763 720 τό
784 676 977 731 θέατρον
998 676 1160 729 τόπους
1186 676 1458 732 κατελαμβά-

68 750 214 778 νοντο.
243 733 288 777 οἱ
309 735 355 777 δὲ
382 737 470 776 τῶν
493 731 676 776 Ῥοδίων
703 732 938 788 πρυτάνεις
959 734 1205 790 πυθόμενοι
1229 735 1276 778 τὸ
1300 736 1458 789 συμβε-

68 790 214 861 βηκός,
232 791 306 834 καὶ
323 789 402 846 τὴν
422 789 552 833 πόλιν
577 788 761 844 ὁρῶντες
780 790 956 833 ἅπασαν
976 792 1361 861 τεθορυβημένην,
1365 796 1458 842 τοῖς

68 864 148 918 μεν
183 848 250 890 ἐπὶ
278 851 357 890 τοῦ
384 847 557 914 λιμένος
586 847 660 889 καὶ
689 851 777 889 τῶν
806 851 958 902 τειχῶν
987 848 1284 917 παρήγγειλαν
1313 847 1458 902 μένειν
1487 845 1543 886 65

69 904 139 948 ἐπὶ
149 907 234 972 τῆς
262 905 374 955 ι’ὁίας
402 902 581 955 τάξεως,
612 903 684 946 καὶ
714 920 821 954 τους
852 904 1026 957 ἔξωθεν,
1049 905 1105 947 ἂν
1133 903 1456 974 προςβάλωσιν,

70 959 340 1030 ἀμύνασθαι,
371 959 494 1003 αὐτοὶ
525 958 570 1003 δ’
603 960 770 1015 ἔχοντες
798 960 847 1003 τὸ
878 965 966 1004 τῶν
995 962 1228 1005 ἐπιλέκτων
1257 960 1457 1018 σύστημα

68 1018 143 1061 καὶ
171 1017 276 1068 τούς
306 1015 390 1060 άπὸ
413 1021 497 1086 τῆς
521 1014 637 1059 Ἀλεζ
619 1018 844 1087 ανδρείμς
869 1018 1135 1074 προςφάτως
1162 1023 1455 1062 καταπεπλευ-

68 1073 201 1125 κότας
239 1072 503 1127 στρατιώτας
532 1072 741 1129 ω’ρμησαν
781 1074 851 1116 ἐπὶ
878 1075 983 1125 τοὺς
1021 1075 1141 1126 έντός
1168 1079 1251 1118 τοῦ
1283 1076 1456 1131 τείχους

66 1129 509 1185 παρειςπεπτωκότας.
587 1130 1020 1199 περικαταλαβούσης
1058 1131 1103 1174 6'
1141 1130 1328 1200 ημέρας,
1379 1133 1454 1175 καὶ
1482 1136 1539 1175 70

66 1191 152 1230 τοῦ
179 1188 436 1257 Δημητρίου
463 1186 514 1229 τὸ
546 1187 769 1255 σύσσημον
798 1185 1006 1241 ἄραντος,
1046 1189 1090 1231 οἱ
1117 1205 1196 1244 μεν
1225 1193 1287 1246 τῷ
1311 1188 1454 1244 λιμένι

67 1242 398 1311 προςβαλόντες
415 1242 488 1286 καὶ
523 1243 574 1286 τὸ
602 1248 741 1297 τεῖχος
768 1242 991 1286 πάντοθεν
1019 1248 1455 1299 περιεστρατοπεδ-ευ

68 1301 192 1350 κότες
231 1297 559 1370 συνηλάλαξαν,
599 1299 831 1354 εὐθαρσεῖς
859 1305 1093 1352 ποιοῦντες
1127 1302 1230 1352 τοὺς
1259 1308 1453 1373 κατειλη-

70 1356 211 1426 φότας
238 1356 287 1400 τὸ
317 1356 447 1426 μέρος
475 1359 556 1399 τοῦ
585 1357 683 1408 περὶ
711 1356 760 1400 τὸ
790 1357 982 1412 θέατρον
1010 1358 1163 1402 τόπου.
1211 1356 1234 1402 ὁ
1267 1359 1313 1402 δὲ
1341 1376 1452 1402 κατα
1483 1358 1539 1401 75

68 1412 150 1482 τήν
178 1411 308 1456 πόλιν
337 1412 467 1482 ὄχλος
494 1414 665 1456 παίδων
694 1413 1012 1469 καὶγυναικῶν
1041 1415 1087 1458 ἐν
1117 1416 1277 1471 φόβοις
1306 1412 1363 1471 ἦν
1383 1417 1457 1460 καὶ

70 1469 308 1523 δάκρυσιν,
349 1470 408 1521 ὠς
448 1473 526 1525 τῆς
564 1472 775 1524 πατρίδος
814 1487 924 1514 κατα
956 1471 1116 1525 κράτος
1155 1472 1455 1529 ἁλισκομένης.

70 1525 127 1570 οὐ
155 1525 243 1597 μὴν
270 1524 379 1569 άλλα
406 1531 498 1576 τοῖς
526 1531 888 1596 παρειςπεσοῦσιν
927 1527 1050 1579 ἐντός
1080 1533 1163 1572 τοῦ
1191 1531 1361 1584 τείχους
1388 1546 1465 1584 γε-

68 1583 255 1654 νομένης
290 1582 429 1639 μάχης
465 1582 578 1636 πρὸς
615 1583 718 1634 τοὺς
751 1583 973 1635 Ροδίους,
1024 1586 1097 1628 καὶ
1132 1589 1311 1628 πολλῶν
1347 1585 1455 1640 παρ’

68 1637 336 1710 ἀμφοτέροις
372 1639 624 1693 πεσόντων,
673 1639 724 1683 τὸ
771 1640 850 1696 μὲν
897 1645 1076 1696 πρῶτον
1116 1642 1341 1696 οὐδέτεροι
1369 1648 1455 1715 ττῆς
1484 1649 1541 1690 80

69 1698 185 1748 ἰδίας
219 1696 379 1748 τάξεως
423 1695 687 1751 ἐξεχώρουν,
723 1697 828 1752 μετά
869 1698 914 1741 δὲ
952 1703 1092 1741 ταῦτα
1124 1715 1213 1742 των
1253 1699 1334 1754 μεν
1369 1699 1458 1742 ‘Po-

69 1755 179 1797 δίων
213 1752 279 1797 άεὶ
307 1753 524 1797 πλειόνων
552 1754 797 1808 γινομένων
825 1755 899 1797 καὶ
928 1755 1005 1798 τὸν
1033 1757 1247 1799 κίνδυνον
1279 1755 1480 1814 ἑτοίμως

69 1809 406 1881 ὑπομενόντων,
446 1827 506 1860 ως
536 1809 593 1853 α“ν
621 1809 730 1878 ὑπερ
772 1813 980 1864 πατρίδος
1021 1813 1095 1855 καὶ
1123 1816 1213 1855 τῶν
1244 1815 1460 1882 μεγίστων

70 1865 421 1923 ἀγωνιζομένων,
451 1883 541 1909 των
571 1867 617 1910 δὲ
645 1872 725 1910 τοῦ
757 1868 967 1922 βασιλέως
996 1869 1293 1925 θλιβομένων,
1314 1868 1458 1913 ’Ἀλκι-

68 1939 152 1979 μος
179 1940 276 1992 μεν
287 1925 361 1966 καὶ
387 1926 592 1992 Μαντίας
630 1926 674 1966 οί
694 1923 783 1979 τήν
811 1925 1050 1993 ηγεμονίαν
1079 1926 1258 1997 ἔχοντες
1276 1926 1456 1976 πολλοῖς
1484 1929 1540 1971 85

67 1979 374 2033 περιπεσόντες
408 1977 655 2034 τραύμασιν
691 1980 989 2036 ἐτελεύτησαν·
1026 1998 1114 2025 των
1151 1980 1196 2026 δ’
1227 1981 1371 2027 ἄλλων
1412 1984 1457 2028 οἱ

67 2038 262 2080 πλεῖστοι
280 2038 323 2080 οἱ
341 2053 421 2106 μεν
449 2036 496 2090 έν
511 2040 670 2106 χειρῶν
696 2037 818 2093 νόμῳ
836 2036 1169 2109 διεφθάρησαν,
1192 2042 1235 2091 οῖ
1265 2037 1312 2083 6'
1342 2039 1473 2097 ἥλω-

0 2092 165 2144 ἱῗὸσαν,
195 2091 336 2165 ὀλίγοι
365 2092 412 2165 δὲ
440 2109 557 2162 προς
577 2109 656 2136 τον
683 2079 864 2164 βασιλέα
904 2095 1118 2167 φυγόντες
1147 2095 1470 2168 διεσώθησαν·

68 2149 223 2193 πολλοι
253 2150 300 2193 δὲ
327 2149 402 2192 καὶ
428 2153 517 2192 τών
541 2147 721 2193 Ῥοδίων
751 2147 1044 2220 ἀνῃρέθησαν,
1068 2151 1117 2195 έν
1149 2148 1215 2204 οἷς
1241 2148 1298 2209 ἦν
1326 2154 1399 2196 καὶ
1427 2152 1468 2197 ὁ
1482 2160 1538 2200 90

68 2206 281 2262 πρύτανις
308 2205 565 2263 Δαμοτέλης
590 2204 660 2251 ἐπ’
693 2204 827 2266 άρετη
852 2207 1087 2266 γενόμενος
1115 2211 1407 2268 περίβλεπτος.
1458 2227 1471 2256 ι’

71 2385 130 2423 53.
158 2385 337 2431 τούτους]
369 2387 520 2430 τούτοις
542 2389 588 2422 W
771 2389 829 2424 56.
856 2357 1002 2436 σημτίκνῃ
1033 2391 1063 2425 F
1248 2391 1305 2428 57.
1338 2395 1458 2428 ποιεῖ-

72 2435 164 2469 σθαι
186 2446 280 2469 κατα
302 2435 332 2467 F
537 2435 595 2470 60.
621 2434 951 2480 προφυλάττοντας
974 2438 1004 2471 F
1196 2438 1253 2472 62.
1279 2441 1433 2482 κατελαμ
1436 2459 1457 2466 -

71 2477 232 2524 βάνοντο
251 2481 312 2514 FY
322 2481 418 2522 Bas„
435 2483 563 2516 caeteri
578 2482 856 2529 προκατελάβον
859 2497 899 2519 το
1037 2480 1203 2540 Ῥοδίων]
1219 2485 1337 2519 addidi
1360 2498 1454 2528 πρυ-

70 2525 194 2567 τάνεις
396 2507 455 2561 64.
481 2540 549 2571 μεν
571 2539 642 2562 om.
667 2529 748 2565 Bas.
957 2529 1015 2565 66.
1052 2527 1294 2576 ἀμύνασθαι]
1320 2528 1456 2574 α’μύνε-

71 2574 164 2606 σθαι
186 2573 265 2606 FW
401 2572 460 2607 68
480 2574 843 2620 καταπεπλευκότας]
867 2572 1094 2618 στρατιώτας
1117 2576 1214 2612 addit
1236 2577 1353 2611 nescio
1377 2577 1455 2620 ηιιῖῆ

70 2617 293 2673 W'esselingii
473 2620 532 2653 72.
564 2621 1006 2678 περιστρατοπεδενκότες
1035 2623 1118 2658 Bas.
1314 2622 1372 2657 74·
1409 2621 1451 2657 τό

70 2662 182 2707 μέρος
203 2665 254 2706 F,
277 2663 407 2699 caeteri
429 2677 474 2708 με
469 2663 548 2721 ’ρος
723 2666 766 2703 τὸ
803 2680 872 2702 om.
899 2670 982 2704 Bas.
1167 2669 1224 2704 76.
1259 2666 1453 2712 δάκρυσιν]

72 2711 279 2756 διαταραχὴ
310 2712 362 2752 F,
401 2723 457 2755 γρ.
500 2709 658 2754 δάκρυσι
698 2725 823 2758 margo
862 2715 892 2747 F
1082 2714 1143 2749 77.
1187 2715 1283 2752 κατα
1315 2727 1453 2760 κρατος

73 2767 142 2791 om.
165 2757 244 2790 Fw
379 2755 436 2792 86.
461 2757 499 2792 οὶ
521 2761 684 2794 πλεῖστοι
709 2772 777 2793 om.
777 2740 882 2793 0FW

162 2801 243 2837 478.
287 2801 347 2837 90.
369 2801 548 2846 πρύτανις
571 2801 592 2840 6
618 2805 820 2851 δαμοτελής
842 2807 874 2840 F
