1820 3249
297 170 383 210 99⁰
747 165 860 206 Llss.
880 165 972 208 XV
1022 167 1151 209 CAP.
1179 170 1247 211 47

213 286 270 327 47
409 276 750 333 Λακεδαιμόνιοι
782 276 829 321 δὲ
851 277 1093 349 στρατηγὸν
1117 278 1464 336 καταστήσαντες
1485 280 1693 352 Μνάσιπ-

297 350 385 380 πον
413 334 711 388 ἐξαπέστειλαν
739 334 811 378 ἐπὶ
840 334 920 390 τὴν
940 336 1190 405 Κέρκυραν,
1219 337 1373 392 ε’χοντα
1401 337 1592 394 τριήρεις
1612 339 1692 393 μὲν

213 400 267 441 80
298 391 506 448 ἑξήκοντα
532 393 610 451 καὶ
635 390 784 445 πέντε,
815 391 1081 447 στρατιωτας
1113 395 1160 436 δὲ
1188 395 1353 463 χιλίους
1382 396 1456 439 καὶ
1485 410 1694 439 πεντακο-

296 452 434 500 σίους
494 451 623 500 οὐτος
661 449 708 492 δὲ
747 448 1049 499 καταπλεύσας
1089 451 1148 500 εἰς
1185 449 1266 506 τὴν
1293 455 1431 506 νῆσον
1459 452 1534 495 καὶ
1562 468 1694 505 προς-

293 506 535 576 λαβόμενος
572 505 677 557 τούς
728 505 960 577 φυγάδας,
1002 505 1271 556 είςέπλευσεν
1310 509 1371 557 είς
1407 507 1487 551 τὸν
1525 509 1692 564 λιμένα,

293 564 368 608 καὶ
404 562 625 616 τεττάρων
663 561 743 618 μὲν
782 578 896 606 νεων
934 562 1184 617 ἐκυρίευσε,
1220 567 1308 607 τῶν
1348 564 1394 608 δε
1432 562 1695 608 υπολοίπων

293 623 433 673 τριῶν
461 624 575 664 νεῶν
586 624 846 689 φυγουσῶν
877 619 986 673 πρὸς
1014 619 1093 676 τὴν
1118 623 1215 676 γῆν,
1246 622 1376 664 αὑται
1405 638 1485 676 μεν
1513 621 1694 677 ἐνεπρή-

211 685 266 729 85
298 684 472 748 σθησαν
509 675 599 720 ὑπὸ
637 693 727 720 των
768 678 1082 731 Κερκυραίων,
1125 679 1199 720 ἵνα
1239 678 1298 733 μὴ
1337 683 1432 729 τοῖς
1468 680 1695 733 πολεμίοις

295 733 541 790 ὑποχείριοι
570 732 797 788 γένωνται.
854 734 1025 789 ε’νίκησε
1063 733 1110 777 δὲ
1141 735 1216 778 καὶ
1253 738 1359 804 πεζῇ
1395 734 1502 787 τοὺς
1538 735 1608 778 ἐπὶ
1638 739 1694 791 τῇ

294 809 351 847 9²3]
382 792 528 847 λόφον
557 789 655 833 τινὰ
685 790 1077 846 κατειλημμένους,
1107 791 1182 834 καὶ
1210 791 1410 836 καθόλου
1440 790 1586 836 πολύν
1615 793 1696 846 φό-

295 852 379 906 βον
417 853 510 899 τοῖς
540 848 836 901 Κερκυραίοις
867 847 1108 902 ἐπέστησεν.
1160 845 1391 917 Ἀθηναῖοι
1428 849 1475 893 δὲ
1509 849 1583 892 καὶ
1613 847 1696 892 πά·-

296 909 370 948 λαι
398 921 477 961 μεν
507 903 848 947 ἀπεστάλκεισαν
879 904 1101 959 Τιμόθεον
1133 903 1213 948 τὸν
1241 904 1454 957 Κόνωνος
1483 905 1553 949 ἐπὶ
1594 905 1696 975 βοή-

211 967 267 1007 90
296 968 427 1005 θειαν
455 966 547 1012 τοῖς
576 962 870 1015 Κερκυραίοις
908 977 1015 1014 μετα
1052 976 1165 1005 νεων
1195 961 1416 1017 ἑξήκοντα.
1477 963 1608 1013 οὐτος
1647 961 1696 1006 δὲ

295 1019 384 1071 πρὸ
414 1022 491 1072 ,τῆς
514 1019 757 1089 συμμαχίας
781 1017 939 1073 ταύτης
959 1018 1149 1069 πλεύσας
1178 1018 1246 1061 ἐπὶ
1272 1018 1460 1076 Θράκης,
1491 1020 1564 1062 καὶ
1590 1024 1696 1062 πολ-

296 1076 378 1126 λάς
406 1075 550 1126 πόλεις
588 1074 657 1118 ἐπὶ
695 1076 944 1143 συμμαχίαν
980 1074 1406 1131 προςκαλεσάμενος,
1447 1076 1696 1132 προςέθηκε

296 1132 532 1187 τριάκοντα
570 1129 771 1187 τριήρεις.
828 1130 926 1175 τότε
967 1132 1012 1176 δὲ
1041 1137 1327 1186 καθυστερεῖν
1364 1137 1441 1188 τῆς
1468 1137 1558 1176 τῶν
1582 1136 1696 1186 Κερ-

213 1190 269 1235 95
298 1191 499 1242 κυραίων
528 1190 793 1260 συμμαχίας,
832 1187 882 1232 τὸ
924 1205 1002 1244 μεν
1029 1193 1208 1244 πρῶτον
1238 1189 1427 1260 ἀπέβαλε
1458 1188 1540 1246 τήν
1571 1200 1696 1244 στρα-

293 1249 471 1317 τηγίαν,
510 1250 592 1289 τοῦ
635 1245 779 1302 δήμου
825 1248 1022 1315 χαλεπῶς
1058 1245 1172 1300 πρὸς
1214 1245 1350 1290 αὐτὸν
1391 1246 1695 1298 διατεθέντος·

294 1321 357 1355 ως
407 1304 454 1347 δὲ
492 1302 788 1357 παρέπλευσεν
839 1303 900 1354 είς
943 1302 1020 1353 τὰς
1054 1301 1270 1359 Ἀθήνας,
1311 1302 1432 1359 άγων
1472 1304 1696 1372 πρέσβεων

293 1365 470 1430 πληθος
497 1364 588 1403 τῶν
616 1358 697 1416 τὴν
719 1360 968 1429 συμμαχίαν
994 1360 1333 1429 συντιθεμένων,
1362 1360 1436 1404 καὶ
1457 1359 1696 1418 τριάκοντα

293 1416 490 1487 τριήρεις
522 1415 841 1471 προςτεθεικως
879 1417 1024 1459 πάντα
1062 1433 1107 1460 τε
1153 1416 1232 1460 τὸν
1282 1415 1440 1460 στόλον
1482 1418 1531 1460 εὐ
1570 1433 1696 1461 κατε-

180 1481 263 1524 100
293 1473 521 1525 σκευακώς
558 1473 676 1543 πρὸς
707 1472 787 1516 τόν
825 1471 1041 1528 πόλεμον,
1081 1473 1339 1544 μετενόησεν
1377 1472 1401 1517 ὁ
1442 1475 1580 1530 δῆμος
1619 1474 1695 1516 καὶ

289 1532 426 1578 πάλιν
468 1529 587 1589 αὐτῷ
626 1528 707 1585 τήν
756 1531 1020 1600 στρατηγίαν
1064 1529 1406 1600 ἀποκατέστησε.
1465 1546 1701 1601 προςκατε-Ἰ

290 1590 507 1642 σκεύαζον
538 1576 584 1631 δὲ
613 1587 687 1631 καὶ
712 1585 828 1641 [τας]
859 1585 990 1638 άλλας
1019 1586 1208 1658 τριήρεις
1229 1585 1556 1641 τετταράκοντα,
1587 1587 1705 1638 ὤςτε

290 1648 370 1699 τάς
419 1645 610 1715 [ἄλλας]
659 1643 802 1694 πάσας
857 1645 1060 1699 γίνεσθαι
1111 1644 1267 1688 έκατόν
1318 1645 1393 1688 καὶ
1436 1643 1693 1697 τριάκοντα·

291 1705 526 1749 εποιοῦντο
558 1701 604 1745 δε
640 1701 715 1745 καὶ
746 1702 871 1744 σίτου
901 1701 976 1744 καὶ
1014 1704 1154 1756 βελων
1190 1701 1290 1744 καὶ
1303 1717 1393 1744 των
1433 1699 1576 1744 άλλων
1604 1717 1696 1744 των

209 1769 236 1813 5
295 1764 357 1813 εἰς
385 1759 463 1804 τὸν
491 1755 684 1828 πόλεμον
712 1758 942 1828 χρησίμων
966 1755 1222 1826 ἀξιολόγους
1250 1756 1541 1812 παρασκευάς.
1583 1773 1696 1801 κατα

297 1820 344 1863 δε
374 1816 423 1861 τό
459 1814 605 1872 παρὸν
646 1813 889 1885 στρατη,)ὀν
923 1813 1122 1869 ελόμενοι
1150 1815 1396 1870 Κτησικλέα
1426 1831 1530 1870 μετα
1569 1826 1696 1871 στρα-

294 1878 465 1919 τιωτῶν
494 1873 794 1917 πεντακοσίων
822 1869 1063 1926 ἐξέπεμψαν
1091 1872 1375 1944 βοηθήσοντα
1402 1876 1494 1922 τοῖς
1521 1874 1696 1926 Κερκυ-

297 1934 452 1987 ραίοις.
513 1924 643 1979 οὗτος
673 1928 719 1971 δὲ
749 1926 893 1985 λάθρα
922 1927 1082 1980 νυκτὸς
1111 1928 1239 1972 ε’λαθε
1271 1928 1378 1980 τούς
1407 1932 1696 1983 πολιορκοῦν-

296 2006 376 2040 τας
396 1985 656 2038 είςπλεύσας
700 1985 760 2036 εἰς
800 1985 1054 2040 Κέρκυραν
1096 1986 1170 2028 καὶ
1209 1984 1472 2055 καταλαβων
1511 2002 1616 2036 τους
1644 1985 1694 2028 έν

216 2056 268 2095 10
294 2051 348 2104 τῇ
377 2044 502 2090 πόλει
530 2042 643 2097 πρὸς
674 2059 753 2098 μεν
785 2041 1001 2098 άλληλους
1031 2042 1360 2096 στασιάζοντας,
1403 2040 1458 2085 τά
1497 2042 1544 2085 δὲ
1580 2041 1692 2085 κατά

294 2105 375 2148 τὸν
404 2102 596 2171 πόλεμον
623 2115 767 2149 κακως
797 2101 1093 2152 διοικοῦντας,
1125 2099 1202 2151 τάς
1241 2117 1322 2155 μεν
1356 2098 1526 2149 στάσεις
1556 2097 1694 2142 διέλυ-

296 2173 366 2214 σε,
403 2163 480 2214 τῆς
521 2156 567 2201 δε
607 2156 774 2207 πόλεως
813 2155 980 2212 πολλὴν
1020 2155 1264 2212 ἐπιμέλειαν
1291 2155 1586 2229 ποιησάμενος
1626 2153 1695 2199 εὖ-
1725 2167 1772 2204 39

294 2222 478 2274 θαρσεῖς
508 2215 681 2272 ἐποίησε
709 2211 816 2266 τούς
843 2213 1263 2271 πολιορκουμένους.
1294 2214 1368 2259 καὶ
1397 2212 1447 2257 τὸ
1478 2211 1558 2270 μὲν
1578 2227 1702 2270 πρω-

297 2400 354 2435 77.
379 2397 565 2444 μνάσιπον
587 2396 620 2433 F
767 2397 826 2434 82.
849 2395 1036 2454 τεττάρων
1051 2394 1132 2442 μεν]
1159 2394 1338 2443 τέσσαρας
1360 2408 1428 2440 μεν
1450 2395 1567 2431 τωνΡ

296 2447 356 2482 83.
377 2412 607 2490 ὑπολοίπων]
629 2446 769 2481 λοιπων
785 2446 825 2488 L,
845 2442 1178 2480 υπολοιπουσῶνῈ
1316 2442 1373 2482 84.
1378 2441 1690 2500 ἐνεπρήσθησαν]

298 2492 560 2550 ἐνεπρήθησαν
590 2493 621 2525 A
858 2491 917 2526 86.
951 2491 1039 2551 πεζῇ
1071 2503 1141 2525 om.
1173 2489 1264 2524 FIK
1462 2490 1519 2523 88.
1555 2487 1596 2524 δε
1627 2489 1692 2524 καὶ

297 2540 412 2575 πάλαι
436 2537 501 2583 μεν
527 2535 667 2593 dazzon]
694 2535 761 2582 μεν
785 2533 910 2572 άπεστ.
935 2538 998 2573 καὶ
1021 2536 1137 2573 πάλαι
1160 2537 1189 2571 L
1360 2535 1419 2572 89.
1445 2534 1522 2580 ἐπὶ]
1552 2532 1645 2578 πρὸς
1662 2536 1690 2569 n
1710 2579 1715 2586 ἲ

298 2587 355 2621 92.
380 2582 741 2628 προςκαλεσάμενος]
774 2583 883 2618 immo
905 2580 1224 2639 προκαλεσάμενος
1427 2582 1486 2617 94.
1512 2580 1691 2628 α’πέβαλε]

300 2631 504 2688 άπεβάλετο
530 2632 594 2664 FK
776 2630 834 2666 98.
864 2628 987 2665 πάντα
1014 2631 1076 2674 τε]
1107 2627 1230 2664 πάντα
1255 2621 1295 2664 δε
1318 2628 1365 2664 ID
1522 2629 1556 2663 1.
1579 2640 1692 2672 προς-

299 2676 537 2721 κατεσκεύαζε
572 2675 756 2710 Reiskius·
787 2676 868 2710 libri
901 2674 1259 2734 προκατασκευάζων
1473 2673 1539 2714 τοὶς
1573 2676 1690 2708 delen-

300 2728 384 2760 dum
568 2721 845 2765 τεσσαράκοντα
877 2724 908 2756 F
1102 2724 1136 2757 2.
1175 2722 1264 2762 ‹Egrs
1297 2721 1480 2756 Reiskius.
1520 2721 1606 2756 libri
1639 2716 1690 2758 ὥς

300 2773 364 2808 καὶ
549 2782 615 2810 τας
651 2767 764 2809 ἄλλοις
797 2767 936 2815 πάσας]
973 2767 1041 2826 τοὶς
1074 2769 1195 2811 πάσας
1219 2767 1472 2814 wesseliugius
1625 2800 1628 2802 ,
1654 2765 1709 2802 4..

299 2816 367 2855 τὸν
390 2818 566 2864 πόλεμον]
591 2813 753 2861 πόλεμον
777 2816 843 2852 ΕΚ
