1820 3249
305 180 388 219 98⁰
739 174 858 216 LlB.
915 170 1004 218 XV.
1035 175 1169 218 CAP.
1199 179 1269 219 36.

310 288 358 331 ἐν
390 289 445 343 τῇ
483 285 627 344 Ῥώμῃ
657 286 848 358 Μάρκος
874 287 1079 340 Μᾶνλιος
1117 287 1430 345 ἐπιβαλόμενος
1465 288 1696 342 τυραννίδι

719 361 727 378 Ι

227 390 281 428 34)
310 361 384 388 xm
392 341 1050 472 Ἒὲτηῖξχὲνῖἑέῗθῖἰθηνησι
1074 401 1361 471 Χαριάνδρου
1387 399 1592 456 Ρωμαῖοι
1618 400 1698 455 μὲν

228 446 279 487 85
310 454 407 500 ἀντὶ
435 474 523 500 των
562 457 743 501 ὑπάτων
783 458 1035 528 χιλιάρχους
1062 461 1329 514 κατέστησαν
1353 459 1578 526 τέτταρας,
1619 461 1698 500 Σε-

309 514 464 568 ρούιον
495 517 789 565 Σουλπίκιον,
819 515 1021 559 Λεύκιον
1055 517 1300 569 Παπίριον,
1340 514 1593 569 Κορνηλιον
1627 516 1697 556 Τι’-

308 587 387 614 τον
415 571 488 614 καὶ
519 571 712 626 Μάρκον
740 573 970 624 Κοΐντιον,
1007 570 1166 614 Ἠλεῖοι
1197 570 1238 614 δ’
1270 570 1439 626 ἤγαγον
1466 570 1698 623 Ὀλυμπιά-

225 649 277 688 90
309 629 363 672 δα
403 627 583 685 πρώτην
619 628 730 684 πρὸς
769 634 864 680 ταῖς
901 627 1079 677 ἑκατόν,
1115 627 1221 672 καθ’
1267 627 1324 683 ἢν
1360 629 1481 671 ἐνίκα
1519 626 1698 671 στάδιον

306 684 474 741 Δάμων
506 685 707 742 Θούριος.
766 685 836 728 ἐπὶ
876 686 922 729 δὲ
950 684 1122 728 τούτων
1164 685 1210 728 ἐν
1248 702 1300 741 τῃ
1325 686 1483 757 Θρᾴκη
1515 688 1699 740 Τριβαλ-

307 744 375 786 λοὶ
406 744 595 798 σιτοδείᾳ
635 740 881 797 πιεζόμενοι
923 743 1137 797 πανδημεὶ
1162 743 1391 796 στρατείαν
1429 742 1694 798 ἐποιήσαντο

307 798 419 853 πρός
447 817 528 853 την
555 800 799 853 ὑπερόριον
830 799 1001 869 χώραν,
1041 800 1115 841 καὶ
1141 799 1217 849 τάς
1246 798 1415 853 τροφὰς
1445 799 1491 841 ἐκ
1520 803 1594 854 τῆς
1624 797 1696 841 α’λ-

308 857 481 909 λοτρίας
510 862 588 911 γῆς
619 857 887 908 ἐπορίζοντο.
948 854 1071 905 ὄντες
1104 855 1150 899 ὁὲ
1190 860 1366 906 πλείους
1401 859 1489 898 τῶν
1524 873 1696 909 τριςιιυ-

225 926 277 967 05
309 915 420 966 ρίων
449 913 646 968 ἐπῆλθον
673 912 754 969 τήν
783 923 829 956 τε
857 911 1035 982 ὅμορον
1051 911 1231 970 Θρᾴκην
1260 913 1334 955 καὶ
1371 912 1453 982 τὴν
1478 917 1570 955 τῶν
1605 911 1695 968 Ἀβ-

310 972 497 1040 δηριτῶν
524 969 673 1025 χώραν
712 969 967 1025 ἐπόρθησαν
1010 967 1176 1020 ἀδεῶς·
1218 972 1380 1024 πολλῆς
1409 968 1456 1012 δε
1485 968 1640 1022 ὤφελε
1627 986 1696 1020 ιας

307 1026 620 1079 κυριεύσαντες
654 1025 1108 1098 καταπεφρονηκότως
1146 1025 1220 1069 καὶ
1257 1025 1451 1077 ατάκτως
1487 1027 1566 1082 τὴν
1594 1025 1696 1069 ε’πα-

307 1087 446 1155 νοὸον
475 1084 722 1127 ἐποιοῦντο.
762 1085 805 1127 οἱ
834 1083 877 1126 δ’
903 1081 1152 1151 Ἀβδηρῖται
1162 1083 1386 1152 πανδημεὶ
1409 1057 1697 1137 στρατεύσαν-

201 1159 276 1199 100
307 1157 376 1191 τες
405 1138 472 1183 ἐπ’
505 1139 670 1190 αὐτοὺς
698 1141 772 1184 καὶ
792 1139 1020 1196 σποράδην
1049 1142 1120 1183 καὶ
1144 1138 1338 1188 ἀτάκτως
1370 1138 1450 1196 τὴν
1477 1139 1698 1184 ε’πανοδον

305 1195 599 1253 ποιουμένους
627 1199 804 1248 πλείους
831 1201 922 1240 τῶν
952 1199 1168 1252 διςχιλίων
1197 1197 1385 1240 ανεῖλον.
1441 1198 1485 1240 οἱ
1517 1197 1568 1240 δὲ·
1595 1198 1698 1252 βάρ-

307 1257 438 1310 βαροι
475 1254 835 1307 παροξυνθέντες
861 1253 932 1297 ἐπὶ
959 1259 1049 1305 τοῖς
1071 1254 1399 1323 συμβεβηκόσι,
1438 1254 1512 1296 καὶ
1543 1253 1698 1308 βουλό-

307 1327 432 1381 μενοι
469 1311 585 1363 τοὺς
616 1309 869 1366 Ἀβδηρίτας
911 1309 1270 1367 τιμωρήσασθαι,
1319 1310 1453 1353 πάλιν
1489 1311 1696 1367 ἐνέβαλον

310 1365 459 1412 αὐτων
483 1370 574 1419 εἰς
584 1367 663 1424 τὴν
691 1367 848 1424 χώραν.
897 1385 939 1411 οι
969 1368 1014 1411 δὲ
1044 1366 1408 1421 προνενικηκότες
1437 1369 1696 1420 ἐπαρθέντες

310 1428 371 1478 τῷ
400 1425 717 1495 προτερήματι
749 1426 821 1468 καὶ
850 1428 938 1468 τῶν
965 1425 1280 1481 πλησιοχώρων
1311 1429 1500 1481 Θρακῶν
1529 1437 1697 1494 συμμα-

227 1436 252 1477 01

310 1485 408 1538 χίαν
455 1479 805 1526 ἀποστειλάντων
854 1480 1026 1533 αὐτοῖς,
1072 1482 1364 1535 παρετάξαντο
1401 1486 1494 1532 τοῖς
1535 1479 1700 1537 βαρβά-

310 1556 415 1592 ροις.
482 1539 742 1610 γενομένης
756 1539 800 1582 δε
848 1538 984 1594 μα’χης
1018 1540 1220 1594 ἰσχυρας,
1266 1555 1340 1581 και
1377 1542 1466 1580 τῶν
1507 1542 1698 1595 Θρακῶν

310 1596 673 1665 μεταβαλομένων
722 1595 877 1651 α’φνω,
926 1595 1200 1649 μονωθεντες
1244 1597 1288 1639 οἱ
1330 1593 1578 1650 Ἀβδηρῖται
1621 1596 1697 1640 καὶ

310 1653 606 1703 κυκλωθέντες
635 1651 722 1695 ὑπὸ
763 1657 843 1695 τοῦ
881 1651 1080 1708 πλήθους
1115 1669 1206 1695 των
1244 1652 1507 1721 βαρβάρων,
1543 1652 1698 1708 σχεδὸν

232 1719 281 1757 10
312 1709 430 1752 ἅπαν
433 1726 499 1760 τες
529 1711 573 1753 οἱ
601 1714 677 1764 τῆς
709 1709 848 1765 μάχης
876 1707 1178 1780 μετεσχηκότες
1212 1708 1528 1778 κατεκόπησαν.
1585 1714 1699 1764 τηλι-

311 1766 464 1822 καύτη
478 1766 524 1809 δὲ
555 1771 768 1822 συμφοριῖ
794 1770 882 1808 τῶν
897 1765 1161 1821 Ἀβδηριτῶν
1189 1764 1592 1820 περιπεπτωκότων,
1622 1767 1696 1809 καὶ

311 1823 557 1892 μελλόντων
586 1827 935 1877 πολιορκεῖσθαι,
982 1825 1179 1879 Χαβρίας
1213 1824 1236 1866 ὁ
1271 1821 1503 1878 Ἀθηναῑος
1539 1824 1698 1878 ἐπιφα·

312 1880 402 1931 νεὶς
437 1878 544 1935 ’μετα
582 1878 808 1935 δυνάμεως
845 1879 1021 1931 ἐξείλετο
1050 1885 1139 1922 τῶν
1169 1879 1389 1923 κινδύνων
1417 1896 1522 1931 τους
1553 1880 1697 1936 Ἀβδη-

230 1941 280 1983 15
312 1938 456 2007 ρίτας,
490 1936 565 1979 καὶ
592 1954 696 1987 τους
725 1953 803 1992 μεν
831 1935 1085 2007 βαρβάρους
1111 1937 1151 1979 ἐ
1133 1937 1314 1992 ζήλασεν
1343 1937 1390 1980 ἐκ
1427 1941 1504 1991 τῆς
1534 1938 1693 2008 χώρας,

310 1993 358 2036 ἐν
400 1992 471 2036 δὲ
468 2010 535 2050 τῃ
577 1994 700 2036 πόλει
739 1994 947 2062 φρουρὰν
994 1992 1221 2063 αξιόλογον
1268 1993 1521 2037 καταλιπών
1561 1994 1694 2044 αὐτὸς

310 2048 396 2093 ὑπό
425 2066 560 2094 τινων
588 2049 909 2106 ἐδολοφονήθη.
971 2049 1183 2122 Τιμόθεος
1220 2050 1266 2094 δε
1303 2051 1575 2106 παραλαβων
1613 2067 1695 2123 την

309 2108 575 2177 ναυαρχίαν,
615 2107 688 2150 καὶ
725 2107 916 2156 πλεύσας
954 2123 1013 2157 εις
1050 2108 1131 2163 τὴν
1166 2109 1495 2178 Κεφαλληνίαν;
1534 2124 1613 2159 τας
1649 2105 1694 2151 τ’

1728 411 1773 444 60

310 2180 358 2206 εν
387 2162 500 2233 αὕτη
533 2163 680 2214 πόλεις
707 2179 1001 2219 προςηγαγετο
1031 2166 1106 2208 καὶ
1134 2165 1210 2216 τὰς
1240 2165 1349 2207 κατοὶ
1376 2181 1458 2219 την
1483 2162 1695 2219 Ἀκαρνα-
1745 2175 1749 2177 ”

231 2225 285 2273 20
309 2221 412 2264 νίαν
441 2218 603 2276 ὁμοίως
631 2220 799 2265 ε’πεισεν
826 2220 1061 2266 ἀποκλῖναι
1088 2221 1201 2278 πρὸς
1224 2220 1498 2280 Ἀθηναίους.
1551 2220 1712 2266 Ἀλκέ-ἰ

316 2354 375 2390 83.
400 2354 571 2397 Μάνλιος
593 2357 972 2402 Wes.=eling³us.1ibri
995 2360 1182 2401 Μανίλιος

405 2403 463 2437 30.
483 2403 539 2440 85.
564 2401 741 2451 Ἀθήνῃσι
757 2405 875 2448 AFIL,
895 2407 1022 2440 caeteri
1046 2405 1214 2454 Ἀθήνησι
1229 2402 1297 2450 μεν
1432 2403 1690 2459 Χαριανδρον]

315 2447 394 2481 wide
412 2451 669 2484 annotatffonem
806 2451 863 2487 87.
885 2451 1061 2495 τέσσαρας
1078 2455 1108 2487 F
1261 2451 1464 2498 Παπίριον]
1489 2449 1690 2494 Παπύριον

313 2495 397 2528 libri
535 2497 591 2531 88.
614 2495 821 2543 Κορνήλιον
839 2504 917 2541 post
930 2498 1116 2545 Σερούιον
1138 2499 1235 2554 ponit
1252 2500 1280 2532 A
1404 2499 1563 2541 Μαρκον
1581 2510 1649 2531 om.
1660 2500 1689 2532 Α

315 2540 508 2599 Κοΐντιον]
529 2543 729 2579 Κοΐνκτιον
745 2544 797 2584 Κ,
819 2555 887 2578 om.
912 2546 941 2579 Α
1084 2546 1142 2581 89.
1165 2547 1187 2580 6
1194 2542 1217 2589 ²]
1238 2543 1278 2580 δὲ
1297 2545 1347 2578 F
1463 2546 1522 2582 91.
1553 2545 1691 2590 Τριβα-

313 2587 373 2622 λοὶ
399 2588 429 2621 F
601 2589 681 2624 100.
704 2589 973 2645 ποιουμένους]
994 2591 1236 2648 ποιουμένοις
1256 2593 1287 2625 A
1469 2592 1503 2626 7.
1528 2593 1689 2636 μεταβα-

313 2632 478 2687 λομὲνων
500 2635 571 2677 FI,
601 2636 728 2669 caeteri
750 2637 1078 2681 μεταβαλλομένων
1283 2638 1338 2671 12
1363 2604 1553 2694 Χαβρίαςμ
1559 2637 1710 2674 ἐδολσ“-“

317 2692 416 2725 φονη
406 2677 496 2724 ’θη]
526 2680 704 2715 reviviscit
725 2693 789 2725 cap
793 2682 883 2718 .68.
910 2689 944 2718 et
967 2696 1026 2726 pos
1012 2689 1102 2718 :stea-
1127 2684 1242 2720 simile
1265 2684 1346 2728 quid
1371 2685 1545 2719 commisit
1567 2685 1601 2719 in
1626 2685 1691 2717 Ar

315 2726 476 2761 chidamo
510 2727 586 2760 XII.
611 2726 667 2760 35.
719 2728 781 2763 ubi
805 2740 839 2764 v.
864 2732 1121 2766 annotationem
1325 2730 1380 2766 18.
1414 2734 1561 2769 Κεφαλλ
1565 2729 1698 2776 ηνιᾙαν]

314 2773 553 2827 Κεφαληνίαν
578 2774 637 2807 ΑΙ
642 2774 690 2807 ΙΚ
887 2773 954 2818 τάς
983 2775 1018 2812 τ’
1054 2775 1096 2813 ἐν
1131 2774 1231 2825 αὐτῇ
1249 2775 1373 2819 πόλεις
1394 2778 1574 2813 Reiskius:
1606 2775 1688 2811 libri

311 2817 376 2860 τοὶς
399 2831 438 2855 τε
458 2820 554 2861 ναῦς
576 2820 621 2866 τῇ
641 2816 744 2856 πόλει
