1820 3249
492 194 604 237 ΜΒ.
630 192 736 236 xvl.
775 191 1084 238 CAP.29.30.
1352 197 1461 240 1069

109 310 188 352 τοῦ
233 305 478 376 ὀφλήματος
509 303 676 375 ὁμοίας
720 308 811 357 τοῖς
859 307 1060 375 Φωκεῦσι
1102 305 1177 355 τὰς
1223 303 1461 362 ἀποφάσεις

108 364 355 414 ἐποιοῦντο,
395 363 589 432 λέγοντες
616 361 775 413 ἀδίκως
801 361 889 405 υπὸ
919 366 1007 405 τῶν
1035 360 1360 417 Ἀμφικτυόνων
1387 381 1462 407 κα-·
1491 366 1544 408 45

108 418 422 464 ταδεδικάσθαι.
479 417 628 473 διόπερ
658 422 811 462 κοινοῦ
841 416 967 469 ὄντος
996 422 1075 461 τοῦ
1098 418 1398 473 συμφέροντος
1421 422 1463 463 οί

108 475 441 531 Λακεδαιμόνιοι
468 474 566 519 κατ’
595 477 710 519 ἰδίαν
739 475 818 531 μὲν
847 473 1021 519 ὤκνουν
1050 472 1160 528 υπὲρ
1190 478 1265 528 τῆς
1290 478 1462 519 καταδί-

108 549 184 589 κης
221 532 412 602 ἅρασθαι
446 531 524 576 τὸν
548 531 776 602 πόλεμον,
828 531 899 575 διοὶ
933 531 978 574 δὲ
1006 535 1085 574 τοῦ
1115 530 1348 585 προςώπου
1375 548 1463 574 των

108 587 294 632 Φωκέων
321 587 713 644 εὐσχημονέστερον
748 589 919 642 ἔκρινον
946 586 1173 641 ἀκυρῶσαι
1201 587 1275 638 τὰς
1303 589 1463 641 κρίσεις
1493 594 1546 635 50

105 660 192 687 των
215 643 556 700 Ἀμφικτυόνων.
615 645 689 689 διὰ
726 645 779 700 δὴ
818 644 978 695 ταύτας
1013 644 1088 695 τάς
1125 645 1262 694 αἰτίας
1298 643 1463 699 ἑτοιμό-

105 717 209 744 τατα
238 701 510 757 συνεμάχουν
534 705 625 752 τοῖς
651 704 850 745 Φωκεῦσι
877 700 951 744 καὶ
978 700 1058 758 τὴν
1087 702 1353 756 προστασίαν
1382 705 1463 744 τοῦ

106 758 227 812 ἱεροῦ
256 757 651 829 συγκατεσκεύαζον
680 756 839 809 αὐτοῖς.
1491 791 1546 829 ,3⁰

217 816 422 869 Φανεροῦ
455 812 495 858 δ’
526 812 651 866 ὄντος
679 814 746 858 ὅτι
776 815 897 870 [καὶ]
928 813 1114 857 Βοιωτοὶ
1143 811 1303 883 μεγάλῃ
1325 813 1462 886 δυνά·
1491 813 1546 887 ‘55

99 885 170 925 μει
198 870 536 941 στρατεύσουσιν
564 871 633 915 ἐπὶ
661 870 763 922 τούς
793 874 969 923 Φωκεῖς,
999 869 1022 913 6
1052 869 1335 926 Φιλόμηλος’
1322 870 1462 926 ε’κρινε

100 927 389 997 μισθοφόρων
436 925 654 982 ἀθροίζειν
691 931 871 998 πλῆθος.
934 928 1253 1000 προςδεομένου
1294 927 1339 970 δὲ
1378 930 1460 970 τοῦ

100 983 290 1053 πολέμου
311 984 539 1040 χρημάτων
559 983 786 1037 πλειόνων,
815 982 1075 1041 ἠναγκάζετο
1097 989 1187 1035 τοῖς
1205 986 1336 1039 ἱεροῖς
1357 982 1460 1027 ἀνα-

99 1038 292 1109 θήμασιν
329 1041 545 1112 ἐπιβαλεῖν
586 1040 663 1092 τάς
696 1045 839 1096 χεῖρας
874 1042 948 1084 καὶ
985 1044 1122 1083 συλᾶν
1158 1040 1208 1084 τὸ
1234 1045 1456 1110 μαντεῖον.

100 1096 461 1168 ’ὑποστησαμένου
491 1095 537 1140 δ’
566 1095 704 1140 αὐτοῦ
732 1102 823 1148 τοῖς
851 1097 990 1149 ξένοις
1007 1097 1195 1152 μισθους
1220 1096 1458 1152 ἡμιολίους,
1489 1101 1542 1140 60

100 1152 204 1212 ταχὺ
235 1157 414 1223 πλῆθος
429 1153 650 1210 η’θροίσθη
677 1153 987 1223 μισθοφόρων,
1015 1158 1187 1197 πολλῶν
1215 1153 1461 1197 ὑπακουόν-

99 1221 186 1253 των
219 1209 330 1279 πρὸς
365 1209 445 1280 τήν
483 1212 707 1264 στρατείαν
743 1209 816 1253 διά
853 1209 901 1254 τὸ
937 1209 1118 1279 μέγεθος
1156 1226 1244 1253 των
1273 1214 1458 1265 μισθων.

26 1273 90 1308 105
104 1269 193 1309 τῶν
228 1266 307 1322 μὲν
342 1262 424 1310 οὖν
448 1266 645 1311 ἐπιεικῶν
673 1265 847 1320 ἀνδρων
873 1265 1016 1317 οὐδεὶς
1044 1264 1324 1336 ἀπεγράψατο
1354 1266 1461 1323 πρὸς

99 1321 179 1379 τήν
208 1325 433 1378 στρατείαν
461 1323 534 1368 διὰ
563 1325 642 1395 τήν
668 1323 775 1379 πρὸς
810 1323 913 1392 τοὺς
949 1323 1082 1374 θεοὺς
1120 1323 1363 1379 εὐσέβειαν,
1416 1324 1462 1366 οἱ

101 1381 146 1422 δὲ
164 1379 472 1450 πονηρότατοι
510 1381 582 1424 καὶ
612 1384 730 1423 θεῶν
759 1379 831 1423 διά
859 1381 937 1448 τὴν
965 1382 1211 1432 πλεονεξίαν
1239 1396 1460 1451 καταφρο-
1487 1381 1543 1424 65

99 1440 277 1488 νοῦντες
305 1435 544 1491 προθύμως
571 1436 825 1506 συνέτρεχον
853 1435 963 1490 πρὸς
990 1437 1068 1479 τόν
1095 1435 1358 1505 Φιλόμηλον,
1387 1436 1462 1479 καὶ

101 1492 206 1562 ταχύ
236 1491 417 1548 δύναμις
441 1492 601 1562 ἰσχυρά
632 1494 813 1551 συνέστη
842 1497 930 1536 τῶν
965 1492 1073 1546 πρὸς
1103 1493 1180 1548 τὴν
1210 1495 1461 1548 ἱεροσυλίαν

101 1547 373 1621 ὁρμωμένων.
431 1548 454 1592 6
497 1566 574 1604 μεν
614 1552 697 1594 οὑν
728 1548 970 1605 Φιλόμηλος
999 1548 1071 1592 διὰ
1099 1549 1148 1592 τὸ
1177 1550 1373 1619 μέγεθος
1386 1553 1462 1605 τῆς

101 1605 305 1675 εὐπορίας
333 1604 439 1674 ταχὺ
469 1606 656 1675 δύναμιν
684 1604 915 1661 ἀξιόχρεων
933 1605 1284 1649 κατεσκευάσατο.
1324 1604 1460 1657 εὐθὺς
1489 1620 1544 1658 70

103 1678 186 1704 ουν
215 1660 494 1733 ἐστράτευσεν
523 1663 581 1713 εἰς
609 1661 688 1717 τὴν
716 1667 804 1705 τῶν
828 1665 1015 1715 Λοκρῶν
1041 1678 1188 1718 χωραν
1210 1663 1319 1718 ἔχων
1338 1675 1464 1717 στρα-

99 1717 254 1769 τιώτας
286 1721 429 1769 ἱππεῖς
457 1734 500 1762 τε
529 1719 601 1762 καὶ
630 1718 784 1772 πεζοὺς
817 1720 992 1768 πλείους
1013 1723 1100 1761 τῶν
1119 1721 1303 1774 μυρίων.
1350 1718 1464 1762 ἀντι-

99 1774 344 1830 ταχθέντων
382 1775 428 1819 δε
462 1791 552 1819 των
585 1779 796 1828 Λοκρων,
839 1775 910 1818 καὶ
949 1778 1037 1818 τῶν
1068 1779 1272 1818 Βοιωτῶν
1280 1778 1463 1846 βοηθη-

99 1832 271 1875 σάντων
296 1835 386 1883 τοῖς
403 1835 608 1886 Λοκροῖς,
636 1834 874 1901 ιππομαχία
895 1830 1090 1886 συνέστη,
1123 1830 1228 1874 καθ’
1259 1831 1315 1888 ἢν
1338 1832 1463 1885 ἐπρο-

98 1889 280 1957 τέρησαν
320 1889 364 1930 οἱ
416 1891 591 1939 Φωκεῖς.
655 1888 759 1945 μετὰ
795 1890 842 1932 δὲ
882 1891 1018 1931 ταῦτα
1055 1889 1098 1930 οἱ
1134 1887 1213 1943 μὲν
1254 1889 1460 1932 Θετταλοὶ
1488 1894 1543 1935 75

99 1944 202 2000 μετά
231 1948 319 1987 τῶν
347 1945 656 2015 πλησιοχώρων
683 1944 918 2001 συμμάχων
947 1941 1259 1999 ἀθροισθέιτες
1287 1947 1345 1996 εἰς
1373 1944 1462 1997 ἐξα-

99 2002 329 2057 κιςχιλίους
357 1996 467 2056 ἧκον
495 2003 555 2052 εἰς
583 1999 664 2057 τὴν
684 2004 892 2072 Λοκρίδα,
921 2001 994 2045 καὶ
1024 2000 1292 2052 συνάψαντες
1319 2000 1462 2072 μάχην

98 2062 190 2108 τοῖς
231 2061 428 2101 Φωκεῦσι
458 2058 552 2113 περὶ
581 2059 726 2112 λόφον
751 2056 956 2113 ’Λργόλαν
985 2056 1307 2113 ὀνομαζόμενον
1333 2057 1462 2115 ἡττή-

98 2119 255 2170 θησαν.
273 2113 591 2184 ἐπιφανέντων
620 2116 665 2158 δὲ
695 2118 902 2158 Βοιωτων
933 2116 1105 2185 μυρίοις
1126 2115 1197 2157 καὶ
1216 2117 1458 2170 τριςχιλίοις

99 2169 398 2242 στρατιωταις,
434 2171 506 2214 καὶ
535 2187 624 2214 των
653 2171 698 2214 ἐκ
727 2171 1067 2227 Πελοποννήσου
1093 2169 1272 2241 Ἀχαιῶν
1302 2173 1456 2227 χιλίοις
1487 2177 1541 2217 80

96 2228 170 2270 καὶ
198 2227 496 2279 πεντακοσίοις
515 2227 831 2298 βοηθησάντων
848 2233 938 2279 τοῖς
960 2231 1200 2280 Φωκεῦσιν,
1231 2225 1458 2282 ἀντεστρα-

95 2283 360 2327 τοπέδευσαν
397 2285 444 2328 αἱ
479 2283 706 2341 δυνάμεις,
753 2283 1013 2342 ἀμφοτέρων
1041 2283 1368 2341 ἀθροισθέντων
1397 2287 1458 2337 εἰς

95 2338 173 2383 ἕνα
200 2339 348 2384 τόπον.

97 2441 155 2477 4⁴1.
199 2438 284 2478 κατ’
305 2442 424 2489 ἰδίαν]
458 2444 604 2480 nausia
625 2445 656 2478 F
837 2443 894 2479 48.
939 2441 1007 2480 τόν
1028 2442 1210 2489 πόλεμον]
1245 2441 1405 2488 πόλεμον
1427 2443 1461 2477 Τ

98 2488 178 2524 Bas.
357 2489 414 2524 54.
459 2490 521 2526 καὶ
545 2489 727 2534 Βοιωτοὶ]
753 2488 815 2526 και
836 2490 998 2525 asterisco
1021 2491 1153 2526 notavit
1175 2490 1370 2533 Stephanus

188 2532 259 2568 55.·
270 2535 572 2582 στρατεύσουσιν]
598 2534 857 2582 στρατεύουσιν
879 2537 963 2572 Bas.
1099 2537 1155 2571 62.
1190 2535 1253 2572 διὰ
1276 2534 1318 2571 τὸ
1334 2555 1377 2562 -
1391 2548 1460 2580 μεν

99 2574 167 2615 οὖν
188 2591 257 2614 οιιι.
282 2581 311 2616 L

190 2647 268 2684 1⁰5.
297 2647 353 2683 63.
398 2647 546 2694 ἀνδρῶν
569 2649 710 2697 ου’δεις]
736 2650 876 2686 invertit
896 2651 977 2685 Bas.
1137 2650 1193 2686 67.
1241 2649 1456 2694 δύναμις-

99 2694 156 2728 (5⁸).
178 2693 267 2738 ταχυ
292 2705 360 2729 om.
383 2696 478 2730 FL'r
503 2699 582 2732 Bas.
605 2705 638 2734 et
662 2704 740 2732 sunt
763 2698 846 2732 satis
867 2697 984 2732 inania
1164 2697 1222 2731 7⁰.
1270 2708 1455 2731 κατεσκευ-

100 2737 237 2784 άσατο]
284 2740 555 2785 κατεσκευάζετο
587 2745 616 2778 L
795 2743 852 2777 74.
907 2742 1155 2789 ἐπροτέρησαν
1195 2742 1456 2794 WVesselingius,

96 2783 362 2840 ἐπροετέρησαν
384 2788 486 2832 Bae„
508 2790 633 2825 caeteri
655 2788 904 2836 προετέρησαν
1068 2789 1125 2823 78.
1172 2786 1358 2834 Ἀργόλαν]
1379 2787 1454 2833 Ἀρ-

94 2830 242 2875 γόλαιον
265 2833 297 2878 Q
