1820 3249
341 136 452 178 1144
732 129 1334 176 LIB.XV11.CAP.9.10

260 248 314 290 45
345 243 780 314 διαφιλοτιμηθέντες
819 240 1111 313 άντεκήρυξαν
1149 242 1235 287 ἀπό
1266 260 1386 295 τινος
1415 241 1587 302 ὑψηλοῦ
1616 246 1724 300 πύρ-

343 318 439 358 γου
455 302 533 346 τὸν
563 300 835 358 βουλόμενον
863 317 967 370 μετα
993 305 1074 344 τοῦ
1104 301 1293 357 μεγάλου
1315 303 1526 370 βασιλέως
1542 303 1617 345 καὶ
1644 306 1725 371 Θη·

345 361 486 429 βαίων
515 360 780 427 ἐλευθεροῦν
815 358 918 408 τοὺς
936 356 1146 413 Έλληνας
1175 359 1249 401 καὶ
1287 357 1518 402 καταλύειν
1546 358 1622 403 τὸν
1651 377 1728 429 της

340 415 549 467 Ἑλλάδος
587 413 810 470 τύραννον
847 419 1050 467 παρεῖναι
1086 414 1194 466 πρὸς
1237 414 1412 465 αὐτούς.
1474 416 1581 459 ὅθεν
1620 414 1726 459 Ἀλέ-

261 475 316 518 50
348 475 532 527 ξανδρος
572 471 809 540 περιαλγης
837 470 1073 527 γενόμενος
1107 473 1166 522 εἰς
1194 470 1560 526 ὑπερβάλλουσαν
1591 470 1727 527 ὀργὴν

344 534 565 586 προῆλθε,
615 530 689 573 καὶ
724 527 844 586 πάση
881 530 1067 597 τιιιωρίςι
1105 528 1212 578 τούς
1244 531 1466 584 Θηβαίους
1505 534 1626 583 μετελ
1629 536 1728 579 θεῖν

345 587 529 657 ε’κρινεν.
590 587 721 637 οὐτος
760 586 839 640 μὲν
881 591 966 628 οὐν
1006 583 1335 640 ἀποθηριωθεὶς
1363 585 1450 640 τήν
1474 587 1617 642 ψυχὴν
1647 604 1729 656 μη-

262 675 288 718 5
293 675 318 718 5
347 642 482 744 χανὲἔς
501 660 546 687 τε
568 641 1513 751 agnzgffgmgzfiodvvgftgngjzffazgwmg
1519 643 1628 696 πρός
1652 643 1731 686 τὸν

346 718 419 744 κιν
449 717 559 745 υνον
628 717 680 753 αρ
814 717 838 741 α
1273 717 1313 753 3ν
1395 718 1455 743 πυ
1493 719 1513 743 ο
1551 717 1641 743 ενοι
1678 701 1728 743 τὸ

347 759 535 814 μέγεθος
564 760 652 800 τῶν
679 756 778 810 περὶ
807 755 912 805 τούς
948 755 1168 810 Θηβαίους
1190 756 1424 807 κινδύνων,
1457 718 1732 812 ἐδύιςφόρουν

346 815 415 858 ἐπὶ
456 820 550 865 ταῖς
590 812 972 883 προςδοκωμὲναις
1011 811 1110 865 περὶ
1151 811 1297 854 αὐτῶν
1341 819 1604 868 συμφοραῖς.
1674 814 1729 857 οὐ

348 871 435 941 μὴν
465 875 647 926 βοηθεῖν
682 866 727 923 γ’
759 868 951 923 ἐτόλμων
982 872 1035 924 τῇ
1070 866 1193 911 πόλει
1224 869 1296 911 διά
1326 869 1375 911 τὸ
1405 886 1628 937 προπετως
1658 872 1733 914 καὶ

263 931 319 972 60
350 926 551 982 ἀβούλως
581 928 640 977 εἰς
669 924 1026 995 ὁμολογουμένην
1057 922 1276 968 ἀπώλειαν
1298 925 1457 994 εαυτην
1483 926 1732 971 δεδωκέναι.

349 987 393 1028 οἱ
418 985 470 1031 δὲ
492 987 681 1038 Θηβαῖοι
711 987 805 1034 ταῖς
836 982 914 1051 μὲν
947 980 1193 1035 εὐτολμίαις
1214 981 1458 1038 προθύμως
1478 982 1732 1038 ἀνεδέχοντο

347 1058 455 1091 τους
490 1039 753 1091 κινδύνους,
795 1055 962 1096 φημαις
992 1040 1038 1082 δέ
1068 1051 1155 1083 τισι
1184 1039 1382 1094 μα’ντεων
1409 1041 1483 1083 καὶ
1511 1046 1631 1084 θεῶν
1662 1053 1734 1096 ση-

350 1100 492 1153 μείοις
519 1096 783 1166 η’ποροῦντο.
843 1101 1020 1149 πρῶτον
1056 1097 1137 1165 μὲν
1173 1095 1256 1151 γάρ
1298 1096 1345 1140 ἐν
1383 1101 1444 1155 τῷ
1473 1114 1549 1153 της
1581 1096 1734 1153 Δημη-

348 1171 452 1225 τρος
496 1156 599 1210 ἱερῷ
637 1153 796 1197 λεπτὸν
827 1152 1018 1208 ἀράχνης
1047 1152 1230 1208 ὕφασμα
1259 1170 1299 1196 τι
1338 1142 1735 1209 διαπεπετασμένον

266 1209 321 1253 65
353 1211 502 1285 ὤφθη
531 1228 580 1255 το
611 1212 689 1266 μὲν
725 1211 909 1281 μέγεθος
939 1210 1038 1263 ἔχον
1068 1212 1255 1265 ἱματίου,
1286 1210 1430 1266 κύκλῳ
1463 1211 1508 1254 δὲ
1537 1216 1736 1283 περιφαῖ

351 1285 434 1312 νον
465 1273 555 1323 ίριν
583 1285 635 1325 τη
667 1266 764 1311 κατ’
795 1266 994 1321 οὐρανὸν
1023 1266 1232 1310 ἐοικυῖαν.
1291 1268 1392 1318 περὶ
1423 1269 1476 1310 οὐ
1508 1268 1556 1310 τὸ
1588 1269 1666 1323 μὲν
1691 1269 1751 1311 ἐν’

353 1330 548 1381 Δελφοῖς
578 1322 844 1395 χρηστήριον
883 1323 1045 1366 ἔδωκεν
1077 1323 1226 1374 αὐτοῖς
1266 1323 1396 1367 τόνδε
1425 1323 1503 1366 τὸν
1532 1325 1738 1382 χρησμόν,
1771 1364 1774 1367 .

469 1388 648 1437 σημεῖον
675 1381 776 1424 τόδε
805 1385 910 1423 πᾶσι
938 1381 1038 1423 θεοὶ
1069 1382 1280 1435 φαίνουσι
1310 1383 1518 1436 βροτοῖσι,

468 1442 682 1488 Βοιωτοῖς
713 1438 758 1481 δὲ
788 1437 976 1492 μάλιστα
1005 1437 1079 1480 καὶ
1105 1440 1148 1480 οἳ
1179 1437 1545 1505 περιναιετάουσι.

269 1498 325 1538 70
354 1495 403 1539 τό
443 1497 490 1539 δὲ
522 1494 709 1548 πάτριον
746 1510 835 1538 των
869 1495 1073 1550 Θηβαίων
1104 1499 1310 1550 μαντεῖον
1347 1499 1509 1538 τοῦτον
1545 1494 1740 1552 ἐξήνεγκε

352 1552 432 1597 τὸν
456 1551 677 1614 χρησμόν,

469 1609 587 1659 ἱστὸς
615 1606 916 1665 υφαινόμενος
951 1606 1067 1663 ἄλλῳ
1097 1606 1251 1658 κακόν,
1283 1605 1398 1664 ἄλλῳ
1429 1606 1624 1679 α’μεινον.

354 1668 488 1710 τοῦτο
520 1682 600 1721 μεν
631 1667 712 1708 οὐν
739 1664 789 1708 τὸ
822 1669 1001 1721 σημεῖον
1031 1665 1198 1719 ἐγένετο
1229 1665 1344 1718 τρισὶ
1373 1665 1519 1733 μησὶν
1536 1664 1741 1719 ἀνωτέρω

271 1727 326 1769 75
355 1727 432 1792 τῇς
461 1721 741 1776 Ἀλεξάνδρου
776 1723 1022 1776 παρουσίας
1057 1722 1123 1764 ἐπὶ
1154 1738 1231 1772 τας
1263 1721 1424 1791 Θηβας.
1491 1719 1573 1765 ὑπ’
1606 1722 1742 1791 αὐτην

356 1780 402 1824 δὲ
439 1779 520 1850 τὴν
561 1780 728 1835 ε’φοδον
767 1783 847 1822 τοῦ
887 1778 1106 1848 βασιλέως,
1135 1780 1178 1821 οἱ
1215 1778 1325 1821 κατὰ
1353 1780 1432 1833 τὴν
1465 1777 1630 1833 ἀγοράν
1661 1777 1741 1821 ἀνη

356 1835 557 1892 δριάντες
591 1836 818 1891 ἐφάνησαν
859 1837 1044 1890 ἱδρῶτας
1082 1834 1281 1895 ἀφιέντες
1310 1835 1382 1878 καὶ
1415 1835 1558 1889 μεστοὶ
1589 1841 1743 1878 σταλα-

354 1910 487 1962 γμων
509 1893 723 1947 μεγάλων.
771 1892 901 1960 χωρὶς
931 1892 976 1934 δε
1006 1893 1174 1935 τούτων
1203 1890 1314 1946 ηκόν
1342 1908 1455 1942 τινες
1475 1897 1565 1943 τοῖς
1584 1891 1743 1948 ἄρχου·

360 1962 431 1993 σιν
460 1948 800 2004 απαγγέλλοντες
830 1947 910 2002 τήν
940 1948 986 1991 ἐν
1006 1948 1221 2006 Ὀγχηστῷ
1246 1950 1404 2005 λίμνην
1423 1948 1643 2005 μυκήματι
1665 1966 1742 1992 πα-

275 2008 330 2047 80
361 2007 602 2062 ραπλήσιον
632 2022 789 2075 φωνην
820 2003 1025 2060 ἀφιέναι,
1063 2010 1115 2062 τῇ
1155 2006 1199 2048 δὲ
1231 2008 1372 2077 Δίρκη
1403 2022 1511 2048 κατα
1537 2007 1615 2061 τὴν
1645 2006 1744 2048 ἐπι-

358 2064 582 2120 φάνειαν
578 2067 659 2105 τοῦ
688 2061 851 2112 ύδατος
882 2064 1135 2131 αἱματοειδη
1165 2063 1327 2132 φρίκην
1355 2062 1600 2116 ἐπιτρέχειν.
1661 2063 1743 2105 ἕ-τε

359 2137 441 2190 ροι
472 2120 518 2163 δὲ
555 2121 664 2175 ἠκον
704 2135 751 2162 εκ
788 2123 977 2172 Λελφων
1006 2120 1247 2188 μηνύοντες
1277 2119 1344 2162 ὅτι
1374 2118 1398 2162 ὁ
1430 2117 1517 2161 ἀπὸ
1552 2119 1820 2162 ΦωκέωνΙδὸ

358 2175 480 2229 ναός,
510 2175 563 2219 ὂν
594 2175 831 2229 ἱδρύσαντο
864 2179 1063 2231 Θηβαῖοι,
1093 2175 1381 2232 ηματωμένην
1410 2175 1519 2230 ε’χων
1542 2193 1620 2245 την
1647 2175 1746 2231 690-

362 2250 455 2288 φην
496 2231 662 2287 ὁρᾶται.
731 2234 775 2275 οί
815 2232 861 2275 δὲ
901 2234 1000 2287 περὶ
1042 2250 1122 2288 την
1162 2237 1250 2275 τῶν
1291 2233 1480 2286 σημείων
1522 2232 1744 2286 διάκρισιν

279 2288 333 2331 85
364 2289 679 2360 ἀσχολούμενοι
720 2291 971 2360 σημαίνειν
988 2289 1162 2359 ε’φασαν
1197 2289 1245 2331 τὸ
1285 2288 1363 2344 μὲν
1402 2288 1584 2343 ὕφασμα
1625 2292 1745 2335 θεων

361 2344 449 2392 ἀπο
481 2351 557 2403 τῆς
584 2346 751 2397 πόλεως
779 2345 1013 2405 χωρισμόν,
1043 2347 1092 2391 τὸ
1123 2345 1169 2390 δὲ
1197 2349 1273 2403 τῆς
1301 2347 1441 2400 ι’ριδος
1461 2362 1615 2402 χρωμα
1639 2363 1745 2402 πρα-

360 2505 418 2540 46.
465 2507 534 2541 τοῦ
556 2503 715 2564 μεγάλου
740 2505 938 2564 βασιλέως]
982 2508 1050 2543 τοῦ
1074 2504 1250 2561 βασιλέως
1272 2505 1341 2539 τοῦ
1363 2504 1522 2550 μεγάλου
1547 2507 1628 2539 Bm.

453 2551 511 2587 51.
561 2549 690 2597 οὗτος]
727 2551 847 2593 οὕτως
879 2554 908 2588 L
1112 2552 1169 2586 55.
1217 2550 1446 2606 πυθόμενοι]
1482 2552 1745 2596 πυθανόμενοι

361 2598 421 2653 lsL
614 2598 671 2633 58.
719 2597 758 2643 γ’
783 2611 852 2633 om.
876 2600 906 2633 F
1109 2599 1166 2633 δὲ.
1215 2596 1297 2640 ἕχον
1322 2601 1491 2634 0111.}=}as.
1685 2599 1744 2635 75.

365 2641 435 2678 ’ὑπ’
460 2642 639 2687 αύτήν]’
624 2643 686 2680 επ’
711 2659 805 2690 αντη
809 2658 829 2679 ν
852 2645 881 2679 L
1049 2645 1107 2679 73.
1153 2644 1319 2689 μεγάλων
1343 2648 1420 2688 post
1442 2646 1657 2690 σταλαγμων
1682 2658 1745 2688 po-

364 2694 450 2724 nunt
473 2691 564 2724 FLT
590 2691 683 2731 Bas„
707 2695 787 2725 ante
786 2659 934 2735 ημεστυὶ
960 2691 1084 2724 caetcai

453 2737 534 2772 168.
569 2736 623 2769 82.
674 2733 693 2771 ὁ
719 2750 787 2772 om.
813 2740 891 2771 Bas.
1078 2736 1132 2773 ΒΞ.
1181 2733 1221 2772 δ’
1247 2734 1307 2790 ἐπὶ
1331 2736 1431 2770 limi:
1472 2735 1510 2772 δε
1535 2736 1617 2781 περὶ
1642 2736 1743 2771 Rois

363 2782 464 2818 hius:
489 2784 580 2818 conf.
608 2783 651 2817 ad
676 2795 708 2828 p.
734 2785 814 2819 2233.
838 2784 871 2819 9.
896 2783 975 2818 303.
1000 2783 1053 2819 67
1241 2795 1307 2829 την
1332 2794 1399 2819 οιιι.
1424 2783 1505 2819 Bas
