1820 3249
486 190 1465 237 LlB.XV1.CAP.16.17.1o57

102 302 261 347 ἑαυτὸν
290 301 518 359 ἀπέσφαξε,
547 303 746 356 πλείστας
769 304 848 358 μὲν
863 303 936 346 καὶ
954 303 1154 358 μεγίστας
1171 305 1316 359 χρείας
1336 320 1463 360 παρε
1492 310 1544 352 45

103 359 310 427 σχημένος
339 365 432 411 τοῖς
459 359 706 431 τυράννοις,
736 359 990 409 πιστότατος
1021 359 1066 402 δὲ
1093 363 1182 402 τῶν
1211 362 1352 415 φίλων
1375 367 1466 413 τοῖς

103 414 335 467 δυνάσταις
372 417 576 486 γεγονώς.
647 418 690 460 οἱ
728 416 773 459 δὲ
813 415 1084 469 Συρακόσιοι
1122 416 1373 471 νικήσαντες
1407 435 1460 473 τη

100 473 329 542 ναυμαχίᾳ,
357 488 405 515 το
440 472 518 541 μὲν
548 476 671 542 σῶμα
699 476 780 515 τοῦ
807 474 1017 515 Φιλίστου
1044 474 1366 542 διαμερίσαντες
1392 475 1464 516 καὶ

101 526 160 571 δι’
194 527 295 584 ὅλης
323 532 397 597 τῆς
424 527 590 579 πόλεως
619 528 872 579 ἑλκύσαντες
893 528 1065 577 ἄταφον
1089 527 1330 597 ἐξέρριψαν,
1358 534 1460 572 Διο-
1491 535 1541 575 50

98 583 248 634 νύσιος
277 584 321 628 δὲ
347 584 425 627 τὸν
452 585 530 654 μὲν
557 583 912 637 πρακτικώτατον
936 588 1025 628 τῶν
1048 587 1189 654 φίλων
1211 583 1458 654 α’ποβαλών,

96 640 169 683 καὶ
197 640 436 710 στρατηγὸν
471 657 568 711 μεν
586 641 734 696 ἕτερον
770 639 1003 711 ἀξιόχρεων
1032 640 1114 684 οὐκ
1149 641 1294 724 ἔχωνἿε,
1329 639 1459 692 αὐτός

97 694 138 739 6’
167 695 221 739 ού
252 698 494 766 δυνάμενος
514 697 663 766 φέρειν
681 698 729 741 τὸ
749 702 827 741 τοῦ
854 696 1047 750 πολέμου
1074 696 1222 753 βάρος,
1252 696 1457 751 ἐξέπεμψε

93 753 354 807 πρεσβευτὰς
380 753 488 824 πρὸς
524 753 602 797 τόν
629 756 804 806 Δίωνα,
849 753 899 798 τὸ
930 753 1009 810 μὲν
1037 757 1214 809 πρῶτον
1241 752 1326 823 τήν
1350 753 1457 809 ἡμί-

94 820 213 852 σειαν
252 813 327 865 τῆς
363 808 496 866 ἀρχῆς
537 810 834 864 παραδιδούς,
880 809 1065 864 ὕστερον
1105 811 1151 854 δὲ
1188 809 1457 879 βουλόμενος
1487 808 1539 849 55

93 863 200 921 ὅλην
228 865 482 921 ἐγχειρίζειν.
538 872 619 910 τοῦ
650 867 694 911 δὲ
722 869 894 918 Δίωνος
923 866 1241 936 οἷποκριθέντος
1267 864 1334 909 ὅτι
1361 871 1454 917 τοῖς
1485 866 1539 905 17

93 924 388 976 Συρακοσίοις
427 922 601 967 δίκαιόν
638 923 725 967 ἐστι
768 921 1062 978 παραδιδόναι
1099 940 1177 978 την
1217 920 1454 976 ακρόπολιν

93 977 163 1020 ἐπί
190 990 303 1022 τισιν
336 979 566 1032 ἐξαιρέτοις
593 979 781 1050 χρήμασι
809 981 882 1023 καὶ
910 984 1072 1048 τιμαῖς,
1125 979 1148 1022 6
1178 979 1256 1047 μὲν
1283 978 1453 1021 Διονύ-

92 1045 186 1085 σιος
213 1035 383 1091 ἕτοιμος
409 1042 469 1107 ἡν
496 1035 577 1093 τήν
605 1036 749 1091 ἄκραν
777 1034 1068 1105 παραδιδόναι
1094 1039 1155 1091 τῷ
1186 1035 1320 1091 δήμῳ,
1351 1035 1451 1085 ὥςτε

90 1089 194 1141 τούς
220 1066 550 1162 μισθοφόρους
554 1093 627 1136 καὶ
654 1110 707 1137 τα
735 1092 930 1149 χρήματα
959 1080 1147 1159 λαβόντα
1168 1093 1227 1142 εἰς
1245 1092 1324 1146 τὴν
1352 1090 1451 1133 Ἰτα-
1481 1096 1534 1135 60

89 1147 188 1189 λίαν
215 1152 506 1218 μεταστῆναι,
527 1147 551 1191 6
583 1150 628 1192 δὲ
656 1151 780 1193 Δίων
811 1148 1096 1204 συνεβούλευε
1124 1153 1216 1198 τοῖς
1245 1151 1451 1216 Συρακο-

91 1204 202 1254 σίοις
229 1204 426 1259 δέχεσθαι
454 1221 508 1248 τα
537 1204 757 1276 διδόμενα
813 1205 836 1249 6
868 1205 912 1249 δὲ
940 1208 1072 1261 δῆμος
1097 1203 1183 1247 ὑπὸ
1215 1207 1302 1246 τῶν
1331 1201 1451 1246 ακαί-

90 1274 183 1313 ρων
211 1260 468 1330 δημηγόρων
501 1263 693 1314 πεισθεὶς
731 1261 911 1311 αντεῖπε,
942 1262 1127 1315 νομίζων
1156 1259 1266 1302 κατα
1295 1259 1450 1312 κράτος

88 1315 440 1388 ἐκπολιορκήσειν
466 1318 543 1361 τὸν
570 1315 804 1374 τύραννον.
861 1318 974 1387 μετὰ
994 1318 1039 1361 δὲ
1055 1319 1190 1360 ταῦτα
1213 1314 1235 1358 6
1254 1315 1331 1371 μὲν
1350 1320 1449 1358 Διο
1479 1322 1532 1361 6.)

87 1371 238 1424 νύσιος
272 1372 376 1426 τοὺς
411 1372 616 1428 ἀρίστους
655 1379 743 1419 τῶν
779 1373 1068 1430 μισθοφόρων
1104 1371 1277 1416 ἀπέλιπε
1315 1371 1451 1444 φυλά-

90 1429 238 1480 ξοντας
272 1429 352 1485 τὴν
380 1429 541 1484 ἄκραν,
582 1429 712 1482 αὐτὸς
741 1431 784 1476 δ’
815 1431 1044 1486 ἐνθέμενος
1072 1429 1124 1473 τοὶ
1152 1427 1346 1484 χρήματα
1375 1428 1450 1472 καὶ

89 1488 234 1528 πᾶσαν
260 1502 340 1542 την
367 1486 593 1557 βασιλικην
621 1487 899 1557 παρασκευὴν
920 1487 1077 1530 ἔλαθεν
1099 1486 1343 1536 ἐκπλεύσας,
1375 1485 1450 1528 καὶ

88 1545 273 1612 κατῆρεν
300 1544 358 1594 εἰς
387 1543 467 1600 τὴν
491 1541 688 1587 Ἰταλίαν.
747 1546 791 1587 οἱ
819 1544 864 1587 δὲ
883 1541 1156 1595 Συρακόσιοι
1184 1541 1294 1594 πρὸς
1324 1538 1447 1596 ἀλλή-

25 1607 69 1640 95
88 1601 190 1649 λους
218 1597 488 1651 ἐστασίασαν,
524 1604 612 1643 τῶν
640 1601 719 1655 μὲν
749 1599 959 1656 οἰομένων
979 1602 1069 1642 δεῖν
1087 1597 1169 1668 τήν
1189 1598 1447 1667 στρατηγίαν
1475 1605 1529 1644 70

87 1655 158 1697 καὶ
196 1653 278 1722 την
315 1671 404 1699 των
440 1655 556 1700 ὅλων
593 1657 793 1708 ἐξουσίαν
820 1656 1064 1727 ἐγχειρίζειν
1087 1653 1344 1709 Ηρακλείδη
1375 1651 1448 1696 δια

86 1709 134 1753 τό
165 1715 323 1754 τοῦτον
352 1714 497 1756 δοκεῖν
525 1712 730 1782 μηδέποτ’
757 1713 812 1756 ἂν
839 1712 1069 1755 ἐπιθέσθαι
1087 1710 1338 1777 τυραννίδι,
1358 1712 1446 1751 τῶν

88 1767 134 1811 δὲ
163 1765 525 1837 ἀποφαινομένων
552 1768 630 1812 τὸν
651 1770 800 1813 Δίωνα
830 1770 920 1812 δεῖν
949 1768 1058 1822 ἔχειν
1086 1783 1172 1837 την
1192 1769 1282 1809 τῶν
1315 1762 1446 1808 ἁπαν-

85 1839 173 1866 των
205 1821 450 1880 ἡγεμονίαν.
509 1826 620 1879 πρὸς
658 1826 704 1869 δὲ
739 1824 911 1875 τούτοις
946 1826 1121 1867 πολλων
1140 1820 1442 1893 ὀφειλομένων
1471 1825 1525 1867 75

85 1884 256 1949 μισθῶν
283 1886 373 1933 τοῖς
400 1882 448 1926 ἐκ
477 1880 818 1954 Πελοποννήσου
847 1882 984 1934 ξένοις
1011 1884 1102 1930 τοῖς
1126 1877 1446 1945 ηλευθερωκόσι

84 1935 161 1988 τοὶς
177 1938 482 2009 Συρακούσας,
506 1939 580 1982 καὶ
606 1938 836 2007 χρημάτων
865 1935 1153 2007 σπανιζούσης
1172 1938 1249 2005 τῆς
1265 1931 1444 1986 πόλεως,

87 1993 131 2036 οἱ
157 2009 236 2064 μεν
263 1994 535 2065 μισθοφόροι
569 1999 658 2038 τῶν
685 1993 916 2051 χρημάτων
943 1990 1310 2061 ἀποστερούμενοι
1334 2003 1444 2034 σνν-

86 2048 387 2119 εστραφησαν,
433 2050 553 2103 ὅντες
589 2053 766 2103 πλείους
793 2067 882 2094 των
909 2051 1169 2120 τριςχιλίων
1213 2046 1368 2098 πάντες
1397 2043 1441 2090 δ’

84 2105 292 2151 ἐπίλεκτοι
334 2112 428 2160 ταῖς
464 2105 635 2163 ἀρεταῖς
670 2109 744 2151 καὶ
780 2106 851 2151 δια
880 2106 964 2175 τὴν
988 2105 1174 2161 α’θλησιν
1202 2107 1290 2147 τῶν
1319 2107 1442 2147 πολε·
1471 2106 1524 2146 80
1550 2124 1563 2137 κ

83 2166 224 2216 μικῶν
271 2163 411 2220 ἔργων
457 2163 842 2234 διαπεπονημένοι
857 2162 969 2206 πολὺ
1014 2166 1104 2205 τῶν
1151 2161 1441 2229 Συρακοσίων

81 2223 175 2270 ταῖς
204 2218 374 2275 ἀρεταῖς
400 2220 758 2277 ὑπερεβάλλοντο
817 2219 842 2264 6
872 2219 918 2263 δὲ
939 2219 1061 2261 Δίων
1079 2216 1333 2272 αξιούμενος
1351 2215 1437 2258 ὑπὸ

80 2291 168 2319 των
193 2276 480 2345 μισθοφόρων
505 2280 840 2333 συναποστῆναι,
869 2275 944 2319 καὶ
973 2290 1092 2328 παρα
1119 2276 1208 2316 τῶν
1237 2276 1440 2342 Συρακο-

83 2332 188 2374 σίων
199 2348 275 2402 ,mg
302 2349 464 2378 κοινων
491 2334 660 2403 ἐχθρῶν
693 2335 842 2389 λαβεῖν
868 2333 1100 2400 τιμωρίαν,
1139 2345 1188 2372 το
1218 2344 1297 2398 μεν
1324 2330 1438 2382 πρῶ-
1468 2326 1521 2370 85

83 2403 158 2430 τον
185 2385 374 2442 αντεῖπε,
415 2406 521 2447 μετα
552 2390 597 2434 δὲ
626 2394 762 2433 ταῦτα
791 2386 1218 2442 συναναγκαζόμενος
1248 2383 1334 2428 ὑπὸ
1364 2387 1440 2455 τῆς

83 2443 369 2498 περιστάσεως
398 2447 684 2516 προςεὸέξατο
711 2445 790 2502 τὴν
816 2443 1050 2516 ἡγεμονίαν
1078 2458 1166 2486 των
1194 2440 1339 2493 ξένων,
1367 2439 1440 2483 καὶ

82 2499 176 2554 μετ’
203 2500 378 2547 ἐκείνων
411 2503 580 2559 ταχθεὶς
608 2501 828 2556 ἀνέζευξεν
862 2501 930 2544 ἐπὶ
956 2498 1059 2551 τούς
1081 2497 1440 2549 Λεοντίνους.οῑ

81 2632 137 2668 45·
182 2635 464 2691 πῦξρδσκημένος]
490 2635 721 2685 παρεσχηκως
743 2637 805 2672 FL
985 2635 1042 2671 68.
1087 2630 1346 2682 παρασκευήν]
1370 2638 1439 2667 noc-³

80 2679 319 2762 τασκξίὲἦνῖξ.
349 2725 643 2785 η’λευθερωκόσι]
665 2726 944 2783 ἐλευθερωκόσι
951 2727 1032 2761 Bas.
1213 2724 1271 2760 82.
1312 2719 1440 2766 ὑπερε-

83 2771 280 2818 βάλλοντο]
315 2769 581 2819 νπερεβαλοντο
607 2777 636 2811 F
813 2774 870 2808 81.
916 2785 965 2815 ως
988 2772 1144 2816 κοινῶν]
1181 2784 1231 2811 ως
1253 2781 1322 2805 om.
1341 2770 1435 2810 Bas„

81 2819 243 2854 asterisco
264 2821 396 2856 notavit
421 2821 613 2866 Stephanus

1111 2878 1167 2915 68
