1820 3249
501 133 1178 179 LIB.XV111.CAP.39.40.
1409 133 1520 175 1295

154 267 275 307 παρα
304 250 382 295 τόν
404 248 546 295 Ἰνδόν
569 247 768 318 ποταμὸν
798 247 954 302 Πώρῳ,
985 246 1062 303 τὴν
1091 245 1137 289 δὲ
1157 245 1275 300 παρὰ
1295 244 1372 290 τὸν
1396 244 1520 289 Ὑδά-

155 320 270 365 σπην
299 308 477 363 Ταξίλῃ·
523 303 579 348 ου’
615 322 698 360 γαρ
737 306 792 360 ἡν
830 304 1016 355 τούτους
1053 303 1157 354 τούς
1185 306 1381 370 βασιλεῖς
1403 318 1521 357 μετα-
1551 305 1604 347 35

153 369 328 421 κινῆσαι
349 365 488 433 χωρὶς
503 365 728 432 βασιλικῆς
748 363 973 416 δυνάμεως
1002 362 1074 404 καὶ
1105 360 1336 430 ἡγεμονίας
1366 359 1527 414 ἐπιφα-

153 426 282 472 νοῦς·
321 424 408 464 τῶν
448 419 494 462 δὲ
534 417 645 474 πρὸς
681 419 761 473 τὴν
795 417 957 471 ἄρκτον
987 418 1248 473 κεκλιμένων
1278 419 1523 459 Καππαδο-

154 480 256 522 κίαν
292 477 370 549 μὲν
407 474 653 528 Νικάνορι,
707 477 923 543 Φρυγίαν
936 474 982 517 δε
1010 491 1090 530 την
1104 460 1306 545 μεγάλην
1334 474 1406 516 καὶ
1438 476 1525 515 Λυ-

152 537 254 578 κίαν
297 533 544 589 Ἀντιγόνῳ,
590 531 790 584 καθάπερ
837 530 1053 586 πρότερον
1100 531 1215 586 ε’σχε,
1262 532 1444 600 Καρίαν
1478 528 1525 572 δὲ

148 589 383 660 Ἀσάνδρῳ,
415 591 586 633 Λυδίαν
616 589 661 632 δὲ
690 590 875 645 Κλείτῳ,
919 590 1117 644 Φρυγίαν
1149 588 1193 630 δὲ
1225 587 1304 642 τὴν
1334 585 1407 641 ἐφ’
1434 585 1524 628 Ἑλ·
1554 587 1609 629 40

153 647 376 716 ληςπόντῳ
398 643 638 718 Ἀῤῥιδαίῳ.
697 634 937 704 στρατηγὸν
969 646 1013 689 δὲ
1041 649 1115 701 τῆς
1135 647 1358 713 βασιλικῆς
1389 641 1526 686 δυνά-

154 719 266 760 μεως
297 691 514 755 ἀπέδειξεν
539 701 813 774 Ἀντίγονον,
854 705 887 761 ῷ
923 700 1290 756 προςτεταγμένον
1316 702 1371 755 ἡν
1397 716 1527 742 κατα-

151 764 392 828 πολεμῆσαι
421 759 597 816 Εὐμένη
628 775 672 802 τε
701 760 772 803 καὶ
800 748 1017 802 Ἀλκέταν·
1048 758 1274 812 παρέζευξε
1294 757 1339 799 δὲ
1361 760 1420 811 τῷ
1437 754 1526 797 ’-Αν

151 816 311 874 τιγόνῳ
341 818 562 872 χιλίαρχον
591 816 670 860 τὸν
697 817 798 860 υἱόν
827 815 1143 867 Κάσσανδρον,
1176 814 1293 863 ὅπως
1309 814 1367 867 μὴ
1395 801 1527 882 δυ’νη·

151 891 224 917 ται
253 875 491 945 διαλαθεῖν
509 876 793 943 ἰδιοπραγῶν.
852 872 984 923 αὐτὸς
1014 873 1058 915 δὲ
1087 871 1190 921 τοὺς
1210 873 1401 939 βασιλεῖς
1425 867 1527 911 ἀνα·
1555 870 1610 913 45

152 930 302 986 λαβών
336 931 410 974 καὶ
446 929 524 984 τὴν
561 932 679 973 ἰδίαν
712 929 901 985 δύναμιν
935 933 1131 1000 προῆγεν
1167 928 1234 971 ἐπὶ
1263 926 1344 982 τήν
1375 929 1522 970 Μακε-

154 988 323 1038 δονίαν,
357 986 554 1038 κατάξων
582 987 683 1037 τούς
711 973 900 1057 βασιλεῖς
930 987 996 1029 ἐπὶ
1028 987 1108 1040 τήν
1138 986 1336 1054 πατρίδα.

262 1042 376 1086 ’Λντί
360 1060 507 1098 γονος
545 1040 586 1086 δ’
628 1043 697 1086 ἐπὶ
731 1047 806 1097 τῆς
844 1042 980 1092 Ἀσίας
1016 1040 1372 1112 ἀποδεδειγμένος
1402 1051 1526 1094 στρα-
1554 1045 1611 1084 40

151 1099 296 1156 τηγός,
326 1098 657 1167 διαπολεμήσων
685 1099 795 1153 πρὸς
823 1097 1001 1153 Εὐμένη
1030 1097 1241 1153 ἤθροισεν
1272 1098 1319 1141 ἐκ
1347 1114 1424 1153 της
1447 1113 1527 1152 χει·
1556 1102 1610 1142 50

153 1159 323 1225 μασίας
348 1155 426 1207 τάς
467 1156 693 1227 6vvci5113a9
751 1154 1195 1224 παρασκευασάμενος
1233 1155 1278 1197 δὲ
1322 1154 1375 1196 τοὶ
1417 1153 1528 1208 πρὸς

151 1213 233 1269 τὴν
267 1212 408 1269 μάχην
445 1217 638 1268 προῆγεν
676 1212 744 1256 ἐπὶ
773 1212 853 1256 τόν
888 1210 1067 1281 Εὐμένη
1105 1213 1384 1283 διατρίβοντα
1426 1211 1529 1280 περὶ

153 1270 488 1313 Καππαδοκίαν
547 1269 571 1313 6
612 1267 661 1313 6’
687 1269 946 1340 ΜΕύμένης,
970 1267 1244 1318 ἀποστάντος
1276 1265 1354 1310 ἀπ’
1386 1265 1528 1310 αὐτοῦ

152 1342 273 1377 τινος
301 1330 389 1369 τῶν
419 1326 646 1396 ἐπιφανων
673 1325 901 1395 ἡγεμόνων
931 1325 1072 1381 ὄνομα
1103 1327 1374 1378 Περδίκκου,
1402 1336 1527 1378 στρα-
1558 1330 1612 1374 55

152 1382 464 1434 τοπεδεύοντος
502 1382 586 1426 ἀπὸ
628 1387 762 1437 τριῶν
798 1381 973 1438 ἡμέρων
1004 1383 1113 1425 ὁδοῦ
1142 1383 1246 1437 μετὰ
1277 1386 1365 1425 τῶν
1399 1393 1532 1424 συνα-

152 1440 406 1483 ποστάντων
441 1443 718 1493 στρατιωτῶν
751 1444 891 1492 πεζῶν
906 1455 1007 1509 μεν
1043 1440 1308 1493 τριςχιλίων,
1365 1437 1531 1482 ἱππέων

155 1496 201 1538 δὲ
230 1498 548 1548 πεντακοσίων,
592 1496 821 1566 ἐξέπεμψεν
847 1493 916 1539 ἐπ’
949 1494 1086 1538 αὐτόν
1121 1497 1308 1538 Φοίνικα
1337 1495 1416 1538 τὸν
1449 1499 1531 1538 Τε-

152 1553 322 1624 νέδιον,
369 1553 521 1608 ε’χοντα
556 1553 713 1611 πεζοὺς
751 1552 830 1608 μὲν
870 1551 1117 1602 ἐπιλέκτους
1155 1554 1530 1606 τετρακιςχιλίους,

154 1610 296 1660 ἱππεῖς
335 1609 381 1652 δὲ
421 1611 600 1664 χιλίους.
659 1612 789 1661 οὗτος
825 1610 872 1652 δὲ
900 1610 1170 1665 νυκτοπορία
1200 1608 1399 1665 συντόιῳ
1429 1625 1530 1664 χρη·
1559 1622 1614 1662 60

90 1690 94 1697 ·
154 1665 341 1721 σάμενος
377 1666 612 1720 προςέπεσε
649 1671 744 1717 τοῖς
774 1664 1036 1716 ἀποστάταις
1066 1654 1400 1720 ἀπροςδοκητως
1414 1665 1532 1736 περὶ

77 1723 366 1777 Ξὸὃδευτέραν
412 1723 617 1792 φυλακήν
661 1723 939 1778 νυκτερινήν·
985 1721 1244 1777 καταλαβών
1285 1722 1327 1765 δ’
1371 1721 1532 1772 αὐτοὺς

153 1780 480 1850 κοιμωμένους,
498 1778 578 1823 τόν
607 1795 651 1823 τε
681 1783 931 1835 Περδίκκαν
960 1778 1191 1847 ἐζώγρησε
1199 1780 1272 1822 καὶ
1300 1782 1374 1835 τῆς
1401 1778 1532 1823 δυνά-

155 1851 285 1906 μεως
301 1835 509 1890 ἐγκρατὴς
546 1836 727 1891 ἐγένετο.
787 1836 988 1891 Εὐμένης
1030 1836 1076 1879 δὲ
1116 1835 1221 1887 τούς
1251 1836 1531 1886 αἰτιωτάτους
1560 1848 1614 1891 65

153 1896 231 1948 τῆς
260 1889 540 1944 ἀποστάσεως
570 1892 787 1948 ἡγεμόνας
814 1893 1088 1937 ἐθανάτωσε·
1119 1910 1222 1944 τους
1253 1895 1299 1936 δὲ
1326 1905 1532 1946 στρατιω-

155 1965 232 1999 τας
248 1953 341 2000 τοῖς
360 1947 507 2000 α’λλοις
529 1947 750 2005 ἀναμίξας,
774 1950 848 1994 καὶ
870 1949 1195 2019 φιλανθρώπως
1216 1952 1531 2021 προςενεχθείς,

159 2006 300 2056 ἰδίους
336 2010 430 2057 ταῖς
468 2004 658 2057 εὐνοίαις
695 2006 943 2077 ἐποιήσατο.
1002 2023 1106 2061 μετα
1145 2007 1190 2049 δὲ
1229 2005 1362 2050 ταῦθ’
1398 2006 1421 2076 6
1453 2008 1532 2062 μὲν

150 2059 394 2133 Ἀντίγονος
433 2062 788 2132 διαπεμψάμενος
826 2063 938 2117 πρὸς
970 2062 1288 2120 Ἀπολλωνίδην
1315 2063 1413 2107 τινα
1443 2067 1532 2106 τῶν

155 2119 322 2163 ιππέων
349 2116 663 2178 ἀφηγούμενον
691 2121 801 2178 παρ’
829 2120 1018 2179 Εὐμένει
1037 2119 1242 2178 μεγάλαις
1259 2121 1529 2177 ἐπαγγελίαις
1558 2136 1613 2175 70

156 2275 214 2311 33.
264 2275 404 2325 Πώρῳ]
430 2277 559 2325 πόρρῳ
582 2280 614 2315 F
771 2280 828 2317 36.
877 2277 1087 2327 ἡγεμονίας]
1111 2277 1290 2327 ἡγεμόνος
1313 2282 1355 2323 F,
1381 2281 1533 2315 alterum

157 2336 212 2368 γρ.
233 2323 269 2357 in
291 2335 405 2381 marg.
429 2338 556 2369 ponens
719 2326 777 2362 38.
826 2331 967 2363 Λυκίαν
991 2330 1069 2362 FW
1093 2329 1188 2370 Bas„
1211 2328 1337 2363 caeteri
1363 2329 1533 2362 Κιλικίαν

247 2369 306 2405 39.
347 2367 531 2418 Ἀσάνδρῳ
556 2373 822 2419 Wessehngius.
862 2375 944 2408 libri
979 2373 1208 2420 Κασσάνδρῳ
1241 2376 1296 2409 vel
1323 2373 1533 2418 Κασάνδρῳ

296 2417 439 2452 Λυδίαν
461 2420 544 2453 Ψεε
547 2420 722 2465 eustogius,
727 2401 920 2456 D‘KH-:mona
945 2422 1020 2454 'QW
1047 2427 1080 2455 et
1102 2422 1132 2454 F
1157 2433 1260 2465 supra
1286 2433 1434 2459 versum,
1460 2425 1534 2455 Av-

159 2460 263 2495 κείαν
288 2462 332 2503 F,
357 2465 493 2498 caeteri·
509 2468 649 2500 Λυκίαν
832 2467 889 2502 43,
935 2468 1140 2511 χιλίαρχον]
1163 2470 1363 2520 πολίαρχον
1382 2468 1428 2500 W

250 2506 308 2541 46.
355 2508 423 2552 τήν
448 2512 615 2557 Μακεδ]
647 2514 792 2548 Manes.
817 2513 851 2547 T
1035 2514 1092 2547 50.
1141 2511 1421 2557 διαπολεμήσων
1444 2513 1532 2556 FW,

158 2552 285 2586 caeteri
309 2553 573 2609 διαπολεμῆσαι
733 2559 789 2595 54.
812 2556 1007 2616 ἡγεμόνων
1030 2560 1183 2603 FQVW‚
1207 2561 1334 2594 caeteri
1358 2557 1534 2604 ἡγεμόνος

247 2597 303 2632 55.
331 2596 452 2645 ὄνομα
473 2603 626 2647 Fva,
649 2607 776 2640 caeteri
801 2604 956 2650 ὀνόματι
1115 2605 1172 2641 56.
1197 2605 1530 2649 συναποστάντων]

160 2639 399 2681 ἀποστάντων
432 2648 463 2682 F
661 2651 720 2686 60.
780 2651 969 2700 συντόνῳ]
997 2651 1165 2699 συντόμῳ
1189 2653 1219 2685 V
1241 2658 1276 2688 et
1298 2666 1354 2698 γρ·
1379 2653 1420 2696 F,
1446 2663 1532 2686 συν·

156 2689 278 2734 τόμως
300 2693 377 2726 FW

250 2736 331 2773 288.
356 2738 445 2774 66.
465 2738 529 2774 καὶ
555 2740 654 2786 φιλ]
681 2745 757 2784 φιλ.
778 2743 838 2778 Fv
1020 2744 1079 2781 68.
1125 2742 1243 2781 ταῦθ’
1268 2745 1370 2786 Bas„
1401 2741 1529 2778 caeteri

157 2781 276 2818 ταῦτα
455 2784 548 2832 πρὸς
571 2797 638 2821 om.
662 2788 724 2823 Fv
