1820 3249
321 129 431 169 1396
684 124 803 165 LIB.
835 123 945 165 xlx.
1005 124 1136 167 CAP.
1167 128 1236 168 57.
1266 128 1332 167 58.

237 240 292 284 75
322 242 395 282 λια
421 236 626 280 τάλαντα·
674 235 814 294 τούτῳ
855 236 900 279 δὲ
940 235 1220 281 συνετέτακτο
1251 236 1505 281 συνθέσθαι
1542 238 1694 292 φιλίαν

321 293 431 348 πρὸς
458 293 736 346 Ἀλέξανδρον
765 281 838 335 καὶ
868 295 1068 336 Πολυσπέ
1053 311 1251 349 ερχοντα,
1281 295 1354 338 καὶ
1384 295 1693 363 ξεγολογήσαν-

321 368 374 394 τα
403 367 504 399 τους
535 349 714 399 ίκανούς
745 351 1018 400 διαπολεμεῖν
1049 350 1333 408 Κασσαν8ρῳ
1381 348 1511 400 αὐτὸς
1540 354 1584 393 8ὲ
1614 352 1692 392 πᾶ-

323 420 405 451 σαν
431 405 510 462 τήν
535 405 679 448 Ἀσίαν
707 423 757 476 ης
771 423 832 476 ,ην
854 406 1007 459 κύριος
1037 408 1204 475 διέλαβε
1233 412 1417 461 πυρσοῖς
1437 407 1511 449 καὶ
1530 409 1693 462 βιβλια-

239 503 295 542 58
324 457 728 562 mdpossqzoffiggffigaeffl
712 461 840 514 ὀξέως
868 461 1048 574 ἰεῇμελλεν
1077 462 1390 535 ὑπηρετεῖσθαι
1418 479 1599 562 magra

702 518 818 562 ύτων
896 536 920 561 ν
1031 536 1052 561 ο
1147 537 1163 561 ι

240 561 294 601 3⁰
324 575 525 619 σπεύδων
553 592 762 630 ναντικην
792 518 1334 631 δόξαιῗιῖεέυῗῐτῖσῖιζὲἔαῖν
1362 520 1694 643 ἐῖίέβαῖιιυέῑηὰέ

322 650 423 683 τους
467 648 545 687 μεν
585 634 825 703 πολεμίους
859 633 956 675 τότε
995 637 1363 685 θαλαττοκρατεῖν
1391 650 1500 683 ναυς
1536 632 1697 681 πολλὰς

323 691 520 759 ε’χοντας,
553 687 671 743 αὐτῷ
703 690 748 731 δε
777 687 825 730 τό
857 688 1066 741 παραπαν
1096 687 1194 731 ov’6’
1225 688 1370 744 ὀλίγας
1400 693 1524 732 εἰναι.
1571 701 1697 741 στρα-

240 756 293 796 85
323 762 423 790 τοπε
416 745 584 795 δεύσας
615 747 659 788 ὄε
695 761 742 787 εν
776 743 902 813 Τύρῳ
934 749 1010 800 τῆς
1042 746 1269 800 Φοινίκης,
1309 762 1382 788 και
1410 749 1697 799 πολιορκησαι

324 801 639 857 διανοούμενος
684 817 763 854 την
808 790 1307 870 Τυροι1,’,.μετεπέαπετο
1355 801 1459 852 τούς
1508 803 1697 869 βασιλεῖς

322 864 409 903 τῶν
440 860 663 901 Φοινίκων
692 858 764 900 καὶ
794 858 896 907 τοὺς
922 855 1148 912 ὑπάρχους
1177 861 1251 912 τῆς
1282 860 1464 912 Συρίας.
1503 857 1576 900 καὶ
1594 873 1698 907 τους

324 916 373 970 μὲ
357 932 401 958 cv
450 918 638 983 βασιλεῖς
686 913 982 968 προετρέψατο
1024 913 1392 968 συνεπιλαβέσθαι
1440 915 1697 970 ναυπηγίας,

323 972 468 1039 ἐπειδη
498 987 575 1021 τας
603 974 712 1020 ναῦς
741 970 817 1020 τας
837 971 881 1013 ἐκ
898 972 1117 1041 Φοινίκης
1147 970 1318 1022 απασας
1347 987 1452 1027 μετα
1479 974 1566 1013 τῶν
1576 974 1699 1040 πλη-

241 1043 294 1081 90
325 1027 538 1097 ρωμάτων
569 1030 835 1081 Πτολεμαῖος
874 1032 983 1082 εἰχεν
1014 1027 1060 1070 ἐν
1069 1027 1320 1097 Αἰγύπτῳ·
1364 1033 1455 1078 τοῖς
1485 1026 1530 1070 6’
1558 1025 1698 1077 υπάρ-

324 1102 415 1142 χοις
453 1083 675 1127 ἐκέλευσεν
715 1083 937 1138 ἑτοιμάσαι
973 1099 1081 1126 κατα
1121 1100 1250 1138 ταχος
1277 1088 1430 1139 πυρῶν
1469 1099 1547 1138 μεν
1577 1083 1776 1151 με8ί-363

325 1157 462 1210 μνων
485 1138 700 1196 μυριαδας
737 1141 1015 1193 τετρακοσίας
1050 1140 1340 1210 πεντήκοντα·
1391 1144 1578 1183 τοσοῦτο
1615 1155 1700 1209 γαρ

326 1201 387 1250 εἰς
416 1214 496 1240 τον
526 1197 728 1240 ἐνιαυτόν
767 1197 928 1267 ἐγίνετο
960 1196 1213 1269 δαπανημα
1254 1196 1388 1248 αὐτός
1417 1197 1462 1240 8ε
1490 1195 1705 1264 πανταχό-

241 1264 295 1307 95
326 1261 407 1299 θεν
435 1252 648 1308 ἀθροίσας
676 1253 919 1323 ὑλοτόμους
948 1254 1020 1296 καὶ
1050 1256 1245 1307 πρίστας,
1274 1270 1334 1296 ετι
1364 1253 1410 1297 δε
1439 1251 1706 1308 ναυπηγούς,

327 1311 575 1381 κατεκόμιζε
602 1309 682 1365 τήν
711 1309 822 1380 ὕλην
854 1310 923 1353 ἐπὶ
952 1309 1176 1352 θάλατταν
1203 1310 1250 1352 ἐκ
1279 1312 1360 1352 τοῦ
1390 1309 1611 1379 Λιβάνου,
1641 1323 1705 1351 τε-

327 1364 531 1424 μνόντων
570 1382 648 1422 μεν
689 1364 826 1420 αυτὴν
869 1366 943 1409 καὶ
981 1365 1225 1421 πριζόντων
1265 1364 1440 1422 αιδρῶν
1467 1364 1706 1436 ὀκτακιςχι-

328 1428 456 1474 λίων,
496 1421 872 1477 κατακομιζόντων
915 1422 961 1466 δὲ
1002 1427 1164 1491 ζευγῶν
1199 1421 1477 1478 χιλίων.τό
1519 1420 1557 1465 6'
1600 1420 1705 1476 ὅρος

328 1485 458 1524 τοῦτο
489 1478 673 1534 παρήκει
702 1495 780 1534 μεν
811 1495 930 1531 παρα
960 1495 1004 1522 τε
1025 1480 1116 1550 την
1153 1482 1362 1533 Τρίπολιν
1391 1480 1464 1522 καὶ
1494 1480 1703 1534 Βυβλίαν,

218 1547 298 1586 100
329 1539 389 1582 ε’τι
430 1537 475 1580 δὲ
505 1537 753 1587 Σιδωνίαν,
795 1539 953 1591 πλῆρες
991 1534 1036 1578 6’
1067 1537 1155 1578 εστὶ
1193 1534 1337 1587 ξύλων
1366 1537 1580 1604 κεδρίνων
1614 1535 1704 1589 [καὶ

327 1595 518 1647 amm-522]
549 1592 622 1636 καὶ
650 1595 972 1645 κυπαριττίνων
1000 1597 1268 1648 θαυμαστων
1297 1591 1347 1635 τό
1377 1609 1421 1635 τε
1451 1591 1605 1642 καλλος
1630 1592 1703 1634 καὶ

330 1651 530 1721 μέγεθος.
584 1647 803 1703 ναυπήγια
832 1647 872 1691 6'
905 1647 1096 1699 α’πέδειξε
1125 1651 1225 1704 τρία
1252 1665 1331 1703 μεν
1359 1665 1470 1692 κατα
1497 1648 1576 1703 τὴν
1603 1651 1707 1691 Φοι·

329 1710 476 1762 νίκην,
508 1706 553 1749 ἕν
581 1721 625 1748 τε
652 1704 862 1758 Τριπόλει
893 1705 967 1748 καὶ
996 1704 1152 1775 Βύβλῳ
1183 1705 1255 1748 καὶ
1285 1707 1465 1758 Σιδῶνι,
1495 1706 1703 1758 τέταρτον

334 1764 380 1809 δὲ
417 1779 515 1824 περι
546 1763 775 1814 Κιλικίαν,
815 1761 1102 1832 κομιζομένης
1136 1766 1210 1818 τῆς
1247 1761 1356 1817 ὕλης
1393 1762 1438 1805 ἐκ
1475 1765 1556 1804 τοῦ
1590 1759 1701 1803 Ταύ-

277 1825 302 1868 5
334 1836 431 1875 ρου.
485 1824 543 1876 ην
582 1819 628 1861 δὲ
656 1835 730 1861 και
767 1819 865 1872 περὶ
890 1817 1054 1861 Ῥόδον
1075 1817 1202 1870 ἄλλο,
1238 1819 1607 1891 συγχωρησαγτος
1621 1819 1703 1860 τοῦ

333 1877 473 1934 δήμου
508 1874 841 1928 κατασκευάζειν
869 1879 977 1926 ναῦς
1006 1872 1092 1919 ἀπὸ
1130 1878 1205 1931 τῆς
1233 1874 1339 1932 ὕλης
1368 1879 1443 1932 τῆς
1473 1876 1701 1931 εἰς-κομιζο-

329 1991 388 2026 75.
433 1989 496 2025 και
519 1988 849 2033 Πολυσπέρχοντα]
890 1986 956 2022 τὸν
984 1987 1307 2044 Πολυσπέρχοντος
1330 2001 1362 2033 p.
1393 1987 1474 2023 315.
1497 1987 1573 2022 59..

329 2032 409 2072 364.
434 2037 489 2070 58.
673 2035 729 2070 76.
776 2035 839 2069 καὶ
863 2033 1171 2079 ξενολογήσαντα]
1206 2032 1493 2089 ξενολογήσαντα
1515 2045 1553 2068 τε
1575 1998 1656 2066 FW

421 2083 478 2117 78.
525 2078 811 2128 βιβλιαφόροις]
845 2080 1102 2126 βιβλιοφόροις
1125 2082 1155 2114 F
1315 2082 1373 2116 79.
1418 2075 1698 2125 νπηρετεῖσθαι]

1392 2138 1413 2159 ν

332 2164 635 2218 νπηρετησασθαι
659 2173 737 2207 FW
908 2171 965 2206 80.
1016 2172 1208 2217 Φοινίκην]
1236 2139 1409 2223 φοινίκῖς
1432 2172 1459 2205 F
1643 2169 1702 2204 83.

334 2220 682 2274 θαλαττοκρατεῖν]
696 2217 777 2252 libri
802 2219 1117 2263 θαλασσοκρατεῖν
1264 2220 1321 2254 84.
1370 2217 1464 2253 εἶναι
1488 2228 1556 2252 om.
1580 2216 1611 2249 F

335 2267 392 2302 855.
437 2263 637 2311 ὑπάρχους]
662 2263 892 2320 υποὶρχοντας
912 2265 995 2298 Bas.
1181 2263 1238 2298 88.
1284 2263 1501 2310 ναυπηγίας]
1527 2263 1591 2306 τῆς
1615 2274 1705 2296 ναν

333 2313 466 2355 πηγίας
490 2313 521 2346 F
693 2311 749 2345 90.
795 2307 994 2356 υπάρχοις]
1027 2308 1226 2355 ιπποῖρχοις
1251 2310 1334 2346 Bas.
1504 2307 1702 2352 ἐκέλευσεν]

335 2358 494 2396 ἐκέλευεν
517 2358 547 2391 F

335 2427 339 2430 -
426 2404 506 2442 363.
537 2403 593 2437 91.
638 2401 849 2446 μεδιμνων]
889 2402 1088 2445 μεδίμνους
1109 2401 1140 2434 V
1340 2401 1397 2437 95.
1444 2399 1531 2444 ἐπὶ]
1570 2399 1621 2440 εἰς
1643 2399 1703 2440 W,

336 2449 388 2490 εἷς
412 2447 479 2493 τὴν
504 2448 535 2482 F
718 2449 934 2491 θάλατταν]
967 2448 1048 2481 libri
1071 2446 1264 2483 θάλασσαν
1445 2446 1504 2481 97.
1552 2445 1705 2489 ζευγῶν]

338 2497 492 2539 ζευγλῶν
515 2496 597 2528 Bas.
794 2494 849 2527 99.
900 2495 1082 2539 Βυβλίαν]
1119 2496 1269 2538 Βίβλιαν
1301 2494 1383 2528 TW
1405 2493 1508 2534 Bas„
1533 2492 1702 2529 Κιλικίαν

336 2544 430 2585 FQV
619 2539 696 2573 100.
748 2541 950 2583 κεδρίνων]
986 2541 1142 2582 κεδρίων
1165 2541 1194 2574 F
1268 2579 1270 2581 ¹
1383 2539 1446 2574 καὶ
1469 2539 1614 2573 πευκαῖν
1633 2549 1702 2573 nm.

346 2589 414 2622 ΤΧ
435 2588 513 2624 Bas.
526 2608 536 2626 ‚
560 2587 722 2619 asterisco
739 2587 873 2620 notavit
895 2587 1089 2628 Stephanus
1291 2585 1587 2629 κυπαριττίνων]
1622 2583 1704 2617 libri

343 2633 636 2676 κυπαρισσίνωνε
679 2632 767 2665 omis
770 2643 806 2664 so
829 2631 888 2666 καὶ
914 2643 1015 2674 super
1039 2632 1184 2666 πενκαῖν
1207 2633 1237 2666 F
1259 2634 1356 2712 ponit
1379 2633 1650 2673 κυπαρισσίνων

435 2680 466 2713 2.
498 2677 682 2722 ναυπὴγια
706 2678 792 2720 YW,
816 2677 942 2711 caeteri
966 2681 1168 2719 ναυπηγεῖα
1326 2676 1360 2712 3.
1397 2675 1549 2722 Βύβλῳ]
1583 2676 1702 2732 Βίβλῳ

341 2726 489 2761 Bas..
628 2724 792 2769 Σιδῶνι]
827 2724 994 2770 Σιδωνία
1026 2724 1103 2758 FW
1307 2724 1341 2759 6.
1390 2720 1702 2767 εἰςκομιζομὲνης]

339 2768 578 2816 κομιζομένης
601 2769 631 2803 F
