1820 3249
291 118 402 157 1288
629 111 745 152 [AB.
786 110 932 153 XVIII.
989 110 1122 153 CAP.
1151 114 1220 155 32.
1250 114 1319 156 33.

291 241 361 267 ται
388 224 468 281 τὴν
493 222 774 291 ἀποχώρησιν
801 221 1079 278 ποιήσασθαι.
1139 222 1382 276 δεξαμένων
1405 223 1451 266 δὲ
1474 222 1550 272 τάς
1574 224 1664 267 δια-

292 280 436 332 λύσεις
464 285 553 324 τῶν
583 277 868 330 Μακεδόνων,
899 281 973 323 καὶ
1001 281 1167 324 δόντων
1195 281 1271 331 τοὶς
1299 280 1370 323 διὰ
1401 284 1487 322 τῶν
1519 279 1664 334 ὅρκων

290 340 474 389 πίστεις,
521 337 678 392 ἔλαβον
714 335 914 388 ἐξουσίαν
943 337 990 380 ε’ν
1016 348 1102 380 τισι
1130 336 1293 393 κώμαις
1319 338 1503 392 πλησίον
1531 337 1666 390 κειμέ-

295 411 393 446 ναις
435 395 781 445 ἐπισιτίσασθαι,
838 394 911 435 καὶ
958 394 1318 448 παρεκρούσαντο
1358 394 1436 436 τὸν
1477 391 1666 461 Εὐμένη.

212 453 266 495 65
297 449 595 519 ἀναλαβόντες
621 448 704 504 γάρ
735 448 920 500 ἑαυτούς
946 450 1018 493 καὶ
1047 449 1124 501 τοὶς
1152 449 1322 505 τροφάς
1341 449 1668 516 παρασκευασά-

297 524 421 577 μενοι
468 505 625 557 νυκτὸς
670 505 982 576 ἀπηλλάγησαν
1029 523 1098 549 κα·
1154 509 1376 560 λαθραίως
1416 503 1670 561 ἀπεχώρουν

295 562 407 618 πρός
447 562 528 607 τόν
560 561 860 635 ῑΑντίπατροι.
930 561 952 606 ὁ
1000 561 1041 605 δ’
1085 561 1283 618 Εὐμένης
1320 562 1548 634 ἐπεβάλετο
1591 563 1670 617 μὲν

298 621 483 665 κολάσαι
522 619 620 690 τὴνΊ
641 620 824 663 ἀθεσίαν
863 623 952 663 τῶν
983 594 1348 689 παραβεβηκότων
1377 619 1481 670 τούς
1512 619 1673 673 ὅρκους

298 678 372 721 καὶ
403 676 577 720 διωκειν
604 676 651 719 ἐκ
679 676 816 726 ποδός
824 676 934 747 τὴν
953 675 1174 746 φάλαγγα·
1207 675 1338 720 οὐδὲν
1364 677 1409 720 δε
1430 675 1674 730 δυνάμενος

212 742 269 783 70
297 735 459 787 πρᾶξαι
498 732 570 777 διά
609 749 653 776 τε
692 732 769 783 τοὶς
809 731 963 786 ἀρετάς
1001 736 1089 775 τῶν
1120 731 1468 802 ἀποχωρούντων
1497 733 1571 776 καὶ
1602 732 1674 775 δια

296 790 375 851 τὴν
403 791 450 834 ἐκ
478 793 566 832 τῶν
593 789 856 848 τραυμάτων
880 787 1125 840 ἐλάττωσιν,
1158 787 1331 859 ἀπέγνω
1362 790 1439 834 τὸν
1468 788 1674 858 διωγμόν.

299 851 435 898 ούτος
473 846 565 913 μὲν
593 849 677 889 οὐν
716 846 921 913 ἐπιφανεῖ
956 845 1070 914 μάχη
1109 847 1296 914 νικήσας
1325 847 1398 889 καὶ
1437 844 1516 889 δύο
1547 845 1676 901 μεγά-

214 935 272 975 33
300 909 406 955 λους
432 900 646 975 ἡγεμόνας
675 899 857 953 ἀνελών,
879 901 1071 973 μεγάλης
1100 902 1218 958 ἔτυχε
1247 900 1387 958 δόξης.

216 990 317 1032 75
410 958 685 1014 Ἀντίπατρος
728 959 774 1003 δὲ
812 958 918 1010 τούς
957 958 1042 1002 ἀπὸ
1081 977 1157 1015 της
1196 963 1340 1015 φυγῆς
1380 956 1677 1009 διασωθέντας

300 1015 579 1070 ἐκδεξάμενος
623 1016 696 1059 καὶ
735 1017 1082 1071 προςαναλαβών
1123 1020 1313 1070 προῆγεν
1353 1015 1421 1059 ἐπὶ
1461 1017 1678 1066 Κιλικίαν,

301 1073 503 1118 σπεύδων
533 1075 755 1142 βοηθησαι
781 1077 842 1130 τῷ
873 1073 1144 1143 Πτολεμαίῳ.
1204 1074 1450 1127 Περδίκκας
1470 1073 1515 1115 δὲ
1538 1070 1678 1115 πυθό-

301 1147 429 1202 μενος
459 1128 539 1186 τὴν
569 1128 678 1172 κατὰ
708 1129 787 1173 τόν
815 1119 995 1185 Εὐμένη
1032 1131 1179 1186 νίκην,
1228 1133 1375 1199 πολλῷ
1405 1127 1678 1182 θρασύτερος

300 1203 467 1243 εγενετο
485 1185 599 1240 πρὸς
618 1185 697 1242 τὴν
713 1188 772 1238 είς
786 1188 1010 1241 Αἴγυπτον
1031 1187 1278 1240 στρατείαν·
1290 1186 1363 1256 ,ὠς
1380 1184 1419 1229 δ’
1444 1185 1570 1253 ἐγγὺς
1593 1185 1679 1240 ἐγέ-

223 1249 278 1289 80
306 1260 405 1287 νετο
434 1246 515 1286 τοῦ
545 1244 723 1295 Νείλου,
753 1243 1226 1296 κατεστρατοπέδευσεν
1247 1241 1300 1286 οὐ
1321 1241 1492 1297 μακράν
1512 1243 1682 1292 πόλεως

304 1299 570 1356 Πηλουσίου.
610 1298 882 1354 ἐπιχειρήσας
913 1300 959 1343 δε
979 1297 1172 1354 διώρυγά
1190 1316 1289 1342 τινα
1312 1298 1500 1341 παλαιὰν
1521 1297 1683 1341 ἀνακα-

301 1359 498 1412 θαίρειν,
541 1356 615 1399 καὶ
650 1361 732 1399 τοῦ
770 1359 976 1411 ποταμοῦ
1015 1356 1191 1410 λάβρως
1230 1356 1483 1411 ἐκραγέντος
1517 1355 1591 1398 καὶ
1629 1371 1681 1398 τα

304 1414 408 1485 ἔργα
439 1412 782 1483 λυμηναμένου,
832 1414 985 1456 πολλοὶ
1022 1418 1111 1456 τῶν
1151 1413 1290 1469 φίλων
1320 1411 1684 1485 ἐγκαταλιπόντες

306 1468 594 1542 ἀπεχώρησαν
635 1469 747 1522 πρὸς
785 1469 864 1513 τὸν
908 1473 1194 1537 Πτολεμαῖον.
1261 1469 1334 1513 καὶ
1377 1467 1461 1525 γὰρ
1500 1468 1685 1524 φονικὸς

221 1530 274 1574 85
305 1544 361 1583 ην
400 1527 474 1570 καὶ
515 1529 603 1568 τῶν
642 1525 786 1570 ἄλλων
814 1524 1040 1582 ηγεμόνων
1067 1526 1431 1597 περιαιρούμενος
1460 1525 1536 1576 τάς
1565 1525 1687 1577 ἐξου-

305 1585 399 1634 σίας
443 1583 518 1626 καὶ
554 1581 753 1626 καθόλου
789 1583 968 1627 πάντων
1008 1583 1275 1654 βουλόμενος
1321 1582 1468 1638 άρχειν
1509 1584 1684 1637 βιαίως·

305 1639 330 1685 ὁ
371 1640 418 1683 δὲ
459 1643 730 1707 Πτολεμαῖος
768 1639 1028 1683 τούναντίον
1072 1639 1344 1694 εὐεργετικός
1387 1639 1460 1683 καὶ
1496 1639 1687 1709 ἐπιεικης

306 1697 381 1742 καὶ
417 1695 675 1765 μεταδιδούς
704 1700 811 1739 πασι
837 1702 927 1747 τοῖς
953 1696 1133 1754 ἡγεμόσι
1147 1713 1240 1767 της
1264 1697 1530 1766 παῤῥησίας,
1574 1695 1688 1750 πρός

222 1759 276 1800 90
311 1753 357 1797 δὲ
394 1752 568 1803 τούτοις
608 1753 843 1809 διειληφώς
879 1754 1044 1805 πάντας
1080 1753 1185 1804 τούς
1223 1752 1584 1806 ἐπικαιροτάτους
1612 1754 1690 1795 Αί-

307 1808 479 1866 γύπτου
516 1808 682 1860 τόπους
721 1814 940 1865 φυλακαῖς
982 1809 1220 1870 ἀξιολόγοις
1257 1811 1331 1853 καὶ
1360 1811 1502 1864 βέλεσι
1531 1824 1692 1852 παντο-

310 1869 479 1917 δαποΐς,
510 1866 585 1909 καὶ
612 1871 704 1918 τοῖς
732 1867 879 1918 ἄλλοις
908 1866 1072 1911 ἅπασιν
1103 1871 1151 1910 εὐ
1178 1866 1587 1936 κατεσκευασμένος.
1617 1860 1686 1909 διὸ

307 1922 380 1967 καὶ
432 1923 542 1966 κατὰ
582 1921 659 1973 τὰς
698 1924 901 1994 ἐπιβολάς
937 1924 1046 1968 κατὰ
1084 1923 1134 1967 τὸ
1173 1928 1375 1967 πλεῖστον
1411 1921 1689 1975 ἐπλεονέκτει,

307 1977 499 2028 πολλοὺς
528 1978 642 2036 ἔχων
662 1978 930 2031 εὐνοοῦντας
959 1982 1031 2024 καὶ
1060 1980 1300 2035 προθύμως
1330 1979 1689 2023 διακινδυνεύον-
1742 2033 1746 2035 ἢ

223 2039 278 2083 95
310 2053 399 2086 τας.
459 2035 482 2078 ὁ
514 2035 555 2078 δ’
588 2036 672 2078 οὐν
701 2039 947 2105 Περδίκκας
983 2037 1306 2092 διορθούμενος
1335 2035 1410 2086 τοὶς
1441 2035 1691 2085 ἐλαττώσεις

309 2091 524 2148 συνήγαγε
557 2090 662 2143 τούς
690 2091 925 2163 ηγεμόνας,
951 2094 1023 2136 καὶ
1049 2094 1154 2144 τούς
1181 2094 1260 2148 μὲν
1290 2095 1486 2145 δωρεαῖς,
1515 2092 1619 2142 τούς
1644 2091 1688 2134 δ’

308 2149 578 2204 ἐπαγγελίαις
608 2150 834 2203 μεγάλαις,
865 2149 1030 2201 πάντας
1061 2151 1106 2194 δὲ
1136 2149 1471 2219 φιλανθρώποις
1501 2147 1690 2203 ὁμιλίαις

310 2204 764 2262 ἐξιδιοποιησάμενος,
810 2208 1109 2264 προετρέψατο
1146 2205 1259 2263 πρὸς
1293 2206 1399 2258 τούς
1434 2205 1690 2263 ἐπιφερομέ-

309 2386 367 2420 m.
400 2385 481 2430 τοὶς]
507 2384 614 2425 τοὶςδε
633 2397 699 2425 τας
715 2386 755 2428 F,
774 2388 830 2422 cui
851 2399 975 2431 compa
968 2400 997 2422 ι’
1014 2388 1101 2422 illud
1119 2385 1229 2441 τήνδε
1249 2383 1316 2427 τὴν
1335 2383 1443 2421 πόλιν
1460 2397 1564 2427 supra
1579 2398 1612 2430 p.
1631 2383 1689 2420 55.

310 2433 367 2467 6⁴)
380 2458 389 2472 ,
424 2433 515 2475 quod
548 2432 620 2464 iam
652 2443 775 2466 vercor
798 2446 840 2467 ne
863 2434 971 2469 simili
994 2445 1111 2468 enom
1134 2434 1241 2475 irrep
1228 2433 1310 2466 erit
1493 2432 1551 2469 64.
1601 2429 1691 2467 ἀνα-

311 2477 510 2525 λαβόντες]
536 2475 792 2535 ἀναλαβόντας
818 2480 845 2515 F
994 2480 1053 2514 66.
1102 2477 1341 2532 ἀπεχώρουν]
1374 2477 1589 2522 ἀνεχώρουν
1613 2477 1689 2512 FW

448 2524 506 2558 67·
555 2522 592 2558 δ’
617 2525 647 2557 F
671 2525 754 2558 Bas
892 2525 950 2561 68.
998 2524 1036 2560 ἐκ
1060 2522 1191 2569 ποδός]
1218 2523 1385 2561 ἐκποδῶν
1411 2526 1441 2568 Q
1468 2526 1547 2559 Bas.

312 2568 369 2606 81.
399 2566 575 2613 παλαιοῖς]
604 2570 744 2605 παλαιοὶ
762 2572 791 2605 F
976 2570 1246 2612 ἀνακαθαίρειν
1265 2572 1314 2613 F,
1338 2571 1466 2605 caeteri
1492 2570 1690 2613 καθαίρειν

404 2616 462 2650 83.
486 2614 808 2662 ἐγκαταλιπόντες]
833 2615 1150 2661 ἐγκαταλείποντες
1174 2618 1255 2650 Bas.
1395 2617 1453 2650 91.
1478 2627 1690 2653 κατεσκευα-

313 2658 459 2706 σμένος]
485 2663 842 2719 κατασκευασμένοις
868 2665 917 2709 F,
952 2665 1077 2700 caeteri
1107 2661 1455 2708 κατεσκευασμένοις
1635 2661 1692 2697 92.

530 2721 591 2743 επι

311 2751 507 2799 ἐπιβολας]
532 2752 751 2801 εἰςβολάςΕ
