1820 3249
288 172 397 212 1112
668 170 1272 215 LlB.XV1.cAP.77.78.

287 286 572 325 συντεθεῖσαν
611 282 810 353 εἰρήνην·
861 281 997 334 εὐθὺς
1036 284 1082 327 δὲ
1121 285 1194 327 καὶ
1233 283 1422 339 δύναμιν
1451 283 1663 338 ναυτικὴν

203 338 257 381 45
288 337 516 408 ἀξιόλογον
568 338 805 394 ἐξέπεμψαν
863 339 1175 396 βοηθήσουσαν
1241 346 1332 391 τοῖς
1398 342 1662 392 Βυζαντίοις.

286 393 447 448 ὁμοίως
485 396 530 439 68
573 396 747 448 τούτοις
773 399 875 439 Χῖοι
902 397 975 440 καὶ
1006 400 1131 455 Κῷοι
1159 398 1231 440 καὶ
1255 396 1417 440 Ῥόδιοι
1449 398 1523 439 καί
1551 413 1663 447 τινες

286 451 424 507 ἕτεροι
461 457 550 495 τῶν
574 452 794 507 Ελλήνων
831 443 1079 509 συμμαχίαν
1109 453 1347 509 ἐξέπεμψαν
1379 457 1471 504 τοῖς
1500 456 1663 505 Βυζαν-

284 510 406 560 τίοις.
466 509 615 564 διόπερ
658 511 876 560 Φίλιππος
912 511 1198 564 καταπλαγεὶς
1234 515 1286 566 τῇ
1317 512 1545 565 συνδρομῇ
1575 513 1664 552 τῶν

201 566 255 609 50
276 563 496 639 ΣΕλληνων
525 566 605 623 τὴν
633 567 890 620 πολιορκίαν
917 570 1004 609 τῶν
1042 566 1211 609 πόλεων
1248 568 1393 618 ἔλυσε,
1441 567 1515 609 καὶ
1554 566 1665 621 πρὸς

276 620 543 677 Ἀθηναίους
577 623 652 666 καὶ
690 623 793 673 τοὺς
833 622 994 674 ἄλλους
1012 623 1222 692 ““Ἐλληνας
1258 625 1360 673 τοὺς
1390 623 1664 676 ἐναντιουμέ-

280 696 388 730 νους
418 679 627 723 συνέθετο
658 696 737 748 την
764 680 956 736 εἰρήνην.
1016 696 1125 723 κατα
1152 680 1197 723 68
1213 680 1307 750 τὴν
1315 682 1523 723 Σικελίαν
1546 683 1665 733 Καρ-

280 735 477 792 χηδόνιοι
513 735 591 791 μὲν
630 735 819 791 μεγάλας
854 735 1135 806 παρασκευὰς
1176 737 1235 787 εἰς
1263 736 1340 780 τὸν
1369 736 1561 791 πόλεμον
1593 751 1663 779 πε-

283 793 515 854 ποιημένοι
562 795 818 848 διεβίβασαν
862 809 939 843 τας
978 792 1190 864 δυνάμεις
1226 794 1285 843 εἰς
1322 810 1403 848 την
1442 794 1663 836 Σικελίαν.

200 845 254 888 55
284 854 410 918 εἰχον
433 850 479 893 68
508 850 762 905 σύμπαντας
793 847 875 892 σὺν
896 853 986 899 τοῖς
1012 849 1375 922 προϋπάρχουσιν
1395 850 1441 892 ἐν
1465 867 1517 906 τῃ
1540 849 1661 918 νήσῳ

279 905 436 959 πεζους
473 906 553 960 μὲν
593 907 768 956 πλείους
803 909 889 949 τῶν
906 905 1294 976 ἑπτακιςμυρίων,
1343 908 1486 956 ἱππεῖς
1516 905 1561 949 δὲ
1591 907 1664 948 καὶ

279 962 452 1018 α’ρματα
480 962 556 1005 καὶ
584 964 831 1017 συνωρίδας
861 961 944 1006 οὐκ
974 963 1176 1014 ἐλάττους
1204 979 1294 1005 των
1321 964 1516 1035 μυρίων,
1554 965 1663 1012 ναῦς

279 1019 326 1062 68
354 1017 524 1074 μακροῖς
553 1019 632 1074 μὲν
662 1021 898 1071 διακοσίας,
929 1036 1179 1089 φορτηγους
1206 1020 1252 1062 68
1278 1021 1354 1071 τοὶς
1372 1020 1477 1070 τοὺς
1499 1020 1662 1070 ι’ππους
1676 1022 1741 1060 142

280 1092 325 1119 τε
354 1075 428 1118 καὶ
455 1075 557 1131 βέλη
585 1077 660 1119 καὶ
689 1081 813 1120 σῖτον
841 1076 914 1120 καὶ
943 1075 1078 1120 τάλλα
1096 1075 1358 1147 κομιζούσας
1375 1077 1552 1127 πλείους
1574 1080 1663 1118 τῶν

197 1127 252 1167 60
281 1133 440 1188 χιλίων.
504 1133 726 1188 Τιμολέων
766 1133 813 1177 68
845 1133 1108 1203 πυθόμενος
1149 1132 1198 1176 τὸ
1237 1133 1423 1202 μέγεθος
1458 1136 1533 1188 τῆς
1573 1149 1663 1176 των

279 1189 501 1260 πολεμίων
531 1189 771 1245 δυνάμεως,
802 1187 856 1233 οὐ
877 1190 1120 1246 κατεπλάγη
1142 1189 1245 1241 τούς
1267 1188 1538 1262 βαρβάρους,
1570 1191 1662 1233 καί·

279 1262 359 1300 περ
381 1247 440 1296 εἰς
463 1244 639 1301 ὀλίγους
661 1245 930 1301 στρατιώτας
949 1247 1306 1318 συνεσταλμένος.
1344 1246 1453 1302 ἔχων
1472 1245 1517 1289 68
1536 1244 1662 1290 πόλε-

280 1318 367 1358 μον
402 1302 512 1357 πρὸς
536 1302 710 1355 Ικέταν,
741 1303 969 1375 διελύσατο
1000 1302 1112 1358 πρὸς
1141 1301 1291 1355 αὐτόν,
1323 1303 1397 1347 καὶ
1419 1303 1662 1359 προςλαβό-

197 1362 252 1403 65
281 1375 410 1429 μενος
446 1359 552 1410 τούς
596 1358 686 1415 μετ’
731 1359 868 1403 αὐτοῦ
906 1359 1169 1431 στρατιώτας
1209 1359 1263 1403 οὐ
1293 1360 1475 1414 μετρίως
1490 1360 1662 1428 ηὔξησε

195 1421 251 1460 78
280 1415 361 1472 τὴν
397 1417 513 1459 ἰδίαν
544 1417 747 1473 δύναμιν.
806 1417 925 1468 ἔδοξε
956 1414 998 1460 δ’
1032 1415 1159 1486 αὐτῷ
1178 1416 1255 1459 τὸν
1285 1416 1395 1471 πρός
1424 1415 1528 1466 τούς
1560 1418 1663 1460 Φοί-

279 1490 405 1524 νικας
423 1472 591 1543 άγῶνα
608 1472 927 1544 συστήσασθαι
964 1489 1074 1516 κατα
1110 1472 1190 1529 τήν
1228 1477 1316 1516 τῶν
1344 1475 1662 1543 Καρχηδονίων

281 1528 566 1585 ἐπικράτειαν,
604 1529 722 1582 ὅπως
743 1529 828 1601 τὴν
857 1530 936 1585 μὲν
963 1534 1053 1574 τῶν
1083 1530 1321 1598 συμμάχων
1348 1529 1499 1601 χεόραν
1529 1528 1661 1587 άσινῆ

279 1587 547 1643 διαφυλάξῃ,
596 1604 676 1642 την
714 1585 754 1630 δ’
793 1586 883 1630 υπό
921 1586 1027 1638 τούς
1065 1585 1342 1657 βαρβάρους
1357 1589 1496 1631 οὐσαν
1533 1603 1661 1631 κατα-

196 1648 251 1687 70
281 1645 460 1716 φθείρῃ.
520 1642 656 1695 εὐθυς
690 1646 774 1688 οὐν
803 1643 906 1694 τούς
934 1660 979 1687 τε
998 1642 1320 1716 μισθοφόρους
1353 1644 1426 1687 καὶ
1453 1648 1660 1697 Συρακο-

281 1701 405 1751 σίους
440 1700 514 1743 καὶ
538 1701 643 1751 τούς
673 1699 832 1752 ἄλλους
861 1701 1114 1757 συμμάχους
1143 1699 1372 1755 ἀθροίσας,
1401 1701 1474 1744 καὶ
1503 1700 1659 1771 κοινήν

277 1757 508 1828 ἐκκλησίαν
527 1756 811 1827 συναγαγών,
833 1758 1102 1828 παρωρμησε
1125 1762 1216 1808 τοῖς
1237 1759 1413 1808 οἰκείοις
1429 1755 1575 1811 λόγοις
1603 1756 1656 1801 τοὶ

278 1813 424 1883 πλήθη
455 1813 566 1868 πρὸς
595 1816 673 1857 τὸν
701 1818 788 1857 τῶν
818 1813 932 1857 ὅλων
965 1813 1134 1883 α’γῶνα·
1171 1813 1348 1857 πάντων
1379 1812 1421 1857 δ’
1451 1813 1658 1866 ἀποδεξα-

194 1873 249 1917 75
279 1870 450 1941 μένων
461 1870 565 1921 τούς
601 1869 780 1926 λόγους,
824 1871 897 1913 καὶ
936 1870 1144 1943 βοωντων
1183 1870 1304 1926 ἄγειν
1339 1869 1418 1940 τὴν
1455 1872 1660 1943 ταχίστην

277 1927 345 1970 ἐπὶ
375 1925 480 1978 τούς
509 1927 773 1983 βαρβάρους,
803 1931 1016 1982 προῆγεν,
1049 1928 1156 1983 ἔχων
1184 1927 1289 1978 τοὺς
1318 1926 1571 1999 σύμπαντας
1600 1945 1656 1972 ου

276 1985 451 2034 πλείους
480 2001 568 2027 των
598 1986 767 2039 μυρίων
798 1984 870 2027 καὶ
907 1986 1134 2054 διςχιλίων.
1186 1983 1271 2040 ἤδη
1302 1982 1347 2028 δ’
1380 1984 1518 2028 αυτοῦ
1547 2001 1658 2028 κατα

277 2039 356 2096 τὴν
380 2038 716 2096 Ἀκραγαντίνην
755 2040 883 2091 ὄντος
911 2040 1167 2095 παραδόξως
1197 2041 1364 2084 ἐνέπεσε
1393 2058 1445 2097 τῃ
1474 2045 1655 2111 στρατιᾷ

276 2097 440 2168 ταραχὴ
484 2098 558 2141 καὶ
597 2097 753 2148 στάσις.
823 2114 912 2140 των
950 2099 1034 2154 γὰρ
1075 2097 1364 2167 μισθοφόρων
1411 2115 1475 2148 τις
1512 2097 1655 2153 ὄνομα
1723 2152 1726 2153 ⁷

194 2153 248 2196 80
280 2154 482 2209 Θράσιος,
514 2156 758 2210 σεσυληκὼς
786 2153 834 2198 τὸ
867 2155 913 2197 ἐν
942 2159 1133 2210 Δελφοῖς
1163 2153 1281 2209 ἱερὸν
1310 2171 1414 2209 μετα
1443 2171 1533 2196 των
1560 2159 1655 2198 Φω-

274 2210 400 2264 κέων,
434 2211 621 2268 άπονοία
652 2211 697 2254 68
726 2212 801 2254 καὶ
828 2209 986 2267 θράσει
1015 2211 1250 2267 διαφέρων,
1283 2210 1535 2255 ἀκόλουθον
1562 2217 1654 2264 τοῖς

274 2267 489 2324 πρότερον
524 2269 855 2325 τετολμημένοις
893 2269 1050 2324 πρᾶξιν
1088 2268 1373 2313 ἐπετελέσατο.
1440 2284 1530 2312 των
1567 2269 1653 2326 γὰρ

275 2437 332 2471 44.
381 2434 573 2482 ἀξιόλογον
598 2449 666 2472 om.
689 2439 719 2473 F
742 2439 824 2474 Bas
1011 2438 1068 2474 45.
1114 2435 1404 2484 βοηθήσουσαν]
1430 2440 1651 2485 βοηθουσαν

277 2484 337 2517 FL
362 2484 443 2517 Bas.
642 2484 699 2519 46.
745 2485 808 2520 καὶ
832 2486 937 2520 Κῶοι
960 2497 1028 2519 om.
1053 2485 1144 2519 FLT
1168 2486 1248 2518 Bas.
1300 2486 1364 2519 eos
1351 2498 1452 2529 pus,
1488 2486 1651 2522 asterisco

277 2530 411 2564 notavit
432 2530 626 2574 Stephanus
809 2531 866 2566 48.
916 2531 1111 2575 Φίλιππος]
1147 2544 1166 2565 ο
1197 2532 1374 2572 Φιλιππος
1396 2533 1458 2566 FT

277 2575 334 2612 49.
379 2574 467 2622 τὴν]
492 2575 560 2621 τήν
582 2589 620 2612 τε
642 2579 719 2611 Bas.
904 2578 960 2613 57.
1011 2578 1225 2621 διακοσίας]
1253 2576 1506 2623 ἐβδομήκοντα
1527 2579 1558 2622 Q

369 2634 447 2668 142.
478 2633 535 2670 59.
582 2634 645 2671 καὶ
667 2632 779 2670 τᾶλλα
804 2647 872 2670 om.
897 2637 928 2670 F
1109 2635 1165 2671 60.
1212 2637 1449 2681 πυθόμενος]
1476 2634 1652 2679 πειθόμε-

277 2691 340 2719 νος
364 2681 445 2714 Bas.
659 2681 716 2715 69.
763 2682 1021 2738 καταφθείρῃ]
1058 2684 1325 2727 καταφθείρειν
1350 2684 1380 2717 F
1592 2682 1649 2716 72.

276 2730 353 2768 τοῖς
378 2727 527 2767 οἰκείοις
550 2726 671 2771 λόγοις
694 2726 741 2761 τὰ
764 2726 912 2783 πλήθη]
949 2743 994 2763 τα
1019 2728 1145 2773 πλήθη
1170 2733 1246 2769 τοῖς
1270 2731 1422 2768 οἰκείοις
1446 2727 1568 2774 λόγοις
1590 2729 1650 2762 ΙΞῚι

458 2773 514 2809 73.
564 2774 639 2808 τῶν
663 2771 780 2818 ὅλων]
815 2772 905 2819 νπὲρ
929 2775 1111 2818 praeponit
1138 2776 1320 2814 Reiskius:
1351 2777 1440 2812 conf
1466 2777 1510 2813 ad
1533 2788 1567 2821 p.
1592 2775 1648 2810 54.

522 2819 581 2854 77.
627 2820 871 2868 παραδόξως]
897 2819 1109 2867 παράδοξος
1134 2823 1166 2858 X

279 2817 335 2854 2⁰)
