1820 3249
312 143 423 185 1446
649 133 763 181 LIB.
794 131 902 180 XIX.
959 138 1209 184 cAP.106.
1244 143 1338 184 107.

311 249 473 322 ὁμοίως
509 250 557 295 δὲ
592 244 822 324 χρήματων
853 232 1026 322 πλῆθος
1061 253 1134 297 καὶ
1171 255 1336 323 βελῶν
1353 251 1427 296 καὶ
1456 251 1580 296 σίτου
1607 253 1682 296 καὶ

309 313 398 352 τῶν
425 307 569 360 ἄλλων
597 312 686 352 τῶν
714 310 774 372 εἰς
793 307 996 382 πόλεμον
1010 310 1252 381 χρησίμων
1289 308 1373 379 τήν
1397 307 1682 381 καθήκουσαν

231 379 284 423 50
312 364 606 423 παρασκευήν.
639 359 905 437 ἀναχθέντος
931 365 975 410 δ’
1005 366 1052 411 ἐκ
1068 371 1144 424 τῆς
1166 364 1452 434 Καρχηδόνος
1479 370 1559 409 τοῦ
1589 365 1683 410 στό-

312 427 394 467 λου
422 425 608 474 παντός,
649 422 723 465 καὶ
750 423 989 493 γενομένου
1017 425 1251 495 πελαγίου,
1284 422 1446 480 χειμών
1480 422 1685 494 ἐξαίφνης

309 478 528 524 ἐπιπεσών
567 477 772 536 ἑξήκοντα
810 480 900 552 μὲν
929 480 1118 537 τριήρεις
1146 479 1367 552 ἠφάνισε,
1406 479 1607 525 διακόσια
1638 481 1685 524 δὲ

309 541 398 580 τῶν
428 539 616 592 σιτηγῶν
644 537 808 608 πλοίων
837 536 1104 608 διέφθειρεν·
1136 537 1160 582 ὁ
1191 538 1236 581 δὲ
1264 537 1417 589 λοιπὸς
1445 537 1597 589 στόλος
1615 553 1686 593 με

307 594 458 649 γαλοις
486 592 730 664 περιπεσών
758 598 937 650 χειμῶσι
978 594 1105 651 μόγις
1121 593 1333 666 διεσώθη
1363 593 1475 647 πρὸς
1502 594 1583 650 τὴν
1611 598 1688 638 Σι-

228 657 281 699 55
311 651 472 694 κελίαν.
532 648 760 705 οέπῶλοντο
801 651 848 694 δὲ
882 651 958 695 καὶ
992 656 1081 694 τῶν
1116 651 1344 707 ἐπιφανῶν
1372 652 1688 722 Καρχηδονίων

307 705 395 750 οὐκ
432 705 593 778 ὀλίγοι,
635 700 696 753 δι’
728 724 807 760 ους
848 707 1008 778 συνέβη
1046 705 1130 779 τὴν
1168 708 1299 752 πόλιν
1328 706 1590 779 6nud6oov‚'
1571 706 1688 762 aipa-

309 769 416 808 σθαι
443 763 618 815 πένθος.
678 763 858 808 εἰώθασι
893 781 1001 836 γαρ,
1041 764 1216 808 ἐπειδαν
1245 766 1398 820 μείζων
1440 781 1504 816 τις
1533 763 1688 834 ἀτυχία

308 821 485 891 γένηται
513 821 612 892 περὶ
640 821 720 877 τήν
748 821 902 871 πόλιν,
941 821 1093 877 μέλασι
1122 824 1316 872 σακκίοις
1344 820 1689 866 κατακαλύπτειν

308 894 361 921 τα
392 879 518 934 τείχη.
573 877 774 948 Ἀμίλκας
807 876 905 922 δ’ὁ
937 879 1174 936 στρατηγός
1204 876 1439 948 ἄναλαβων
1467 878 1572 929 τοὺς
1602 880 1691 922 δια-

226 943 280 982 60
311 935 534 985 σωθέντας
574 933 622 978 ἐκ
657 938 740 978 τοῦ
775 939 1004 992 χειμῶνος,
1058 933 1366 1007 μισθοφόρους
1415 939 1574 1006 συνῇγε
1618 935 1693 978 καὶ

309 994 399 1034 τῶν
438 1007 548 1035 κατα
586 992 794 1035 Σικελίαν
831 993 1070 1065 συμμάχων
1100 990 1400 1062 ἐστρατολόγει
1438 991 1542 1043 τοὺς
1570 990 1693 1036 εὐθέ-

309 1064 427 1099 τους.
474 1047 703 1118 παρέλαβε
742 1049 789 1093 δὲ
828 1051 902 1094 καὶ
939 1067 1016 1102 τας
1054 1049 1425 1105 προϋπαρχούσας
1471 1047 1692 1120 δυναμεις,

310 1104 384 1148 καὶ
422 1103 602 1148 πάντων
639 1109 729 1149 τῶν
767 1108 827 1157 εἰς
859 1106 937 1150 τὸν
981 1107 1172 1162 πόλεμον
1217 1106 1409 1151 εὐθέτων
1451 1104 1694 1162 ἐπιμέλειαν

227 1165 280 1208 65
309 1160 603 1234 ποιησάμενος
633 1161 680 1206 ἐν
706 1161 914 1233 ὑπαίθρῳ
945 1169 1112 1220 συνεῖχε
1142 1181 1192 1207 τα
1224 1161 1508 1219 στρατόπεδα,
1537 1162 1695 1217 πεζούς

306 1218 386 1273 μὲν
416 1218 525 1275 έχων
561 1219 661 1273 περὶ
698 1221 801 1271 τούς
821 1222 1248 1291 τετρακιςμυρίους,
1290 1222 1433 1271 ἱππεῖς
1462 1221 1508 1263 δὲ
1538 1219 1695 1277 σχεδόν

258 1276 259 1279 ’
305 1277 689 1344 πεντακιςχιλίους.
726 1276 834 1332 ταχὺ
864 1277 911 1321 δὲ
926 1277 1020 1346 τήν
1046 1277 1335 1339 γεγενημένην
1363 1274 1548 1346 ατυχίαν
1577 1279 1693 1331 διορ-
1704 1281 1773 1320 400

307 1330 586 1401 θωσαμενος,
625 1333 698 1376 καὶ
740 1334 869 1386 δόξας
909 1332 1081 1391 οἷγαθός
1122 1339 1257 1385 εἰναι,
1295 1336 1386 1377 τῶν
1415 1334 1493 1388 μὲν
1529 1332 1695 1404 συμμα-

310 1405 400 1445 χων
429 1406 505 1440 τας
535 1389 677 1444 ψυχας
687 1391 1208 1463 προκαταπεπληγμένας
1238 1389 1519 1446 ἀνεκτήσατο,
1537 1395 1630 1457 τοῖς
1650 1389 1697 1435 δὲ

228 1449 282 1489 70
311 1447 534 1500 πολεμίοις
566 1447 620 1490 06
650 1447 729 1503 τὴν
748 1451 980 1517 τυχοῦσαν
1010 1448 1203 1503 αγωνίαν
1233 1447 1478 1517 ἐπέστησεν.

200 1507 284 1546 1οῖ
425 1501 690 1574 Ἀγαθοκλῆς
719 1503 766 1548 δὲ
793 1504 872 1556 τοὶς
898 1510 989 1549 τῶν
1012 1506 1334 1576 Καρχηδονίων
1355 1501 1604 1560 δυναμειςθ
1582 1506 1699 1575 ορῶν

314 1558 614 1631 ὑπερεχούσας
643 1564 731 1604 τῶν
761 1561 937 1616 ἑαυτοῦ,
971 1563 1141 1632 διέλαβε
1169 1566 1257 1606 τῶν
1286 1577 1331 1605 τε
1359 1563 1591 1632 φρουρίων
1620 1559 1703 1606 οὐκ

317 1614 446 1687 ὀλίγα
475 1615 797 1687 μεταθήσεσθαι
826 1618 939 1672 πρὸς
967 1619 1071 1671 τούς
1095 1621 1305 1670 Φοίνικας
1333 1619 1407 1662 καὶ
1426 1622 1514 1662 τῶν
1531 1617 1705 1665 πόλεων

232 1674 287 1717 75
318 1673 421 1718 ὅσαι
449 1673 745 1727 προςέκοπτον
775 1674 909 1732 αὐτῷ.
961 1677 1149 1733 μάλιστα
1179 1676 1223 1721 δ’
1253 1675 1476 1746 εὐλαβεῖτο
1505 1676 1602 1730 περὶ
1614 1680 1708 1744 τῆς

316 1734 405 1775 τῶν
437 1734 480 1775 Γ
476 1729 648 1785 ελωων
677 1720 1015 1789 πυνθανόμενος
1045 1734 1091 1777 ἐν
1121 1736 1175 1790 τῇ
1203 1732 1375 1776 τούτων
1410 1730 1534 1806 χώρα
1562 1730 1707 1784 πάσας

317 1785 430 1833 εἰναι
460 1804 538 1839 τας
566 1792 653 1832 τῶν
668 1791 900 1858 πολεμίων
930 1789 1148 1863 δυναμεις.
1194 1789 1362 1844 ἐγένετο
1394 1788 1436 1834 δ’
1468 1790 1586 1860 αὐτῷ
1605 1789 1704 1844 περὶ

316 1848 479 1889 τοῦτον
504 1843 582 1888 τὸν
600 1844 762 1901 χρόνον
790 1847 865 1890 καὶ
894 1847 994 1901 περὶ
1021 1848 1101 1890 τόν
1132 1846 1291 1891 στόλον
1323 1845 1377 1890 06
1408 1845 1567 1917 μικρὸν
1589 1845 1706 1890 ἐλάτ-

316 1915 460 1956 τωμα·
499 1905 588 1944 τῶν
626 1920 711 1958 γαρ
743 1908 855 1947 νεῶν
885 1906 1052 1948 εἴκοσιν
1079 1904 1148 1947 ἐπὶ
1179 1903 1258 1949 τόν
1295 1903 1501 1957 πορθαόν
1527 1902 1704 1974 ὑποχεί-

235 1959 288 1999 80
319 1974 410 2013 ριοι
449 1963 541 2029 το,ῖς
580 1961 900 2030 Καρχηδονίοις
936 1960 1205 2017 κατέστησαν
1241 1959 1325 2004 σύν
1362 1958 1513 2011 αὐτοῖς
1543 1959 1704 2013 ἀνδρά-

321 2012 502 2058 σιν.ού
534 2014 621 2070 μὴν
651 2013 759 2060 ἀλλὰ
785 2019 939 2071 κρίνας
969 2018 1049 2074 τὴν
1078 2022 1165 2061 τῶν
1194 2017 1379 2088 Γελῳων
1403 2015 1533 2060 πόλιν
1563 2015 1705 2072 ασφα-
1749 2052 1752 2053 .

320 2074 527 2116 λίσασθαι
555 2077 758 2130 φρουρᾷ,
787 2077 991 2131 φανερῶς
1026 2072 1110 2119 οὐκ
1135 2073 1295 2131 ἐτόλμα
1326 2073 1516 2130 δύναμιν
1544 2074 1706 2130 εἰςαγα-

319 2228 379 2266 48.
406 2231 482 2266 τῶν
505 2230 571 2276 εἰς]
598 2231 648 2272 εἰς
672 2233 753 2267 Bas.
891 2230 1066 2289 πόλεμον]
1090 2229 1157 2270 τᾶν
1180 2231 1346 2278 πόλεμον
1369 2232 1400 2266 F
1522 2230 1580 2266 49.
1607 2228 1650 2266 δ’
1673 2230 1704 2266 F

505 2277 562 2311 53.
593 2278 698 2323 μόγις
722 2279 774 2321 F
806 2281 934 2314 caeteri
960 2278 1065 2324 μόλις
1219 2279 1280 2315 56.
1309 2277 1491 2323 εἰώθασι]
1525 2276 1707 2313 εἰώθεσαν

319 2321 446 2357 FVW:
471 2291 667 2359 εἰώθεισαν
691 2337 758 2359 non
784 2325 1008 2370 improbabat
1029 2326 1302 2372 Wesselingius.
1326 2326 1418 2359 conf.
1441 2337 1474 2368 p.
1488 2325 1569 2361 412.
1594 2324 1651 2358 96.

325 2377 328 2380 ’
367 2366 424 2402 58.
444 2370 608 2410 σακκίοις
631 2372 696 2414 Qx
719 2372 816 2414 Bas„
834 2374 962 2407 caeteri
986 2372 1143 2429 ρακίοις,
1160 2374 1250 2406 unde
1272 2373 1388 2416 potius
1413 2372 1549 2404 videtur
1566 2371 1709 2410 σακίοις

491 2417 817 2474 κατακαλύπτειν]
861 2418 1109 2454 καταλύπτειν
1139 2420 1220 2454 Bas.
1231 2444 1242 2465 ‚
1276 2420 1359 2465 quid
1384 2419 1414 2452 si
1449 2418 1631 2460 legendum
1655 2420 1705 2450 est

322 2461 544 2496 καταλυπεῖν
575 2460 644 2508 τὴν
677 2462 791 2508 τυχήν
821 2476 959 2521 margo
979 2464 1135 2499 eiusdem
1316 2464 1374 2500 62.
1408 2462 1610 2508 δυνάμεις]
1642 2474 1706 2496 ’‘⁰“

324 2504 500 2549 δυνάμεις
522 2508 553 2541 F
737 2511 795 2544 63.
819 2509 886 2547 τὸν
910 2509 1095 2555 πόλεμον]
1125 2508 1287 2556 πόλεμον
1309 2511 1392 2545 Bas.
1575 2507 1634 2543 64.
1666 2507 1706 2544 ἐν

326 2572 372 2577 ——
395 2552 474 2586 400.
499 2553 555 2587 67
581 2553 885 2600 διορθωσάμενος
908 2557 1024 2592 omisit
1047 2558 1077 2591 F

419 2597 499 2633 400.
545 2600 601 2634 68.
623 2603 1066 2647 προκαταπεπληγμένας]
1089 2601 1438 2647 καταπεπληγμένας
1459 2601 1489 2635 F
1648 2599 1707 2634 72.

330 2646 404 2679 τῶν
435 2643 572 2681 ἑαυτου
595 2658 663 2682 om.
694 2649 796 2693 FW,
828 2651 997 2685 asterisco
1022 2649 1160 2684 notavit
1184 2650 1379 2705 Stephanus
1562 2644 1618 2682 75.
1643 2647 1708 2688 τῆς

328 2691 425 2734 ¹⁵⁶⁰²2]
451 2705 524 2726 των
548 2693 630 2727 Bas.
813 2696 872 2733 78.
895 2694 1113 2740 ἐλαττωμα]
1137 2695 1220 2730 libri
1251 2693 1443 2739 ἐλάσσωμα
1646 2692 1706 2727 79.

327 2738 462 2772 εἴκοσιν
485 2741 563 2772 ante
586 2737 776 2785 ὑποχείρια
801 2743 880 2787 (εἷο)
906 2743 1001 2788 ponit
1024 2742 1054 2775 F
1192 2740 1272 2787 ἐπὶ]
1299 2742 1382 2784 περὶ
1407 2738 1572 2775 Reiskius

326 2783 382 2818 82·
409 2786 577 2833 φρουρᾷ]
604 2792 788 2833 φρουραῖς
813 2789 842 2822 F
982 2788 1203 2834 εἰςαγοιγεῖν]
1229 2789 1384 2834 εἰςαγεῐν
1409 2788 1494 2822 Bas
