1820 3249
453 153 574 196 LIB.
603 151 731 194 XVII.
797 150 932 191 CAP.
965 152 1034 193 17.
1063 153 1131 191 18.
1372 150 1482 191 1151

101 264 262 320 πεζοὺς
290 264 582 338 τριςμυρίους
644 264 786 312 ἱππεῖς
816 259 860 305 δ’
888 260 1089 329 ὑπῆρχον
1119 260 1378 312 Μακεδόνες
1407 276 1487 316 μεν
1515 263 1569 306 40

103 325 234 379 χίλιοι
259 323 333 366 καὶ
359 320 650 373 πεντακόσιοι,
682 316 883 363 Φιλώτου
914 323 995 361 τοῦ
1031 319 1342 375 Παρμενίωνος
1359 317 1489 385 ἡγου-

102 381 272 450 μένου,
278 378 483 422 Θετταλοὶ
499 376 545 421 δὲ
564 379 692 447 χίλιοι
711 376 784 419 καὶ
805 388 1156 427 πεντακοσιοι,ω
1123 392 1187 418 ων
1207 374 1350 430 ἡγεῖτο
1374 374 1489 416 Κάλ-

102 441 181 487 λας
211 433 234 479 ὁ
259 433 493 493 Ἁρπάλου,
529 439 615 477 τῶν
646 432 687 477 δ’
719 432 862 476 ἄλλων
888 430 1108 487 Ελληνων
1139 434 1183 475 οἱ
1210 431 1368 481 πάντες
1398 431 1489 482 ἑξα-

102 495 267 545 κόσιοι,
307 493 370 535 ὠν
400 490 542 561 ἡγεῖτο
570 490 813 546 Ἐρίγυιος,
865 492 1031 546 Θρακες
1062 490 1107 532 δὲ
1138 489 1384 544 πρόδρομοι
1415 488 1490 530 καὶ

103 551 308 599 Παίονες
323 547 565 600 ἐνακόσιοι,
605 549 900 600 Κάσσανδρον
930 548 1098 602 ἔχοντες
1125 546 1340 616 ἡγεμόνα,
1382 545 1487 594 ω’ςτε
1517 550 1573 592 45

9 607 92 654 J173
105 605 358 662 σύμπαντας
386 605 602 665 υπάρχειν
633 607 775 655 ἱππεῖς
795 606 1158 659 τετρακιςχιλίους
1177 620 1251 645 και
1273 618 1488 645 πεντακο-

102 665 236 713 σίους.
297 665 341 706 οἱ
380 663 460 718 μὲν
499 665 581 706 οὐν
620 661 711 718 μετ’
741 660 1026 722 Ἀλεξάνδρου
1058 659 1286 732 διαβάντες
1317 660 1377 710 εἰς
1397 676 1489 729 την

96 717 244 762 Ἀσίαν
273 725 480 763 τοσοῦτοι
507 720 556 763 τὸ
587 724 758 775 πλῆθος
797 723 935 776 ἦσαν.
985 720 1029 761 οἱ
1059 715 1104 760 δ’
1134 717 1202 760 ἐπὶ
1231 721 1305 773 τῆς
1337 714 1489 770 Ευρώ-

98 793 182 832 πης
212 774 566 834 ἀπολελειμμένοι
595 780 868 831 στρατιῶται,
901 777 963 818 ὡν
985 775 1267 828 Ἀντίπατρος
1295 779 1378 829 εἰχε
1405 790 1487 829 την
1518 777 1572 818 50

97 833 361 906 ῄγεμονίαν,
421 835 542 887 πεζοὶ
586 835 665 889 μὲν
710 833 909 888 ὑπῆρχον
950 832 1104 888 μύριοι
1151 831 1225 875 καὶ
1257 803 1490 886 διςχίλιόι,

100 892 242 941 ἱππεῖς
295 889 340 934 δὲ
385 893 516 947 χίλιοι
569 891 643 935 καὶ
692 890 984 934 πεντακόσιοι
1052 892 1133 932 τοῦ
1183 889 1228 932 δὲ
1277 888 1491 957 βασιλέως

99 945 416 1000 ἀναζεύξαντος
474 948 522 992 ἐκ
577 953 654 1003 τῆς
708 946 946 1004 Τρωάδος,
1010 963 1083 989 και
1135 944 1491 1016 καταντήσαντος

96 1003 208 1059 πρός
236 1005 286 1048 τό
316 1008 492 1061 τέμενος
503 1009 598 1075 τῆς
623 1005 832 1060 Ἀθηνᾶς,
865 1002 887 1047 ὁ
920 1020 999 1058 μεν
1025 1003 1161 1076 θύτης
1187 1001 1486 1056 Ἀλέξανδρος,

96 1061 374 1118 κατανοήσας
424 1061 512 1115 πρό
563 1067 641 1105 τοῦ
681 1061 765 1104 νεώ
803 1061 1004 1116 κειμένην
1043 1060 1192 1103 εἰκόνα
1228 1061 1362 1116 χαμαὶ,
1404 1063 1486 1103 τοῦ
1516 1059 1571 1100 55

100 1119 297 1173 Φρυγίας
322 1119 427 1162 ποτὲ
457 1116 841 1172 σατραπεύσαντος
866 1116 1220 1187 ᾼριοβαρζάνου,
1253 1119 1327 1160 καί
1352 1133 1487 1160 τινων

99 1176 274 1218 οἰωνῶν
305 1178 460 1220 αἰσίων
491 1175 635 1219 ἄλλων
667 1175 1008 1230 ἐπιγενομένων,
1047 1178 1271 1229 προςηλθε
1310 1178 1371 1230 τῷ
1403 1177 1486 1228 βα-

99 1236 233 1287 σιλεῖ,
277 1234 351 1276 καὶ
387 1233 584 1305 νικησειν
625 1231 763 1276 αὐτόν
805 1233 1046 1287 ιππομαχίςι
1075 1233 1240 1288 μεγάλη
1275 1233 1485 1286 διεβεβαι-

98 1293 231 1341 οὗτο,
271 1291 344 1334 καὶ
374 1289 575 1347 μάλιστ’,
625 1290 693 1333 ἀν
708 1289 816 1346 τύχη
844 1289 943 1344 περὶ
973 1289 1053 1345 τὴν
1089 1292 1291 1343 Φρυγίαν
1322 1305 1484 1343 αγωνι-
1515 1299 1571 1339 60

97 1345 299 1400 σάμενος.
346 1350 594 1400 προςετίθει
624 1348 671 1392 δὲ
701 1348 774 1390 καὶ
805 1345 919 1389 διότι
946 1363 1040 1394 ταις
1060 1347 1191 1396 ἰδίαις
1208 1346 1356 1400 χερσὶν
1379 1345 1484 1388 άπο-

96 1408 239 1447 κτενεῖ
272 1404 514 1461 μαχόμενος
553 1421 600 1448 εν
629 1402 864 1458 παρατάξει
896 1403 1140 1475 στρατηγόν
1171 1404 1362 1458 ἐπιφανη
1392 1407 1484 1446 τῶν

96 1461 328 1515 πολεμίων.
388 1465 525 1504 ταῦτα
564 1478 650 1516 γαρ
690 1459 809 1531 αὐτῷ
849 1463 1171 1530 προσημαίνειν
1200 1460 1302 1511 τοὺς
1330 1459 1485 1512 θεούς,

95 1517 170 1561 καὶ
195 1516 383 1588 μάλιστα
411 1518 492 1573 τὴν
519 1517 730 1573 Ἀθηνᾶν,
761 1535 815 1574 ην
846 1519 919 1560 καὶ
950 1515 1235 1572 συνεργήσειν
1265 1522 1357 1567 τοῖς
1387 1515 1485 1572 εὐη-
1518 1549 1573 1587 18

95 1574 355 1630 μερήμασιν.
415 1574 439 1618 ὁ
468 1573 509 1618 δ’
528 1574 809 1628 Ἀλέξανδρος
831 1573 1152 1628 ἀποδεξάμενος
1172 1590 1254 1630 την
1277 1578 1358 1616 τοῦ
1379 1574 1486 1629 μάν·
1517 1606 1572 1647 65

94 1647 202 1682 τεως
229 1631 500 1703 πρόρρησιν,
541 1649 593 1689 τη
625 1633 704 1688 μὲν
729 1631 895 1701 Ἀθηνᾶ
925 1630 1135 1686 λαμπραν
1164 1631 1378 1674 επετέλεσε
1407 1637 1486 1674 θυ-

94 1689 217 1740 σίαν,
259 1688 334 1732 καὶ
362 1687 412 1732 τὸ
443 1705 522 1744 μεν
553 1691 670 1733 ἰ’διον
700 1689 839 1732 ὅπλον
870 1688 1057 1755 ἀνέθηκε
1087 1706 1138 1744 τη
1168 1692 1283 1743 θεῷ
1318 1693 1408 1731 τῶν
1440 1686 1486 1732 δ’

95 1761 144 1788 εν
167 1749 236 1814 τῷ
263 1749 349 1804 νεῷ
377 1745 591 1801 κειμένων
621 1746 768 1789 ὅπλων
796 1745 844 1790 τό
876 1745 1115 1800 κράτιστον
1145 1734 1384 1800 άναλαβων
1409 1746 1485 1789 καὶ

9 728 13 762 1

94 1801 239 1872 τούτῳ
272 1806 598 1854 καθοπλισθείς,
631 1804 839 1859 ἐχρησατο
870 1820 980 1846 κατα
1009 1803 1089 1858 την
1119 1819 1299 1857 πρωτην
1325 1803 1481 1873 μάχην,
1513 1806 1568 1846 70

94 1875 153 1914 ην
193 1847 268 1905 διά
305 1877 381 1916 της
421 1862 535 1911 ἰδίας
575 1859 878 1916 ἀνδραγαθίας
917 1861 1071 1914 κρίνας
1100 1860 1366 1915 περιβόητον
1395 1863 1488 1916 ε’σχε

95 1933 178 1971 την
217 1918 357 1974 νίκην.
427 1915 535 1961 α’·λλοὶ
573 1922 710 1961 ταῦτα
755 1934 833 1973 μεν
870 1917 1059 1971 ὕστερον
1099 1917 1281 1973 ἡμέραις
1322 1916 1488 1973 ὀλίγαις

97 1973 305 2030 ἐπράχθη.
373 1975 416 2018 οἱ
454 1975 502 2018 ’δε
538 1979 629 2018 τῶν
666 1979 852 2030 Περσῶν
890 1972 1108 2028 σατράπαι
1147 1975 1220 2017 καὶ
1257 1977 1489 2030 στρατηγοὶ

95 2034 178 2074 τοῦ
206 2047 287 2102 μεν
312 2035 508 2075 κωλῦσαι
533 2036 624 2075 τῶν
653 2032 930 2079 Μακεδόνων
959 2049 1040 2087 την
1070 2031 1276 2088 διάβασιν
1305 2031 1485 2088 ὑστέρη-

0 2085 5 2136 ξ
97 2099 203 2142 σαν,
233 2086 545 2145 ἀθροισθέντες
575 2089 623 2133 δὲ
651 2089 941 2147 ἐβουλεύοντο
971 2105 1064 2140 πως
1094 2089 1174 2145 χρὴ
1205 2091 1485 2145 διαπολεμεῖν
1514 2084 1570 2126 75

93 2211 152 2247 40.
197 2211 455 2271 πεντακόσιοι]
482 2211 522 2260 φ’
555 2225 681 2260 margo
705 2214 761 2256 T,
794 2214 922 2249 caeteri
953 2211 1168 2250 ὀκτακόσιοι
1365 2212 1484 2249 Φιλω-

0 2266 3 2293 1
94 2272 162 2294 του
181 2279 226 2286 —
245 2261 304 2294 42-
331 2258 547 2297 ὀκτακόσιοι
572 2273 641 2298 om.
634 2243 725 2295 t’Cos
729 2273 793 2306 pus
956 2262 1012 2295 42.
1047 2257 1303 2304 πεντακόσιοι]
1329 2275 1358 2305 φ
1394 2273 1489 2296 mar-

95 2317 144 2351 go
167 2304 222 2349 ',P
246 2310 376 2343 caeteri
398 2306 609 2345 ὀκτακόσιοι
795 2303 846 2343 ὦν
870 2326 914 2333 -
938 2308 996 2342 43.
1031 2305 1218 2350 ἑξακόσιοι
1243 2319 1312 2342 om.
1342 2310 1371 2341 X.

142 2352 198 2386 43.
246 2351 285 2388 6⁹
309 2356 340 2388 F
528 2355 564 2391 οὶ
588 2353 723 2394 πάντες
749 2355 824 2398 FL,
849 2354 976 2388 caeteri
1000 2353 1135 2395 πάντες
1301 2355 1356 2388 -Η,
1392 2352 1488 2398 Ἐρί-

95 2410 199 2442 γυιος
220 2399 669 2448 B!ancardus‚Eurygy11s
692 2403 758 2435 Cos
745 2414 846 2445 pus,
877 2402 936 2434 sed
964 2403 1129 2446 Erigyius
1152 2400 1283 2445 corrigi
1308 2401 1404 2434 iubet
1428 2402 1489 2434 fol.

96 2445 154 2479 93.
187 2457 216 2478 r.
250 2448 423 2492 monitus,
455 2450 597 2493 opinor
630 2449 716 2482 locrs
749 2448 808 2491 qui
831 2452 908 2482 sunt
938 2447 1030 2482 infla
1245 2428 1408 2494 ΟΘρςΞκες
1440 2467 1485 2473 —-

97 2489 332 2538 ἐννακόσιοι]
361 2496 531 2539 Thessali,
561 2497 713 2529 Thraces
737 2500 974 2528 antecursores
999 2499 1033 2528 et
1056 2495 1211 2529 Paeones
1235 2495 1329 2528 mille
1350 2500 1383 2529 ct
1401 2507 1487 2528 non-

95 2539 196 2582 genti
219 2540 352 2582 Gospus
535 2542 591 2576 45.
640 2541 911 2586 Κάσσανδρον]
941 2541 1169 2585 Κάσανδρον
1194 2542 1223 2575 F
1249 2542 1332 2575 Bas.

189 2585 269 2619 173·
294 2585 352 2620 51·
399 2590 507 2634 χίλιοι
529 2589 824 2623 Rhodomanuus:
850 2588 932 2621 libri
957 2586 1087 2631 μύριοι
1112 2589 1174 2623 καὶ
1189 2589 1320 2643 χίλιοι,
1346 2589 1394 2622 ad
1418 2587 1486 2621 duo

95 2631 208 2665 millia
232 2632 362 2676 cospus
545 2635 602 2670 54.
649 2631 719 2669 's-Al.
713 2634 906 2679 Ῑξανδρος]
943 2635 1022 2668 wide
1044 2635 1303 2669 annotationem

95 2676 154 2712 55.
195 2678 366 2722 κειμένην
389 2681 456 2715 ΤΧ
474 2682 571 2723 Bas„
595 2682 723 2716 caetu-i
747 2680 1013 2726 κατακειμένην
1176 2681 1233 2715 57.
1274 2679 1482 2727 ἐπιγενομ]

93 2721 279 2782 ἐπιγᾶινομι
311 2726 372 2760 Fu
561 2728 620 2762 59.
672 2730 861 2784 Φρυγίαν]
905 2727 1118 2786 Φρυγανίαν
1149 2729 1233 2762 Bas.
1428 2727 1486 2761 (io.

0 2773 3 2802 ἰ
96 2771 216 2817 διότι]
255 2769 313 2806 ὅτι
345 2774 376 2807 F
569 2775 628 2808 61.
676 2771 891 2820 ἀποκτενεῖ]
927 2774 1135 2811 ἀποκτείνει
1165 2776 1196 2809 F
1220 2775 1302 2809 Bas.

0 2837 1 2840 =
93 2817 152 2853 67.
198 2819 364 2864 θυσίαν]
401 2817 469 2866 τήν
491 2821 632 2857 θυσίαν
655 2821 686 2856 F
