1820 3249
552 178 670 220 LIB.
706 179 832 220 XVII.
864 178 996 219 GAP.
1027 182 1066 220 4.
1085 181 1128 222 5.
1425 185 1537 226 1139

144 293 227 338 κὸν
255 292 448 350 χρυσίον.
485 291 628 335 ,ἔσται
658 290 705 335 δὲ
747 288 852 334 οὐδὲ
881 294 1014 334 τοῦτο
1046 289 1220 334 ἱκανόν
1274 291 1419 345 οὐδεὶς
1449 312 1533 350 γαρ

144 349 319 394 πώποτε
364 351 553 399 πλοῦτος
599 347 771 402 τρόπου
820 351 1023 402 πονηροῦ
1073 347 1353 403 περιεγένετο.
1421 351 1444 394 ὁ
1485 354 1531 396 δὲ
1564 357 1618 399 45

144 406 421 460 Ἀλέξανδρος
449 411 541 456 τοῖς
568 406 777 460 πρέσβεσι
806 409 895 447 τῶν
917 404 1162 460 Ἀθηναίων
1183 407 1532 462 φιλανθρώπους

145 463 396 533 ἀποκρίσεις
425 462 533 513 δους
564 461 751 506 α’πέλυσε
781 479 862 505 του
891 466 1060 505 πολλου
1091 461 1240 519 φόβου
1271 463 1350 510 τόν
1381 466 1532 520 δῆμον.

142 524 225 564 τοῦ
247 520 289 564 δ’
311 517 598 573 Ἀλεξάνδρου
617 521 987 574 παραγγείλαντος
1008 521 1066 570 εἰς
1081 520 1313 573 Κόρινθον
1330 519 1533 565 ἀπαντᾶν

141 578 218 628 τάς
249 593 294 620 τε
321 579 554 631 πρεσβείας
581 578 652 619 καὶ
683 576 789 628 τοὺς
820 576 1089 630 συνέδρους,
1122 577 1268 633 ἐπειδή
1304 582 1531 633 συνῆλθον
1562 582 1616 625 50

143 636 188 677 οἱ
216 633 495 705 συνεδρεύειν
524 630 751 685 εἰωθότες,
802 635 1041 705 διαλεχθεὶς
1070 632 1093 676 6
1125 634 1331 688 βασιλευς
1359 636 1432 678 καὶ
1461 636 1533 678 λό-

139 706 234 746 γοις
269 690 469 734 ἐπιεικέσι
508 691 781 762 χρησαμενος
824 691 964 734 ἔπεισε
994 689 1100 741 τούς
1131 689 1353 761 Έλληνας
1390 695 1534 748 ψηφί-

141 752 305 790 σασθαι
343 747 586 803 στρατηγὸν
626 746 952 819 αὐτοκράτορα
970 752 1064 816 τῆς
1073 746 1281 799 Ελλαδος
1312 764 1425 791 ειναι
1454 750 1534 792 τόν

138 801 419 858 Ἀλέξανδρον
447 807 521 848 καὶ
552 806 860 878 συστρατεύειν
889 804 958 848 ἐπὶ
984 821 1091 856 τους
1125 805 1299 859 Πέρσας
1329 822 1438 859 υπερ
1470 808 1534 850 ὠν

140 862 200 911 εἷς
229 860 333 912 τοὺς
358 860 571 918 Έλληνας
607 862 861 917 ἐξήμαρτον.
920 878 1063 917 τυχων
1093 861 1140 905 δὲ
1169 860 1331 919 ταύτης
1367 867 1444 918 τῆς
1473 880 1532 906 τι-
1562 862 1618 904 55

138 922 240 1017 μὲῆς
251 916 274 961 6
305 920 507 973 βασιλεὺς
538 919 755 976 ἐπανῆλθε
794 918 900 975 μετὰ
928 923 1005 976 τῆς
1036 919 1264 976 δυνάμεως
1292 921 1351 971 εἰς
1382 924 1531 965 Μακε-

169 976 309 1018 ονίαν.

248 1030 393 1086 Ἡμεῖς
423 1030 464 1075 δ’
497 1031 587 1076 ἐπεὶ
618 1030 672 1075 τὰ
691 1031 802 1075 κατὰ
821 1030 902 1100 τήν
916 1030 1103 1074 Ἑλλαδα
1123 1029 1377 1103 διήλθομεν,
1407 1047 1529 1101 μετα·
1559 1036 1589 1075 5

138 1087 379 1158 βιβάσομεν
415 1088 494 1132 τόν
533 1088 669 1144 λόγον
705 1089 771 1132 ἐπὶ
802 1088 880 1139 τοὶς
917 1088 1027 1131 κατὰ
1055 1104 1136 1143 την
1161 1087 1310 1132 Ἀσίαν
1337 1088 1527 1144 πράξεις.
1560 1095 1616 1133 60

138 1143 244 1200 μετά
279 1145 364 1201 γάρ
397 1144 497 1201 τὴν·
510 1148 731 1189 Φιλίππου
760 1145 964 1216 τελευτην
986 1144 1193 1196 ’Ἀτταλος
1221 1145 1270 1188 τὸ
1306 1163 1386 1201 μεν
1414 1150 1529 1200 πρῶ·

136 1218 216 1244 τον
244 1201 446 1275 επεχείρει
475 1206 739 1274 νεωτερίζειν
761 1203 834 1246 καὶ
854 1203 963 1256 πρὸς
982 1199 1252 1273 Ἀθηναίους
1274 1205 1529 1246 συνετίθετο

136 1261 457 1328 κοινοπραγίαν
485 1277 566 1303 κατ
614 1257 920 1330 Ἀλεξάνδρου,
961 1258 1150 1312 ὕστερον
1180 1259 1226 1302 δε
1255 1259 1531 1315 μετανοήσας

135 1315 216 1370 τήν
245 1332 324 1371 μεν
362 1317 664 1360 α’ποδοθεῖσαν
702 1314 821 1375 αυτῷ
856 1332 978 1370 παρα
1011 1315 1338 1387 Δημοσθένους
1362 1316 1529 1360 ἐπιστο-

135 1372 217 1427 λὴν
245 1372 437 1442 τηρήσας
467 1371 691 1417 ἀπέστειλε
719 1376 831 1429 πρὸς
855 1372 1152 1427 Ἀλέξανδρον,
1183 1374 1259 1416 καὶ
1288 1372 1434 1442 λόγοις
1458 1391 1528 1429 φι-
1559 1374 1614 1418 65

137 1429 423 1482 λανθρώποις
453 1431 654 1484 ἐπειρᾶτο
684 1430 759 1482 τὰς
788 1428 896 1474 καθ’
931 1430 1095 1473 εαυτοῦ
1123 1431 1332 1486 διαβολας
1353 1430 1528 1485 ἀποτρί-

137 1490 334 1535 ψασθαι·
365 1490 446 1530 τοῦ
477 1486 523 1530 δ’
551 1488 783 1531 Εκαταίου
811 1486 922 1530 κατὰ
951 1487 1028 1538 τὰς
1056 1491 1137 1530 τοῦ
1167 1490 1381 1542 βασιλέως
1409 1488 1528 1531 ἐντο-

136 1542 214 1593 λὰς
245 1543 632 1613 δολοφονήσαντος
650 1544 727 1587 τὸν
734 1543 962 1596 ’Ἀτταλον,
993 1544 1019 1599 ἡ
1042 1544 1121 1600 μὲν
1142 1543 1253 1586 κατὰ
1275 1543 1356 1600 τὴν
1377 1543 1527 1588 Ἀσίαν

134 1603 225 1642 τῶν
261 1600 542 1643 Μακεδόνων
582 1601 768 1670 δύναμις
809 1600 1031 1644 ἐπαύσατο
1071 1604 1152 1643 τοῦ
1191 1603 1527 1656 μετεωρίζεσθαι

135 1656 247 1710 πρὸς
287 1654 556 1706 απόστασιν,
599 1662 680 1701 τοῦ
711 1675 790 1714 μεν
815 1657 1020 1701 Ἀττάλου
1048 1659 1406 1729 πεφονευμένου,
1443 1660 1527 1702 τοῦ
1557 1664 1612 1703 70

109 1735 112 1743 ·
136 1713 183 1756 δε
208 1716 524 1770 Παρμενίωνος
539 1715 785 1758 οἰκειότατα
801 1714 1083 1770 διακειμένου
1099 1714 1213 1767 πρός
1231 1715 1311 1758 τόν
1328 1713 1526 1767 Ἀλέξαν-

135 1772 260 1823 δρον.
310 1771 431 1840 περὶ
470 1773 516 1815 δὲ
555 1776 646 1842 τῆς
671 1777 758 1815 τῶν
797 1775 985 1826 Περσῶν
1022 1773 1246 1828 βασιλείας
1287 1772 1527 1841 μέλλοντας

133 1825 249 1882 ἡμᾶς
284 1825 568 1899 οἷναγραφειν
618 1827 861 1884 ἀναγκαῖόν
908 1829 998 1871 ἐστι
1038 1829 1180 1884 βραχυ
1218 1833 1310 1880 τοῖς
1349 1827 1526 1885 χρόνοις

133 1878 457 1952 προαναλαβεῖν
495 1885 575 1941 τὴν
623 1888 849 1943 ἱστορίαν.
906 1887 1132 1929 Φιλίππου
1173 1884 1256 1941 γὰρ
1295 1885 1356 1929 έτι
1394 1889 1525 1942 βασι-
1555 1891 1611 1935 75

134 1939 342 1992 λεύοντος
370 1943 475 1998 ἦρχε
504 1959 594 1986 των
624 1947 811 1998 Περσων
835 1944 978 1998 Ωχος,
1009 1943 1084 1986 καὶ
1113 1944 1405 2013 προςεφέρετο
1432 1948 1526 1994 τοῖς

132 1995 510 2068 υποτεταγμένοις
532 1999 661 2054 ωμῶς
690 2001 765 2043 καὶ
794 2002 960 2070 βιαίως.
1019 1998 1294 2055 μισουμένου
1319 1999 1365 2043 δε
1386 1999 1526 2043 αὐτοῦ

133 2053 208 2098 δια
238 2072 319 2111 την
346 2054 632 2127 χαλεπότητα
647 2061 736 2100 τῶν
763 2057 964 2112 τρόπων,
1011 2056 1199 2112 Βαγώας
1239 2056 1262 2100 6
1291 2058 1525 2126 χιλίαρχος,

132 2109 343 2181 εὐνοῦχος
372 2129 452 2183 μεν
483 2113 547 2156 ὠν
587 2113 668 2170 τὴν
708 2114 816 2167 ε’ξιν,
862 2114 1058 2181 πονηρὸς
1098 2115 1143 2157 δε
1183 2114 1257 2156 καὶ
1293 2113 1525 2169 πολεμικὸς

131 2184 214 2237 την
230 2169 398 2239 φύσιν,
416 2168 556 2214 ἀνεῖλε
586 2170 807 2230 φαρμάκῳ
837 2172 915 2214 τὸν
937 2167 1074 2227 ς,Ωχον
1103 2170 1178 2214 διά
1206 2187 1325 2222 τινος
1354 2172 1523 2224 ἰατροῦ,
1554 2174 1609 2213 80

132 2224 211 2268 τόν
240 2226 286 2269 δὲ
314 2224 532 2271 νεώτατον
561 2245 652 2271 των
682 2231 796 2272 υῑων
824 2233 906 2272 τοῦ
932 2229 1145 2299 βασιλέως
1172 2227 1331 2299 Ἀρσὴν
1361 2229 1526 2283 εἰςήγα-

130 2297 207 2336 γεν
247 2284 308 2333 εἰς
346 2283 425 2339 τὴν
462 2287 712 2357 βασιλείαν.
771 2284 914 2329 οἷνεῖλε
960 2285 1005 2329 δὲ
1045 2303 1120 2329 και
1158 2301 1264 2336 τους
1302 2285 1525 2355 ἀδελφοὺς

129 2342 212 2381 τοῦ
241 2341 472 2395 βασιλέως,
505 2341 635 2394 ὄντας
664 2341 795 2394 νέους
823 2347 1068 2393 παντελως,
1102 2340 1220 2393 ὅπως
1251 2343 1470 2398 μονωθεὶς
1500 2340 1525 2385 6

130 2397 360 2449 νεανίσκος
389 2403 555 2455 μᾶλλον
582 2399 782 2458 υπήκοος
811 2399 931 2460 αὐτῷ
960 2400 1153 2482 γένηται.
1208 2403 1290 2443 τοῦ
1315 2400 1361 2444 δὲ
1379 2416 1528 2456 μειρα-

132 2554 191 2589 44.
238 2553 337 2592 ἔσται
360 2555 402 2593 δὲ
428 2556 515 2594 ουδε
539 2559 652 2596 τοῦτο
676 2561 745 2595 Tx
767 2561 850 2595 Bas
863 2586 874 2603 ‚
911 2559 1013 2596 ε’σται
1037 2557 1077 2595 δε
1103 2555 1191 2595 ov’6'
1218 2553 1316 2594 ον’τω
1340 2557 1390 2601 L,
1423 2556 1525 2593 ε’σται

134 2600 176 2636 δε
202 2601 319 2648 τούτῳ
345 2601 433 2639 οὐδ’
459 2603 557 2640 ου’τω
582 2607 633 2650 F,
668 2607 799 2641 caeteri
825 2606 925 2642 ε’σται
949 2604 990 2643 δὲ
1012 2619 1133 2651 τουτῳ
1156 2603 1245 2641 ου’δε
1269 2606 1404 2645 τοῦτο,
1437 2616 1525 2647 quo-

131 2659 212 2682 rum
236 2650 355 2692 τούτῳ
379 2652 544 2686 asterisco
568 2653 700 2687 notavit
723 2654 918 2697 Stephanus
1089 2654 1148 2688 47.
1197 2650 1311 2696 δοὺς]
1339 2649 1469 2690 διδούς
1490 2650 1522 2683 F

132 2694 190 2729 56.
237 2697 302 2751 τῆς
326 2696 517 2741 δυταμεως
540 2700 617 2740 FL‚
643 2701 769 2734 caeteri
796 2700 989 2744 δυνάμεως
1175 2700 1232 2734 59.
1279 2696 1524 2743 μεταβιβάσο-

131 2753 199 2784 μεν
221 2738 288 2777 cdv
313 2742 436 2801 λόγον’]
481 2743 702 2788 τρεψόμεθα
732 2745 844 2782 παλιν
875 2749 935 2781 Fn
1129 2745 1187 2780 66.
1235 2743 1526 2788 ἀποτρίψασθαι

131 2787 214 2826 FL,
251 2790 379 2824 caeteri
401 2788 672 2849 ἀποτρίβεσθαι
877 2794 935 2829 71.
984 2792 1079 2838 πρὸς
1101 2791 1171 2827 τόν
1194 2789 1257 2826 m.
1281 2792 1364 2833 FL,
1396 2788 1525 2826 caeteri

131 2832 228 2879 πρὸς
247 2832 317 2871 ’.Αλ
502 2838 560 2873 83.
609 2836 722 2882 ὄντας
744 2838 874 2884 νέους]
901 2839 1010 2882 νέους
1035 2836 1146 2880 ὄντας
1169 2839 1200 2871 F

1144 2896 1246 2938 73*
