1820 3249
326 130 437 170 1284
670 126 789 167 Lln.
820 124 969 168 xvm.
1027 127 1153 169 cA‘P.
1182 131 1256 173 2⁸&
1283 131 1352 171 28.

325 238 371 281 αἱ
410 237 611 293 κνημῖδες
649 236 1100 293 κατακεχρυσωμέναι,
1151 238 1200 282 *cd
1234 238 1279 282 δὲ
1305 242 1574 308 προςπῖπτον
1601 241 1691 290 τοῖς

217 303 295 343 100
325 292 504 349 ἐδάφεσι
534 294 661 348 μέρος
688 296 917 362 σιδηροῦν.
974 299 1060 338 τῶν
1091 293 1133 339 6'
1168 294 1338 347 άξόνων
1370 295 1422 338 τὰ
1451 295 1689 349 προέχοντα

321 355 461 422 χρυσᾶ
490 348 826 403 κατεσκεύαστο,
861 353 1081 407 προτομὰς
1110 353 1261 422 ἔχοντα
1290 351 1477 396 λεόντων
1505 350 1691 407 σιβύνην

322 408 427 459 ὀδὰξ
457 407 733 462 κατεχούσας.
790 408 898 451 κατα
929 409 974 452 δὲ
1002 409 1136 464 μέσον
1169 408 1217 452 τὸ
1248 414 1384 480 μῆκος
1414 406 1529 477 εἶχον
1553 410 1690 452 πόλον

325 464 645 533 ἐνηρμοσμένον
680 481 925 519 μηχανικως
955 466 1001 508 ἐν
1030 465 1138 534 μέση
1167 470 1221 522 τῇ
1248 465 1445 536 καμάρα,
1468 464 1588 537 ῗω’ςτε
1617 463 1690 508 66-

268 528 293 569 5
322 526 487 564 νασθαι
528 520 599 564 δια
635 520 795 564 τούτου
835 538 915 589 την
942 521 1143 591 καμάραν
1174 522 1410 566 ἀσάλευτον
1444 527 1554 565 εἰναι
1583 521 1692 564 κατὰ

320 577 425 628 τούς
444 576 645 632 σεισμοὺς
664 578 736 621 καὶ
756 577 1012 633 ἀνωμάλους
1031 578 1207 630 τόπους.
1247 578 1462 634 τεττάρων
1484 576 1528 622 6’
1549 577 1691 621 ὄντων

320 634 472 702 ῥυμῶν
502 633 664 689 ἑκάστῳ
695 637 989 689 τετραστοιχία
1017 639 1175 691 ζευγῶν
1202 634 1448 688 ὑπέζευκτο,
1477 633 1692 688 τεττάρων

318 689 514 760 ημιόνων
537 690 701 752 ἑκάστῳ
724 690 857 746 ζεύγει
876 692 1284 763 προςδεᾷεμένων,
1262 692 1362 744 ώςτε
1380 691 1483 742 τούς
1501 692 1694 742 άπαντας

318 745 549 802 ἡμιόνους
570 746 683 791 εἶναι
729 748 935 817 ἑξήκοντα
985 749 1058 790 καὶ
1097 749 1301 804 τέτταρας
1343 749 1693 817 ἐπιλελεγμένους

239 807 292 848 10
322 809 414 853 ταῖς
445 820 486 846 τε
517 803 681 860 ῥώμαις
700 820 772 846 και
794 809 885 854 τοῖς
905 802 1213 860 ἀναστήμασιν.
1257 805 1455 877 ἕκαστος,
1463 806 1508 848 δὲ
1523 803 1693 848 τούτων

319 859 590 915 ἐστεφάνωτο
629 862 938 945 κεχρυσωμένῳ
978 861 1204 916 στεφάνῳ,
1249 863 1322 906 καὶ
1350 860 1455 917 παρ’
1488 861 1695 931 ἑκατέραν

319 920 407 982 τῶν
425 916 640 971 σιαγόνων
664 922 773 971 ειῗχεν
794 918 1076 973 ἐξηρτημένον
1096 919 1280 962 κωδωνα
1298 922 1505 973 χρυσοῦν,
1532 918 1666 976 περὶ
1650 916 1695 960 δὲ

235 977 292 1017 28
319 972 423 1022 τούς
461 973 716 1042 τραχήλους
746 977 956 1029 χλίδωνας
1000 974 1353 1030 λιθοκολλήτους.
1421 974 1448 1032 ἡ
1490 975 1568 1030 μὲν
1611 969 1696 1019 οὖν

234 1034 287 1074 15
319 1027 560 1099 ἁρμάμαξα,
593 1028 800 1085 τοιαύτην
829 1032 988 1101 ἔχουσα
1016 1032 1096 1089 τὴν
1125 1032 1395 1103 κατασκευην
1423 1033 1495 1076 καὶ
1522 1029 1594 1074 διὰ
1619 1034 1696 1086 τῆς

321 1084 514 1139 ὁράσεως
543 1090 711 1141 μᾶλλον
739 1087 767 1143 ἢ
796 1091 871 1143 τῆς
897 1086 1156 1145 ἀπαγγελίας
1164 1090 1419 1159 φαινομένη
1437 1093 1697 1156 μεγαλοπρε-

319 1143 515 1212 πεστὲρα,
545 1143 732 1194 πολλοὺς
761 1145 973 1187 ἐπεσπᾶτο
1002 1145 1202 1200 θεωροὺς
1231 1145 1303 1189 δια
1330 1162 1409 1218 την
1434 1144 1697 1200 περιβόητον

321 1198 464 1252 δόξαν.
525 1217 567 1243 οι
597 1202 680 1256 γὰρ
712 1201 758 1244 έκ
788 1205 878 1244 τῶν
905 1202 1078 1247 πόλεων
1110 1201 1220 1246 καθ’
1243 1220 1295 1254 ας
1319 1202 1569 1258 άεὶγένοιτο
1592 1217 1696 1244 παν-

235 1263 290 1301 20
319 1257 444 1311 δημεὶ
453 1254 713 1326 συνήντων
744 1259 817 1300 καὶ
846 1257 980 1302 πάλιν
1003 1259 1295 1315 προέπεμπον,
1327 1259 1410 1302 οὐκ
1434 1257 1695 1325 ἐμπιπλάμε-

316 1328 388 1356 νοι
418 1316 493 1368 τῆς
521 1313 630 1365 κατά
659 1331 741 1369 την
765 1318 962 1370 θεωρίαν
991 1316 1191 1370 τέρψεως.
1233 1316 1495 1366 ἀκολούθως
1521 1315 1567 1358 δε
1596 1312 1696 1356 ταύ-

315 1385 367 1425 τη
415 1375 467 1426 τῇ
506 1373 847 1442 μεγαλοπρεπεία
892 1371 1221 1428 παρηκολούθει
1256 1377 1426 1442 πλῆθος
1477 1371 1697 1416 ὁδοποιων

315 1426 388 1469 καὶ
417 1431 622 1481 τεχνιτῶν
661 1427 720 1470 ἔτι
761 1427 805 1471 δὲ
842 1433 1118 1500 στρατιωτῶν
1155 1428 1545 1484 παραπεμπόντων
1601 1426 1698 1497 Ἀρ-

319 1483 488 1538 ριδαῖος
519 1500 598 1538 μεν
628 1486 711 1526 οὑν
740 1483 893 1539 σχεδόν
924 1485 995 1555 έτη
1026 1485 1108 1529 δύο
1139 1486 1448 1537 καταναλώσας
1482 1485 1581 1540 περὶ
1616 1500 1697 1541 την

233 1538 288 1580 25
316 1539 591 1609 κατασκευὴν
625 1557 713 1583 των
744 1541 902 1597 έργων,
956 1540 1194 1598 ἀπεκόμισε
1221 1546 1271 1587 τὸ
1303 1555 1426 1599 σωμα
1455 1548 1536 1586 τοῦ
1568 1545 1699 1597 βασι-

315 1595 423 1647 λέως
452 1597 499 1639 ἐκ
529 1599 800 1651 Βαβυλωνος
822 1599 882 1649 εἰς
905 1600 1144 1653 Αἴγυπτον.
1205 1604 1477 1655 Πτολεμαῖος
1495 1599 1541 1643 δὲ
1561 1614 1700 1654 τιμων

315 1651 396 1695 τὸν
424 1650 704 1725 Ἀλέξανδρον
737 1652 955 1710 άπηντησε
984 1673 1096 1725 μετα
1121 1660 1195 1712 τῆς
1226 1656 1452 1713 δυνάμεως
1482 1656 1606 1712 μέχρι
1624 1659 1700 1710 τῆς

315 1710 514 1779 Συρίας,
546 1711 620 1753 καὶ
656 1713 927 1782 παραλαβών
954 1713 1003 1755 τὸ
1033 1716 1156 1768 σωμα
1184 1718 1260 1770 τῆς
1275 1715 1490 1784 μεγίστης
1520 1713 1700 1782 φροντί-

320 1767 396 1815 δος
424 1764 619 1836 η’ξίωσεν.
680 1767 818 1821 ε’κρινε
843 1767 926 1823 γάρ
959 1769 1026 1812 ἐπὶ
1055 1774 1138 1813 τοῦ
1168 1770 1388 1823 παρόντος
1417 1772 1475 1821 εἰς
1498 1786 1598 1839 μεν
1597 1768 1700 1838 ’Ἀμ-

235 1823 289 1863 30
319 1838 442 1877 μωνα
472 1840 529 1891 μη
562 1827 884 1880 παρακομίζειν,
916 1842 1026 1869 κατα
1056 1827 1101 1870 δὲ
1130 1826 1210 1883 τὴν
1240 1827 1491 1897 ἐκτισμένην
1519 1823 1598 1870 υπ’
1624 1824 1700 1868 αύ-

315 1881 397 1922 τοῦ
436 1878 588 1931 πόλιν,
638 1881 985 1951 ἐπιφανεστάτην
1026 1886 1165 1927 οὐσαν
1205 1883 1356 1953 σχεδόν
1394 1901 1434 1927 τι
1471 1900 1560 1926 των
1589 1898 1698 1926 κατα

316 1933 397 1990 τήν
415 1935 713 2006 οἰκουμένην,
747 1936 1012 1982 ἀποθέσθαι.
1070 1939 1386 1984 κατεσκεύασεν
1417 1934 1499 1983 06v
1527 1941 1700 2008 τέμενος

316 1990 426 2035 κατὰ
468 1991 517 2035 τὸ
552 1991 735 2048 μέγεθος
764 1995 838 2038 καὶ
864 2012 974 2038 κατα
1002 2013 1081 2051 την
1105 1998 1384 2067 κατασκευην
1410 2001 1486 2052 τῆς
1510 1994 1700 2047 Ἀλεξάν-
1736 2048 1740 2049 ⁷

319 2050 432 2101 δρου
471 2047 598 2105 δόξης
637 2049 782 2102 ἄξιον,
826 2051 874 2094 έν
910 2053 943 2106 ᾧ
982 2053 1196 2108 κηδεύσας
1236 2054 1371 2097 αὐτὸν
1409 2070 1484 2096 και
1519 2053 1698 2101 θυσίαις

236 2103 289 2146 35
318 2103 530 2174 ἡρωικαῖς
559 2106 632 2148 καὶ
661 2106 800 2177 ἀγῶσι
827 2097 1165 2164 μεγαλοπρεπέσι
1193 2110 1375 2166 τιμήσας
1404 2108 1458 2152 οὐ
1477 2107 1584 2160 παρ’
1625 2106 1696 2151 άν-

317 2160 513 2216 θρώπων
542 2162 684 2219 μόνον
711 2162 822 2208 ἀλλὰ
849 2166 926 2209 καὶ
954 2166 1073 2221 παρὰ
1102 2172 1222 2212 θεων
1243 2169 1378 2219 καλὰς
1401 2165 1588 2223 ἀμοιβὰς
1604 2163 1697 2209 ἕλα-

319 2306 353 2340 1.
401 2320 459 2352 γρ.
483 2306 640 2373 σιβύνην
664 2312 788 2355 marg'o
816 2311 867 2356 F,
894 2309 962 2347 σῦν
984 2314 1026 2357 V,
1052 2315 1121 2351 σῦν
1147 2315 1189 2358 F,
1212 2313 1339 2350 caeteri
1364 2311 1519 2360 σιβηνην

898 2360 972 2399 ὥς

412 2397 446 2432 3.
492 2402 727 2446 μηχανικως]
763 2404 968 2447 μηχανικὸν
1000 2406 1031 2439 F
1258 2406 1292 2440 9.
1339 2404 1512 2449 τέτταρας
1533 2406 1590 2450 F,
1620 2403 1698 2440 τέσ-

323 2454 438 2499 queas·
460 2447 589 2479 caetffli
727 2448 784 2482 13.
818 2449 977 2492 χελώνας
996 2453 1144 2496 FQVW,
1170 2453 1297 2487 caeteri
1316 2453 1495 2496 χλιδῶνας
1641 2451 1697 2486 15.

324 2487 567 2533 ἅπαγγελίαςῖ
593 2490 804 2537 ἐπαγγελίας
830 2496 873 2528 W
896 2501 931 2530 et
954 2502 1126 2532 correctus
1150 2511 1257 2543 supra
1281 2511 1418 2533 versum
1443 2500 1474 2532 F
1639 2498 1694 2528 18·

322 2535 467 2579 γένοιτο
492 2538 611 2579 ww,
637 2543 800 2583 ἐγίνοντο
826 2542 858 2584 Q
882 2542 977 2582 Bas..
996 2544 1131 2578 caeteri
1153 2546 1315 2589 γίνοιντο
1374 2552 1376 2555 “
1487 2543 1542 2578 19
1590 2538 1696 2584 ἐμπι-

323 2580 505 2624 πλάμενοι
527 2584 557 2617 F
562 2585 615 2625 W
640 2586 766 2620 caeteri
789 2585 1080 2631 ἐμπιμπλάμενοι
1257 2592 1314 2625 22.
1362 2591 1438 2625 τῶν
1460 2588 1695 2632 στρατιωτῶν

325 2638 444 2660 omnes
612 2630 669 2666 23.
712 2633 974 2675 καταναλώσας
996 2637 1117 2679 Fvw,
1129 2632 1480 2673 οειειοτίοἷναλιόσας
1638 2633 1696 2666 2}-

324 2673 578 2718 κατασκενὴν]
593 2677 838 2730 παρασκευήν
862 2680 891 2712 F
1029 2682 1087 2715 31.
1135 2681 1264 2727 σχεδόν
1286 2683 1344 2726 τι]
1381 2677 1507 2725 σχεδὸν
1530 2679 1607 2714 FW

324 2719 382 2752 32.
425 2719 713 2775 κατεσκεύασεν]
741 2724 1016 2789 κατασκευάσας
1048 2728 1156 2763 Fvw
1345 2727 1406 2788 33.
1422 2741 1425 2744 ’
1451 2723 1696 2770 κατασκευὴν]

326 2762 458 2811 σκευήν
480 2767 512 2810 Ω
535 2768 622 2803 Bas
