<?xml version="1.0" encoding="UTF-8"?>
<!DOCTYPE html PUBLIC "-//W3C//DTD XHTML 1.0 Transitional//EN"
    "http://www.w3.org/TR/xhtml1/DTD/xhtml1-transitional.dtd">
<html xmlns="http://www.w3.org/1999/xhtml" xml:lang="en" lang="en">
 <head>
  <title>
</title>
<meta http-equiv="Content-Type" content="text/html;charset=utf-8" />
  <meta name='ocr-system' content='tesseract 3.04.00' />
  <meta name='ocr-capabilities' content='ocr_page ocr_carea ocr_par ocr_line ocrx_word'/>
</head>
<body>
  <div class='ocr_page' id='page_1' title='image "./p1bibliothecahisto02dioduoft_0352.png"; bbox 0 0 1820 3249; ppageno 0'>
   <div class='ocr_carea' id='block_1_1' title="bbox 306 159 1331 207">
    <p class='ocr_par' dir='ltr' id='par_1_1' title="bbox 306 159 1331 207">
     <span class='ocr_line' id='line_1_1' title="bbox 306 159 1331 207; baseline -0.001 -1"><span class='ocrx_word' id='word_1_1' title='bbox 306 165 416 207; x_wconf 82' lang='lat'><em>1268</em></span> <span class='ocrx_word' id='word_1_2' title='bbox 649 159 940 204; x_wconf 78' lang='lat' dir='ltr'>LIB.XV111.</span> <span class='ocrx_word' id='word_1_3' title='bbox 998 161 1331 205; x_wconf 79' lang='lat' dir='ltr'>cAP.12.13.</span> 
     </span>
    </p>
   </div>
   <div class='ocr_carea' id='block_1_2' title="bbox 192 270 1759 2497">
    <p class='ocr_par' dir='ltr' id='par_1_2' title="bbox 192 270 1759 2497">
     <span class='ocr_line' id='line_1_2' title="bbox 306 270 1682 344; baseline 0 -26"><span class='ocrx_word' id='word_1_4' title='bbox 306 272 453 330; x_wconf 81' lang='grc' dir='ltr'><em>λήνων</em></span> <span class='ocrx_word' id='word_1_5' title='bbox 482 271 736 344; x_wconf 77' lang='grc' dir='ltr'><em>συνδρομήν</em></span> <span class='ocrx_word' id='word_1_6' title='bbox 764 270 831 317; x_wconf 85' lang='grc' dir='ltr'><em>ἐπ’</em></span> <span class='ocrx_word' id='word_1_7' title='bbox 865 272 999 318; x_wconf 84' lang='grc' dir='ltr'><em>αυτὸν</em></span> <span class='ocrx_word' id='word_1_8' title='bbox 1025 273 1336 332; x_wconf 75' lang='grc' dir='ltr'><em>γεγενημένην,</em></span> <span class='ocrx_word' id='word_1_9' title='bbox 1368 276 1444 330; x_wconf 85' lang='grc' dir='ltr'><em>τῆς</em></span> <span class='ocrx_word' id='word_1_10' title='bbox 1472 274 1550 331; x_wconf 78' lang='grc' dir='ltr'><em>μὲν</em></span> <span class='ocrx_word' id='word_1_11' title='bbox 1578 277 1682 318; x_wconf 76' lang='grc' dir='ltr'><em>Μα-</em></span> 
     </span>
     <span class='ocr_line' id='line_1_3' title="bbox 222 330 1685 390; baseline -0.001 -14"><span class='ocrx_word' id='word_1_12' title='bbox 222 349 278 390; x_wconf 80' lang='lat'><em>60</em></span> <span class='ocrx_word' id='word_1_13' title='bbox 307 332 507 382; x_wconf 87' lang='grc' dir='ltr'><em>κεδονίας</em></span> <span class='ocrx_word' id='word_1_14' title='bbox 546 330 722 374; x_wconf 80' lang='grc' dir='ltr'><em>ἀπέλιπε</em></span> <span class='ocrx_word' id='word_1_15' title='bbox 761 330 1002 387; x_wconf 84' lang='grc' dir='ltr'><em>στρατηγὸν</em></span> <span class='ocrx_word' id='word_1_16' title='bbox 1031 335 1233 386; x_wconf 81' lang='grc' dir='ltr'><em>Σίππαν,</em></span> <span class='ocrx_word' id='word_1_17' title='bbox 1282 331 1388 383; x_wconf 77' lang='grc' dir='ltr'><em>δούς</em></span> <span class='ocrx_word' id='word_1_18' title='bbox 1417 331 1685 385; x_wconf 78' lang='grc' dir='ltr'><em>στρατιώτας</em></span> 
     </span>
     <span class='ocr_line' id='line_1_4' title="bbox 306 387 1689 460; baseline -0.001 -28"><span class='ocrx_word' id='word_1_19' title='bbox 306 388 409 439; x_wconf 79' lang='grc' dir='ltr'><em>τοὺς</em></span> <span class='ocrx_word' id='word_1_20' title='bbox 449 389 629 439; x_wconf 81' lang='grc' dir='ltr'><em>ἱκανους</em></span> <span class='ocrx_word' id='word_1_21' title='bbox 666 387 739 431; x_wconf 86' lang='grc' dir='ltr'><em>καὶ</em></span> <span class='ocrx_word' id='word_1_22' title='bbox 782 390 1073 443; x_wconf 75' lang='grc' dir='ltr'><em>παραγγείλας</em></span> <span class='ocrx_word' id='word_1_23' title='bbox 1112 393 1415 460; x_wconf 80' lang='grc' dir='ltr'><em>στρατολογεῖν</em></span> <span class='ocrx_word' id='word_1_24' title='bbox 1453 388 1513 440; x_wconf 84' lang='grc' dir='ltr'><em>ῶς</em></span> <span class='ocrx_word' id='word_1_25' title='bbox 1558 390 1689 442; x_wconf 81' lang='grc' dir='ltr'><em>πλεί-Ι</em></span> 
     </span>
     <span class='ocr_line' id='line_1_5' title="bbox 307 442 1685 517; baseline -0.001 -28"><span class='ocrx_word' id='word_1_26' title='bbox 307 457 448 496; x_wconf 90' lang='grc' dir='ltr'><em>στους.</em></span> <span class='ocrx_word' id='word_1_27' title='bbox 509 443 641 496; x_wconf 79' lang='grc' dir='ltr'><em>αὐτὸς</em></span> <span class='ocrx_word' id='word_1_28' title='bbox 669 442 712 488; x_wconf 87' lang='grc' dir='ltr'><em>δ’</em></span> <span class='ocrx_word' id='word_1_29' title='bbox 746 443 977 500; x_wconf 85' lang='grc' dir='ltr'><em>άναλαβῶν</em></span> <span class='ocrx_word' id='word_1_30' title='bbox 1004 445 1272 517; x_wconf 81' lang='grc' dir='ltr'><em>Μακεδόνας</em></span> <span class='ocrx_word' id='word_1_31' title='bbox 1301 462 1380 502; x_wconf 86' lang='grc' dir='ltr'><em>μεν</em></span> <span class='ocrx_word' id='word_1_32' title='bbox 1401 447 1587 515; x_wconf 81' lang='grc' dir='ltr'><strong><em>μυρίους</em></strong></span> <span class='ocrx_word' id='word_1_33' title='bbox 1609 445 1685 488; x_wconf 88' lang='grc' dir='ltr'><em>καὶ</em></span> 
     </span>
     <span class='ocr_line' id='line_1_6' title="bbox 305 501 1685 571; baseline -0.001 -25"><span class='ocrx_word' id='word_1_34' title='bbox 305 503 584 558; x_wconf 84' lang='grc' dir='ltr'><em>τριςχιλίους,</em></span> <span class='ocrx_word' id='word_1_35' title='bbox 615 503 754 552; x_wconf 84' lang='grc' dir='ltr'><em>ἱππεῖς</em></span> <span class='ocrx_word' id='word_1_36' title='bbox 785 501 830 545; x_wconf 82' lang='grc' dir='ltr'><em>δὲ</em></span> <span class='ocrx_word' id='word_1_37' title='bbox 860 501 1124 554; x_wconf 78' lang='grc' dir='ltr'><em>ἑξακοσίους,</em></span> <span class='ocrx_word' id='word_1_38' title='bbox 1154 502 1350 556; x_wconf 86' lang='grc' dir='ltr'><em>ἐσπάνιζε</em></span> <span class='ocrx_word' id='word_1_39' title='bbox 1374 502 1458 571; x_wconf 64' lang='grc' dir='ltr'><em>γάρ</em></span> <span class='ocrx_word' id='word_1_40' title='bbox 1484 501 1511 556; x_wconf 78' lang='grc' dir='ltr'><em>ἡ</em></span> <span class='ocrx_word' id='word_1_41' title='bbox 1534 506 1685 545; x_wconf 84' lang='grc' dir='ltr'><em>Μακε-</em></span> 
     </span>
     <span class='ocr_line' id='line_1_7' title="bbox 221 557 1684 621; baseline -0.001 -18"><span class='ocrx_word' id='word_1_42' title='bbox 221 577 276 621; x_wconf 79' lang='grc'><em>65</em></span> <span class='ocrx_word' id='word_1_43' title='bbox 307 562 435 603; x_wconf 88' lang='grc' dir='ltr'><em>δονία</em></span> <span class='ocrx_word' id='word_1_44' title='bbox 455 563 728 614; x_wconf 81' lang='grc' dir='ltr'><em>στρατιωτῶν</em></span> <span class='ocrx_word' id='word_1_45' title='bbox 750 563 988 602; x_wconf 81' lang='grc' dir='ltr'><em>πολιτικῶν</em></span> <span class='ocrx_word' id='word_1_46' title='bbox 1017 558 1090 602; x_wconf 79' lang='grc' dir='ltr'><em>διὰ</em></span> <span class='ocrx_word' id='word_1_47' title='bbox 1109 559 1159 602; x_wconf 87' lang='grc' dir='ltr'><em>τὸ</em></span> <span class='ocrx_word' id='word_1_48' title='bbox 1179 564 1349 615; x_wconf 87' lang='grc' dir='ltr'><em>πλῆθος</em></span> <span class='ocrx_word' id='word_1_49' title='bbox 1364 564 1453 602; x_wconf 90' lang='grc' dir='ltr'><em>τῶν</em></span> <span class='ocrx_word' id='word_1_50' title='bbox 1474 557 1684 602; x_wconf 89' lang='grc' dir='ltr'><em>απεσταλ-</em></span> 
     </span>
     <span class='ocr_line' id='line_1_8' title="bbox 306 613 1684 672; baseline -0.001 -12"><span class='ocrx_word' id='word_1_51' title='bbox 306 617 451 672; x_wconf 83' lang='grc' dir='ltr'><em>μένων</em></span> <span class='ocrx_word' id='word_1_52' title='bbox 480 617 540 667; x_wconf 86' lang='grc' dir='ltr'><em>εἰς</em></span> <span class='ocrx_word' id='word_1_53' title='bbox 567 615 646 671; x_wconf 81' lang='grc' dir='ltr'><em>τὴν</em></span> <span class='ocrx_word' id='word_1_54' title='bbox 674 615 819 659; x_wconf 84' lang='grc' dir='ltr'><em>Ἀσίαν</em></span> <span class='ocrx_word' id='word_1_55' title='bbox 849 616 918 658; x_wconf 86' lang='grc' dir='ltr'><em>ἐπὶ</em></span> <span class='ocrx_word' id='word_1_56' title='bbox 947 617 1156 671; x_wconf 86' lang='grc' dir='ltr'><em>διαδοχὴν</em></span> <span class='ocrx_word' id='word_1_57' title='bbox 1175 620 1249 672; x_wconf 81' lang='grc' dir='ltr'><em>τῆς</em></span> <span class='ocrx_word' id='word_1_58' title='bbox 1271 620 1484 671; x_wconf 83' lang='grc' dir='ltr'><em>στρατιᾶς,</em></span> <span class='ocrx_word' id='word_1_59' title='bbox 1516 613 1684 668; x_wconf 82' lang='grc' dir='ltr'><em>ἀνέζευ-</em></span> 
     </span>
     <span class='ocr_line' id='line_1_9' title="bbox 304 671 1686 731; baseline -0.001 -14"><span class='ocrx_word' id='word_1_60' title='bbox 304 673 419 727; x_wconf 79' lang='grc' dir='ltr'><em>ξεν’</em></span> <span class='ocrx_word' id='word_1_61' title='bbox 402 690 450 717; x_wconf 87' lang='grc' dir='ltr'><em>εκ</em></span> <span class='ocrx_word' id='word_1_62' title='bbox 478 677 554 729; x_wconf 85' lang='grc' dir='ltr'><em>τῆς</em></span> <span class='ocrx_word' id='word_1_63' title='bbox 583 673 866 723; x_wconf 83' lang='grc' dir='ltr'><em>Μακεδονίας</em></span> <span class='ocrx_word' id='word_1_64' title='bbox 895 673 955 723; x_wconf 84' lang='grc' dir='ltr'><em>εἰς</em></span> <span class='ocrx_word' id='word_1_65' title='bbox 993 674 1241 725; x_wconf 77' lang='grc' dir='ltr'><em>Θετταλίαν,</em></span> <span class='ocrx_word' id='word_1_66' title='bbox 1271 671 1686 731; x_wconf 83' lang='grc' dir='ltr'><em>συμπαραπλέοντος</em></span> 
     </span>
     <span class='ocr_line' id='line_1_10' title="bbox 305 727 1685 788; baseline -0.001 -14"><span class='ocrx_word' id='word_1_67' title='bbox 305 729 426 788; x_wconf 76' lang='grc' dir='ltr'><em>αὐτῷ</em></span> <span class='ocrx_word' id='word_1_68' title='bbox 455 734 535 773; x_wconf 84' lang='grc' dir='ltr'><em>τοῦ</em></span> <span class='ocrx_word' id='word_1_69' title='bbox 566 728 723 773; x_wconf 89' lang='grc' dir='ltr'><em>στόλου</em></span> <span class='ocrx_word' id='word_1_70' title='bbox 753 727 928 781; x_wconf 88' lang='grc' dir='ltr'><em>παντός,</em></span> <span class='ocrx_word' id='word_1_71' title='bbox 956 728 1009 771; x_wconf 81' lang='grc' dir='ltr'><em>ὃν</em></span> <span class='ocrx_word' id='word_1_72' title='bbox 1028 728 1305 780; x_wconf 74' lang='grc' dir='ltr'><em>ἀπεσταλκώς</em></span> <span class='ocrx_word' id='word_1_73' title='bbox 1327 732 1383 786; x_wconf 82' lang='grc' dir='ltr'><em>ἡν</em></span> <span class='ocrx_word' id='word_1_74' title='bbox 1409 729 1685 783; x_wconf 81' lang='grc' dir='ltr'><em>Ἀλέξανδρος</em></span> 
     </span>
     <span class='ocr_line' id='line_1_11' title="bbox 218 776 1683 857; baseline -0.001 -26"><span class='ocrx_word' id='word_1_75' title='bbox 218 810 273 851; x_wconf 87' lang='lat'><em>70</em></span> <span class='ocrx_word' id='word_1_76' title='bbox 303 776 652 856; x_wconf 79' lang='grc' dir='ltr'><em>παραπέμψοντα</em></span> <span class='ocrx_word' id='word_1_77' title='bbox 680 790 849 840; x_wconf 85' lang='grc' dir='ltr'><em>πλῆθος</em></span> <span class='ocrx_word' id='word_1_78' title='bbox 877 784 1110 857; x_wconf 86' lang='grc' dir='ltr'><em>χρημάτων</em></span> <span class='ocrx_word' id='word_1_79' title='bbox 1145 786 1192 830; x_wconf 92' lang='grc' dir='ltr'><em>ἐκ</em></span> <span class='ocrx_word' id='word_1_80' title='bbox 1220 791 1308 829; x_wconf 87' lang='grc' dir='ltr'><em>τῶν</em></span> <span class='ocrx_word' id='word_1_81' title='bbox 1339 789 1590 855; x_wconf 77' lang='grc' dir='ltr'><em>βασιλικῶν</em></span> <span class='ocrx_word' id='word_1_82' title='bbox 1605 792 1683 842; x_wconf 84' lang='grc' dir='ltr'><em>θη-</em></span> 
     </span>
     <span class='ocr_line' id='line_1_12' title="bbox 303 841 1684 899; baseline -0.001 -11"><span class='ocrx_word' id='word_1_83' title='bbox 303 849 480 899; x_wconf 87' lang='grc' dir='ltr'><em>σαυρῶν</em></span> <span class='ocrx_word' id='word_1_84' title='bbox 509 845 569 894; x_wconf 83' lang='grc' dir='ltr'><em>εἰς</em></span> <span class='ocrx_word' id='word_1_85' title='bbox 597 843 676 898; x_wconf 88' lang='grc' dir='ltr'><em>τὴν</em></span> <span class='ocrx_word' id='word_1_86' title='bbox 704 844 1003 895; x_wconf 80' lang='grc' dir='ltr'><em>Μακεδονίαν,</em></span> <span class='ocrx_word' id='word_1_87' title='bbox 1037 841 1186 886; x_wconf 79' lang='grc' dir='ltr'><em>ου’σῶν</em></span> <span class='ocrx_word' id='word_1_88' title='bbox 1205 847 1359 886; x_wconf 87' lang='grc' dir='ltr'><em>πασῶν</em></span> <span class='ocrx_word' id='word_1_89' title='bbox 1377 847 1465 886; x_wconf 90' lang='grc' dir='ltr'><em>τῶν</em></span> <span class='ocrx_word' id='word_1_90' title='bbox 1491 842 1684 898; x_wconf 89' lang='grc' dir='ltr'><em>τριήρων</em></span> 
     </span>
     <span class='ocr_line' id='line_1_13' title="bbox 301 899 1685 985; baseline -0.004 -40"><span class='ocrx_word' id='word_1_91' title='bbox 301 901 459 946; x_wconf 86' lang='grc' dir='ltr'><em>εκατὸν</em></span> <span class='ocrx_word' id='word_1_92' title='bbox 487 901 563 944; x_wconf 85' lang='grc' dir='ltr'><em>καὶ</em></span> <span class='ocrx_word' id='word_1_93' title='bbox 592 899 706 943; x_wconf 88' lang='grc' dir='ltr'><em>δέκα</em></span> <span class='ocrx_word' id='word_1_94' title='bbox 762 901 804 943; x_wconf 78' lang='grc' dir='ltr'><em>οἱ</em></span> <span class='ocrx_word' id='word_1_95' title='bbox 824 900 870 943; x_wconf 79' lang='grc' dir='ltr'><em>δὲ</em></span> <span class='ocrx_word' id='word_1_96' title='bbox 891 901 1094 944; x_wconf 87' lang='grc' dir='ltr'><em>Θετταλοὶ</em></span> <span class='ocrx_word' id='word_1_97' title='bbox 1123 900 1172 943; x_wconf 87' lang='grc' dir='ltr'><em>τὸ</em></span> <span class='ocrx_word' id='word_1_98' title='bbox 1203 900 1282 972; x_wconf 78' lang='grc' dir='ltr'><em>μὲν</em></span> <span class='ocrx_word' id='word_1_99' title='bbox 1309 903 1488 954; x_wconf 90' lang='grc' dir='ltr'><em>πρῶτον</em></span> <span class='ocrx_word' id='word_1_100' title='bbox 1519 911 1685 985; x_wconf 86' lang='grc' dir='ltr'><em>συμμα-</em></span> 
     </span>
     <span class='ocr_line' id='line_1_14' title="bbox 298 954 1685 1028; baseline -0.002 -26"><span class='ocrx_word' id='word_1_101' title='bbox 298 962 480 1015; x_wconf 81' lang='grc' dir='ltr'><em>χοῦντες</em></span> <span class='ocrx_word' id='word_1_102' title='bbox 509 959 569 1000; x_wconf 89' lang='grc' dir='ltr'><em>τῶ</em></span> <span class='ocrx_word' id='word_1_103' title='bbox 592 954 859 1026; x_wconf 83' lang='grc' dir='ltr'><em>Ἀντιπάτρῳ</em></span> <span class='ocrx_word' id='word_1_104' title='bbox 888 956 1079 1007; x_wconf 73' lang='grc' dir='ltr'><em>πολλοὺς</em></span> <span class='ocrx_word' id='word_1_105' title='bbox 1111 957 1185 1000; x_wconf 90' lang='grc' dir='ltr'><em>καὶ</em></span> <span class='ocrx_word' id='word_1_106' title='bbox 1216 955 1413 1028; x_wconf 75' lang='grc' dir='ltr'><em>ἀγαθοὺς</em></span> <span class='ocrx_word' id='word_1_107' title='bbox 1434 959 1575 1007; x_wconf 78' lang='grc' dir='ltr'><em>ἱππεῖς</em></span> <span class='ocrx_word' id='word_1_108' title='bbox 1602 956 1685 1008; x_wconf 78' lang='grc' dir='ltr'><em>ἐξέ-</em></span> 
     </span>
     <span class='ocr_line' id='line_1_15' title="bbox 299 1002 1686 1083; baseline -0.002 -25"><span class='ocrx_word' id='word_1_109' title='bbox 299 1022 476 1070; x_wconf 82' lang='grc' dir='ltr'><em>πεμψαν</em></span> <span class='ocrx_word' id='word_1_110' title='bbox 508 1002 649 1071; x_wconf 75' lang='grc' dir='ltr'><em>αῧτῶ</em></span> <span class='ocrx_word' id='word_1_111' title='bbox 694 1012 879 1068; x_wconf 81' lang='grc' dir='ltr'><em>ὕστερον</em></span> <span class='ocrx_word' id='word_1_112' title='bbox 911 1012 956 1057; x_wconf 86' lang='grc' dir='ltr'><em>δ’</em></span> <span class='ocrx_word' id='word_1_113' title='bbox 986 1012 1073 1057; x_wconf 81' lang='grc' dir='ltr'><em>ὑπὸ</em></span> <span class='ocrx_word' id='word_1_114' title='bbox 1104 1018 1189 1057; x_wconf 89' lang='grc' dir='ltr'><em>τῶν</em></span> <span class='ocrx_word' id='word_1_115' title='bbox 1216 1012 1461 1070; x_wconf 82' lang='grc' dir='ltr'><em>Ἀθηναίων</em></span> <span class='ocrx_word' id='word_1_116' title='bbox 1488 1029 1686 1083; x_wconf 85' lang='grc' dir='ltr'><em>μεταπει-</em></span> 
     </span>
     <span class='ocr_line' id='line_1_16' title="bbox 216 1059 1685 1142; baseline -0.003 -26"><span class='ocrx_word' id='word_1_117' title='bbox 216 1090 272 1135; x_wconf 87' lang='lat'><em>75</em></span> <span class='ocrx_word' id='word_1_118' title='bbox 304 1071 480 1123; x_wconf 87' lang='grc' dir='ltr'><em>σθέντες</em></span> <span class='ocrx_word' id='word_1_119' title='bbox 521 1059 803 1127; x_wconf 70' lang='grc' dir='ltr'><em>ἀφίππευσαν</em></span> <span class='ocrx_word' id='word_1_120' title='bbox 841 1069 954 1125; x_wconf 78' lang='grc' dir='ltr'><em>πρὸς</em></span> <span class='ocrx_word' id='word_1_121' title='bbox 991 1072 1279 1126; x_wconf 74' lang='grc' dir='ltr'><em>Λεωσθένην,</em></span> <span class='ocrx_word' id='word_1_122' title='bbox 1336 1071 1411 1114; x_wconf 88' lang='grc' dir='ltr'><em>καὶ</em></span> <span class='ocrx_word' id='word_1_123' title='bbox 1450 1086 1556 1142; x_wconf 89' lang='grc' dir='ltr'><em>μετα</em></span> <span class='ocrx_word' id='word_1_124' title='bbox 1594 1074 1685 1113; x_wconf 87' lang='grc' dir='ltr'><em>τῶν</em></span> 
     </span>
     <span class='ocr_line' id='line_1_17' title="bbox 300 1126 1759 1196; baseline -0.001 -23.999"><span class='ocrx_word' id='word_1_125' title='bbox 300 1127 541 1185; x_wconf 78' lang='grc' dir='ltr'><em>Ἀθηναίων</em></span> <span class='ocrx_word' id='word_1_126' title='bbox 561 1128 790 1196; x_wconf 76' lang='grc' dir='ltr'><em>ταχθέντες</em></span> <span class='ocrx_word' id='word_1_127' title='bbox 812 1127 1099 1183; x_wconf 80' lang='grc' dir='ltr'><em>διεπολέμουν</em></span> <span class='ocrx_word' id='word_1_128' title='bbox 1116 1127 1227 1181; x_wconf 74' lang='grc' dir='ltr'><em>ὑπὲρ</em></span> <span class='ocrx_word' id='word_1_129' title='bbox 1248 1130 1325 1184; x_wconf 85' lang='grc' dir='ltr'><em>τῆς</em></span> <span class='ocrx_word' id='word_1_130' title='bbox 1352 1131 1440 1170; x_wconf 90' lang='grc' dir='ltr'><em>τῶν</em></span> <span class='ocrx_word' id='word_1_131' title='bbox 1464 1126 1682 1183; x_wconf 65' lang='grc' dir='ltr'><em>Ἐλλήνων</em></span> <span class='ocrx_word' id='word_1_132' title='bbox 1692 1136 1759 1171; x_wconf 72' lang='lat'><em>267</em></span> 
     </span>
     <span class='ocr_line' id='line_1_18' title="bbox 298 1182 1684 1257; baseline -0.003 -27"><span class='ocrx_word' id='word_1_133' title='bbox 298 1186 562 1240; x_wconf 85' lang='grc' dir='ltr'><em>ἐλευθερίας.</em></span> <span class='ocrx_word' id='word_1_134' title='bbox 620 1184 806 1241; x_wconf 84' lang='grc' dir='ltr'><em>μεγάλης</em></span> <span class='ocrx_word' id='word_1_135' title='bbox 823 1185 869 1229; x_wconf 80' lang='grc' dir='ltr'><em>δὲ</em></span> <span class='ocrx_word' id='word_1_136' title='bbox 897 1184 1122 1239; x_wconf 84' lang='grc' dir='ltr'><em>δυνάμεως</em></span> <span class='ocrx_word' id='word_1_137' title='bbox 1146 1183 1307 1257; x_wconf 81' lang='grc' dir='ltr'><em>ταύτης</em></span> <span class='ocrx_word' id='word_1_138' title='bbox 1326 1189 1418 1236; x_wconf 90' lang='grc' dir='ltr'><em>τοῖς</em></span> <span class='ocrx_word' id='word_1_139' title='bbox 1433 1182 1684 1239; x_wconf 85' lang='grc' dir='ltr'><em>Ἀθηναίοις</em></span> 
     </span>
     <span class='ocr_line' id='line_1_19' title="bbox 297 1240 1683 1313; baseline -0.002 -26"><span class='ocrx_word' id='word_1_140' title='bbox 297 1242 737 1313; x_wconf 87' lang='grc' dir='ltr'><em>προςγεγενημένης,</em></span> <span class='ocrx_word' id='word_1_141' title='bbox 775 1243 819 1285; x_wconf 82' lang='grc' dir='ltr'><em>οἷ</em></span> <span class='ocrx_word' id='word_1_142' title='bbox 853 1258 931 1296; x_wconf 90' lang='grc' dir='ltr'><em>μεν</em></span> <span class='ocrx_word' id='word_1_143' title='bbox 947 1240 1157 1312; x_wconf 70' lang='grc' dir='ltr'><em>’Έλληνες</em></span> <span class='ocrx_word' id='word_1_144' title='bbox 1194 1241 1410 1296; x_wconf 68' lang='grc' dir='ltr'><em>ἐκράτουν</em></span> <span class='ocrx_word' id='word_1_145' title='bbox 1451 1241 1564 1284; x_wconf 89' lang='grc' dir='ltr'><em>πολυ</em></span> <span class='ocrx_word' id='word_1_146' title='bbox 1594 1245 1683 1284; x_wconf 88' lang='grc' dir='ltr'><em>τῶν</em></span> 
     </span>
     <span class='ocr_line' id='line_1_20' title="bbox 305 1297 1683 1371; baseline -0.002 -27"><span class='ocrx_word' id='word_1_147' title='bbox 305 1298 580 1345; x_wconf 86' lang='grc' dir='ltr'><em>Μακεδόνων</em></span> <span class='ocrx_word' id='word_1_148' title='bbox 605 1297 905 1370; x_wconf 80' lang='grc' dir='ltr'><em>ὑπερέχοντες</em></span> <span class='ocrx_word' id='word_1_149' title='bbox 938 1297 961 1342; x_wconf 88' lang='grc' dir='ltr'><strong><em>ὁ</em></strong></span> <span class='ocrx_word' id='word_1_150' title='bbox 982 1299 1027 1342; x_wconf 85' lang='grc' dir='ltr'><em>δε</em></span> <span class='ocrx_word' id='word_1_151' title='bbox 1044 1298 1318 1352; x_wconf 84' lang='grc' dir='ltr'><em>Ἀντίπατρος</em></span> <span class='ocrx_word' id='word_1_152' title='bbox 1338 1297 1451 1354; x_wconf 86' lang='grc' dir='ltr'><em>μάχῃ</em></span> <span class='ocrx_word' id='word_1_153' title='bbox 1471 1299 1683 1371; x_wconf 82' lang='grc' dir='ltr'><em>λειφθείς,</em></span> 
     </span>
     <span class='ocr_line' id='line_1_21' title="bbox 216 1353 1684 1425; baseline -0.003 -24"><span class='ocrx_word' id='word_1_154' title='bbox 216 1377 271 1418; x_wconf 76' lang='grc'><em>80</em></span> <span class='ocrx_word' id='word_1_155' title='bbox 299 1357 375 1402; x_wconf 87' lang='grc' dir='ltr'><em>καὶ</em></span> <span class='ocrx_word' id='word_1_156' title='bbox 410 1356 459 1400; x_wconf 84' lang='grc' dir='ltr'><em>τὸ</em></span> <span class='ocrx_word' id='word_1_157' title='bbox 501 1355 657 1399; x_wconf 84' lang='grc' dir='ltr'><em>λοιπὸν</em></span> <span class='ocrx_word' id='word_1_158' title='bbox 689 1356 790 1399; x_wconf 92' lang='grc' dir='ltr'><em>ου’τε</em></span> <span class='ocrx_word' id='word_1_159' title='bbox 818 1355 1154 1425; x_wconf 79' lang='grc' dir='ltr'><em>παρατάξασθαι</em></span> <span class='ocrx_word' id='word_1_160' title='bbox 1182 1359 1354 1410; x_wconf 87' lang='grc' dir='ltr'><em>τολμῶν</em></span> <span class='ocrx_word' id='word_1_161' title='bbox 1386 1353 1481 1398; x_wconf 84' lang='grc' dir='ltr'><em>οὔτ’</em></span> <span class='ocrx_word' id='word_1_162' title='bbox 1515 1357 1575 1406; x_wconf 85' lang='grc' dir='ltr'><em>εἰς</em></span> <span class='ocrx_word' id='word_1_163' title='bbox 1603 1355 1684 1410; x_wconf 86' lang='grc' dir='ltr'><em>τὴν</em></span> 
     </span>
     <span class='ocr_line' id='line_1_22' title="bbox 301 1411 1684 1484; baseline -0.003 -26"><span class='ocrx_word' id='word_1_164' title='bbox 301 1414 588 1458; x_wconf 86' lang='grc' dir='ltr'><em>Μακεδονίαν</em></span> <span class='ocrx_word' id='word_1_165' title='bbox 618 1413 874 1456; x_wconf 85' lang='grc' dir='ltr'><em>ἐπανελθεῖν</em></span> <span class='ocrx_word' id='word_1_166' title='bbox 904 1411 1114 1484; x_wconf 83' lang='grc' dir='ltr'><em>ἀσφαλῶς</em></span> <span class='ocrx_word' id='word_1_167' title='bbox 1141 1411 1408 1467; x_wconf 85' lang='grc' dir='ltr'><em>δυνάμενος,</em></span> <span class='ocrx_word' id='word_1_168' title='bbox 1437 1411 1684 1468; x_wconf 84' lang='grc' dir='ltr'><em>κατέφυγεν</em></span> 
     </span>
     <span class='ocr_line' id='line_1_23' title="bbox 302 1468 1683 1540; baseline -0.003 -25"><span class='ocrx_word' id='word_1_169' title='bbox 302 1473 363 1523; x_wconf 83' lang='grc' dir='ltr'><em>εἰς</em></span> <span class='ocrx_word' id='word_1_170' title='bbox 399 1469 530 1514; x_wconf 89' lang='grc' dir='ltr'><em>πόλιν</em></span> <span class='ocrx_word' id='word_1_171' title='bbox 567 1471 754 1526; x_wconf 88' lang='grc' dir='ltr'><em>Λαμίαν.</em></span> <span class='ocrx_word' id='word_1_172' title='bbox 814 1469 861 1512; x_wconf 90' lang='grc' dir='ltr'><em>ἐν</em></span> <span class='ocrx_word' id='word_1_173' title='bbox 888 1471 1034 1540; x_wconf 83' lang='grc' dir='ltr'><em>ταύτῃ</em></span> <span class='ocrx_word' id='word_1_174' title='bbox 1075 1469 1122 1513; x_wconf 83' lang='grc' dir='ltr'><em>δὲ</em></span> <span class='ocrx_word' id='word_1_175' title='bbox 1157 1469 1236 1525; x_wconf 77' lang='grc' dir='ltr'><em>τήν</em></span> <span class='ocrx_word' id='word_1_176' title='bbox 1266 1468 1457 1524; x_wconf 80' lang='grc' dir='ltr'><em>δύναμιν</em></span> <span class='ocrx_word' id='word_1_177' title='bbox 1486 1469 1683 1538; x_wconf 87' lang='grc' dir='ltr'><em>συνέχων</em></span> 
     </span>
     <span class='ocr_line' id='line_1_24' title="bbox 300 1524 1683 1582; baseline -0.002 -11"><span class='ocrx_word' id='word_1_178' title='bbox 300 1528 376 1572; x_wconf 88' lang='grc' dir='ltr'><em>καὶ</em></span> <span class='ocrx_word' id='word_1_179' title='bbox 413 1528 465 1570; x_wconf 79' lang='grc' dir='ltr'><em>τά</em></span> <span class='ocrx_word' id='word_1_180' title='bbox 503 1527 618 1582; x_wconf 85' lang='grc' dir='ltr'><em>τείχη</em></span> <span class='ocrx_word' id='word_1_181' title='bbox 655 1526 1014 1580; x_wconf 79' lang='grc' dir='ltr'><em>κατασκευάζων,</em></span> <span class='ocrx_word' id='word_1_182' title='bbox 1060 1527 1120 1569; x_wconf 88' lang='grc' dir='ltr'><em>ε’τι</em></span> <span class='ocrx_word' id='word_1_183' title='bbox 1151 1526 1196 1569; x_wconf 88' lang='grc' dir='ltr'><em>δε</em></span> <span class='ocrx_word' id='word_1_184' title='bbox 1228 1538 1508 1579; x_wconf 89' lang='grc' dir='ltr'><em>παρασκευας</em></span> <span class='ocrx_word' id='word_1_185' title='bbox 1535 1524 1683 1569; x_wconf 82' lang='grc' dir='ltr'><em>ὅπλων</em></span> 
     </span>
     <span class='ocr_line' id='line_1_25' title="bbox 216 1582 1684 1644; baseline -0.002 -16"><span class='ocrx_word' id='word_1_186' title='bbox 216 1602 271 1644; x_wconf 79' lang='lat'><em>35</em></span> <span class='ocrx_word' id='word_1_187' title='bbox 300 1585 375 1628; x_wconf 86' lang='grc' dir='ltr'><em>καὶ</em></span> <span class='ocrx_word' id='word_1_188' title='bbox 403 1587 681 1628; x_wconf 88' lang='grc' dir='ltr'><em>καταπελτῶν</em></span> <span class='ocrx_word' id='word_1_189' title='bbox 710 1583 784 1627; x_wconf 85' lang='grc' dir='ltr'><em>καὶ</em></span> <span class='ocrx_word' id='word_1_190' title='bbox 815 1585 939 1627; x_wconf 89' lang='grc' dir='ltr'><em>σίτου</em></span> <span class='ocrx_word' id='word_1_191' title='bbox 967 1582 1254 1639; x_wconf 82' lang='grc' dir='ltr'><em>ποιούμενος,</em></span> <span class='ocrx_word' id='word_1_192' title='bbox 1296 1583 1551 1637; x_wconf 78' lang='grc' dir='ltr'><em>ἐκαραδόκει</em></span> <span class='ocrx_word' id='word_1_193' title='bbox 1579 1599 1684 1633; x_wconf 90' lang='grc' dir='ltr'><em>τους</em></span> 
     </span>
     <span class='ocr_line' id='line_1_26' title="bbox 215 1639 1682 1711; baseline -0.002 -26"><span class='ocrx_word' id='word_1_194' title='bbox 215 1661 272 1701; x_wconf 80' lang='lat'><em>13</em></span> <span class='ocrx_word' id='word_1_195' title='bbox 301 1640 388 1686; x_wconf 87' lang='grc' dir='ltr'><em>απὸ</em></span> <span class='ocrx_word' id='word_1_196' title='bbox 424 1645 500 1697; x_wconf 83' lang='grc' dir='ltr'><em>τῆς</em></span> <span class='ocrx_word' id='word_1_197' title='bbox 527 1639 671 1692; x_wconf 84' lang='grc' dir='ltr'><em>Ἀσίας</em></span> <span class='ocrx_word' id='word_1_198' title='bbox 706 1640 973 1710; x_wconf 85' lang='grc' dir='ltr'><em>συμμάχους.</em></span> <span class='ocrx_word' id='word_1_199' title='bbox 1030 1641 1289 1696; x_wconf 84' lang='grc' dir='ltr'><em>Λεωσθένης</em></span> <span class='ocrx_word' id='word_1_200' title='bbox 1327 1639 1373 1683; x_wconf 72' lang='grc' dir='ltr'><em>δὲ</em></span> <span class='ocrx_word' id='word_1_201' title='bbox 1405 1639 1512 1701; x_wconf 80' lang='grc' dir='ltr'><em>μετὰ</em></span> <span class='ocrx_word' id='word_1_202' title='bbox 1540 1639 1682 1711; x_wconf 85' lang='grc' dir='ltr'><em>πάσης</em></span> 
     </span>
     <span class='ocr_line' id='line_1_27' title="bbox 299 1696 1683 1768; baseline -0.002 -26"><span class='ocrx_word' id='word_1_203' title='bbox 299 1702 375 1755; x_wconf 80' lang='grc' dir='ltr'><em>τῆς</em></span> <span class='ocrx_word' id='word_1_204' title='bbox 405 1696 635 1768; x_wconf 87' lang='grc' dir='ltr'><em>δυνάμεως</em></span> <span class='ocrx_word' id='word_1_205' title='bbox 659 1696 894 1752; x_wconf 85' lang='grc' dir='ltr'><em>παρελθῶν</em></span> <span class='ocrx_word' id='word_1_206' title='bbox 923 1700 1109 1753; x_wconf 87' lang='grc' dir='ltr'><em>πλησίον</em></span> <span class='ocrx_word' id='word_1_207' title='bbox 1146 1702 1222 1752; x_wconf 85' lang='grc' dir='ltr'><em>τῆς</em></span> <span class='ocrx_word' id='word_1_208' title='bbox 1250 1697 1440 1752; x_wconf 86' lang='grc' dir='ltr'><em>Λαμίας,</em></span> <span class='ocrx_word' id='word_1_209' title='bbox 1489 1713 1563 1740; x_wconf 89' lang='grc' dir='ltr'><em>και</em></span> <span class='ocrx_word' id='word_1_210' title='bbox 1601 1712 1683 1752; x_wconf 87' lang='grc' dir='ltr'><em>την</em></span> 
     </span>
     <span class='ocr_line' id='line_1_28' title="bbox 299 1752 1681 1825; baseline -0.002 -26"><span class='ocrx_word' id='word_1_211' title='bbox 299 1753 581 1811; x_wconf 83' lang='grc' dir='ltr'><em>παρεμβολὴν</em></span> <span class='ocrx_word' id='word_1_212' title='bbox 612 1753 945 1824; x_wconf 87' lang='grc' dir='ltr'><em>ὀχυρωσάμενος</em></span> <span class='ocrx_word' id='word_1_213' title='bbox 972 1754 1126 1825; x_wconf 85' lang='grc' dir='ltr'><em>τάφρῳ</em></span> <span class='ocrx_word' id='word_1_214' title='bbox 1157 1755 1316 1810; x_wconf 85' lang='grc' dir='ltr'><em>βαθεία</em></span> <span class='ocrx_word' id='word_1_215' title='bbox 1333 1754 1406 1797; x_wconf 85' lang='grc' dir='ltr'><em>καὶ</em></span> <span class='ocrx_word' id='word_1_216' title='bbox 1430 1752 1600 1824; x_wconf 87' lang='grc' dir='ltr'><em>χάρακι,</em></span> <span class='ocrx_word' id='word_1_217' title='bbox 1631 1752 1681 1796; x_wconf 87' lang='grc' dir='ltr'>τὸ</span> 
     </span>
     <span class='ocr_line' id='line_1_29' title="bbox 299 1809 1683 1882; baseline -0.002 -26"><span class='ocrx_word' id='word_1_218' title='bbox 299 1829 382 1882; x_wconf 90' lang='grc' dir='ltr'><em>μεν</em></span> <span class='ocrx_word' id='word_1_219' title='bbox 407 1815 583 1866; x_wconf 85' lang='grc' dir='ltr'><em>πρῶτον</em></span> <span class='ocrx_word' id='word_1_220' title='bbox 612 1810 789 1864; x_wconf 79' lang='grc' dir='ltr'><em>ἐκτάξας</em></span> <span class='ocrx_word' id='word_1_221' title='bbox 827 1810 908 1865; x_wconf 81' lang='grc' dir='ltr'><em>τήν</em></span> <span class='ocrx_word' id='word_1_222' title='bbox 938 1811 1129 1881; x_wconf 87' lang='grc' dir='ltr'><em>δύναμιν</em></span> <span class='ocrx_word' id='word_1_223' title='bbox 1157 1814 1345 1866; x_wconf 89' lang='grc' dir='ltr'><em>προςῆγε</em></span> <span class='ocrx_word' id='word_1_224' title='bbox 1373 1814 1427 1880; x_wconf 85' lang='grc' dir='ltr'><em>τῇ</em></span> <span class='ocrx_word' id='word_1_225' title='bbox 1455 1809 1579 1853; x_wconf 85' lang='grc' dir='ltr'><em>πόλει</em></span> <span class='ocrx_word' id='word_1_226' title='bbox 1608 1811 1683 1854; x_wconf 81' lang='grc' dir='ltr'><em>καὶ</em></span> 
     </span>
     <span class='ocr_line' id='line_1_30' title="bbox 214 1866 1682 1938; baseline -0.002 -25"><span class='ocrx_word' id='word_1_227' title='bbox 214 1889 272 1930; x_wconf 88' lang='lat'><em>90</em></span> <span class='ocrx_word' id='word_1_228' title='bbox 301 1885 408 1920; x_wconf 87' lang='grc' dir='ltr'><em>τους</em></span> <span class='ocrx_word' id='word_1_229' title='bbox 436 1867 704 1919; x_wconf 90' lang='grc' dir='ltr'><em>Μακεδόνας</em></span> <span class='ocrx_word' id='word_1_230' title='bbox 731 1869 791 1918; x_wconf 83' lang='grc' dir='ltr'><em>εἰς</em></span> <span class='ocrx_word' id='word_1_231' title='bbox 821 1867 961 1925; x_wconf 85' lang='grc' dir='ltr'><em>μάχην</em></span> <span class='ocrx_word' id='word_1_232' title='bbox 989 1866 1290 1936; x_wconf 79' lang='grc' dir='ltr'><em>προύκαλεῖτο</em></span> <span class='ocrx_word' id='word_1_233' title='bbox 1337 1866 1395 1938; x_wconf 77' lang='grc' dir='ltr'><em>μή</em></span> <span class='ocrx_word' id='word_1_234' title='bbox 1408 1866 1682 1937; x_wconf 76' lang='grc' dir='ltr'><em>τολμώντων</em></span> 
     </span>
     <span class='ocr_line' id='line_1_31' title="bbox 301 1922 1682 1981; baseline -0.002 -11"><span class='ocrx_word' id='word_1_235' title='bbox 301 1927 348 1970; x_wconf 85' lang='grc' dir='ltr'><em>δὲ</em></span> <span class='ocrx_word' id='word_1_236' title='bbox 385 1924 531 1969; x_wconf 83' lang='grc' dir='ltr'><em>αὐτῶν</em></span> <span class='ocrx_word' id='word_1_237' title='bbox 571 1927 940 1980; x_wconf 86' lang='grc' dir='ltr'><em>διαγωνίσασθαι,</em></span> <span class='ocrx_word' id='word_1_238' title='bbox 980 1924 1227 1981; x_wconf 82' lang='grc' dir='ltr'><em>προςβολόις</em></span> <span class='ocrx_word' id='word_1_239' title='bbox 1255 1922 1361 1967; x_wconf 80' lang='grc' dir='ltr'><em>καθ’</em></span> <span class='ocrx_word' id='word_1_240' title='bbox 1392 1922 1561 1979; x_wconf 79' lang='grc' dir='ltr'><em>ἡμέραν</em></span> <span class='ocrx_word' id='word_1_241' title='bbox 1588 1929 1682 1976; x_wconf 89' lang='grc' dir='ltr'><em>τοῖς</em></span> 
     </span>
     <span class='ocr_line' id='line_1_32' title="bbox 299 1981 1682 2053; baseline -0.001 -26"><span class='ocrx_word' id='word_1_242' title='bbox 299 1983 481 2038; x_wconf 89' lang='grc' dir='ltr'><em>τείχεσιν</em></span> <span class='ocrx_word' id='word_1_243' title='bbox 509 1981 558 2026; x_wconf 85' lang='grc' dir='ltr'><em>ἐκ</em></span> <span class='ocrx_word' id='word_1_244' title='bbox 571 1983 793 2053; x_wconf 83' lang='grc' dir='ltr'><em>διαδοχῆς</em></span> <span class='ocrx_word' id='word_1_245' title='bbox 823 1983 1021 2026; x_wconf 87' lang='grc' dir='ltr'><em>ἐποιεῖτο.</em></span> <span class='ocrx_word' id='word_1_246' title='bbox 1079 1981 1369 2037; x_wconf 79' lang='grc' dir='ltr'><em>ἀμυνομένων</em></span> <span class='ocrx_word' id='word_1_247' title='bbox 1398 1981 1444 2024; x_wconf 84' lang='grc' dir='ltr'><em>δὲ</em></span> <span class='ocrx_word' id='word_1_248' title='bbox 1472 1984 1561 2024; x_wconf 89' lang='grc' dir='ltr'><em>τῶν</em></span> <span class='ocrx_word' id='word_1_249' title='bbox 1581 1985 1682 2025; x_wconf 90' lang='grc' dir='ltr'><em>Μα-</em></span> 
     </span>
     <span class='ocr_line' id='line_1_33' title="bbox 300 2036 1715 2108; baseline -0.001 -24"><span class='ocrx_word' id='word_1_250' title='bbox 300 2040 497 2084; x_wconf 87' lang='grc' dir='ltr'><em>κεδόνων</em></span> <span class='ocrx_word' id='word_1_251' title='bbox 536 2036 787 2092; x_wconf 83' lang='grc' dir='ltr'><em>εὐρώστως,</em></span> <span class='ocrx_word' id='word_1_252' title='bbox 833 2040 989 2083; x_wconf 85' lang='grc' dir='ltr'><em>πολλοὶ</em></span> <span class='ocrx_word' id='word_1_253' title='bbox 1026 2043 1116 2090; x_wconf 89' lang='grc' dir='ltr'><em>τῶν</em></span> <span class='ocrx_word' id='word_1_254' title='bbox 1152 2042 1381 2108; x_wconf 84' lang='grc' dir='ltr'><em>προπετῶς</em></span> <span class='ocrx_word' id='word_1_255' title='bbox 1410 2037 1682 2107; x_wconf 81' lang='grc' dir='ltr'><em>βιαζομένων</em></span> <span class='ocrx_word' id='word_1_256' title='bbox 1712 2080 1715 2081; x_wconf 19' lang='lat'><em>⁷</em></span> 
     </span>
     <span class='ocr_line' id='line_1_34' title="bbox 216 2089 1680 2167; baseline -0.001 -27"><span class='ocrx_word' id='word_1_257' title='bbox 216 2112 271 2157; x_wconf 85' lang='lat'><em>95</em></span> <span class='ocrx_word' id='word_1_258' title='bbox 295 2096 519 2167; x_wconf 86' lang='grc' dir='ltr'><em>Ἑλλήνων</em></span> <span class='ocrx_word' id='word_1_259' title='bbox 544 2093 822 2139; x_wconf 81' lang='grc' dir='ltr'><em>ἀπώλλυντο·</em></span> <span class='ocrx_word' id='word_1_260' title='bbox 854 2095 1081 2152; x_wconf 86' lang='grc' dir='ltr'><em>δυνάμεως</em></span> <span class='ocrx_word' id='word_1_261' title='bbox 1109 2111 1192 2150; x_wconf 91' lang='grc' dir='ltr'><em>γαρ</em></span> <span class='ocrx_word' id='word_1_262' title='bbox 1211 2089 1444 2164; x_wconf 75' lang='grc' dir='ltr'><em>ἀξιολόγου</em></span> <span class='ocrx_word' id='word_1_263' title='bbox 1463 2093 1573 2137; x_wconf 83' lang='grc' dir='ltr'><em>κατοὶ</em></span> <span class='ocrx_word' id='word_1_264' title='bbox 1598 2094 1680 2150; x_wconf 80' lang='grc' dir='ltr'><em>τὴν</em></span> 
     </span>
     <span class='ocr_line' id='line_1_35' title="bbox 298 2149 1681 2209; baseline -0.001 -11"><span class='ocrx_word' id='word_1_265' title='bbox 298 2152 428 2198; x_wconf 89' lang='grc' dir='ltr'><em>πόλιν</em></span> <span class='ocrx_word' id='word_1_266' title='bbox 465 2152 601 2208; x_wconf 80' lang='grc' dir='ltr'><em>οὔσης</em></span> <span class='ocrx_word' id='word_1_267' title='bbox 638 2169 709 2196; x_wconf 89' lang='grc' dir='ltr'><em>και</em></span> <span class='ocrx_word' id='word_1_268' title='bbox 742 2155 881 2209; x_wconf 85' lang='grc' dir='ltr'><em>βελῶν</em></span> <span class='ocrx_word' id='word_1_269' title='bbox 910 2155 1204 2197; x_wconf 87' lang='grc' dir='ltr'><em>παντοδαπῶν</em></span> <span class='ocrx_word' id='word_1_270' title='bbox 1236 2149 1480 2207; x_wconf 76' lang='grc' dir='ltr'><em>ἀφθονίας,</em></span> <span class='ocrx_word' id='word_1_271' title='bbox 1531 2150 1593 2194; x_wconf 77' lang='grc' dir='ltr'><em>ἔτι</em></span> <span class='ocrx_word' id='word_1_272' title='bbox 1632 2152 1681 2196; x_wconf 80' lang='grc' dir='ltr'><em>δὲ</em></span> 
     </span>
     <span class='ocr_line' id='line_1_36' title="bbox 297 2208 1681 2282; baseline -0.001 -28"><span class='ocrx_word' id='word_1_273' title='bbox 297 2212 469 2282; x_wconf 87' lang='grc' dir='ltr'><em>τείχους</em></span> <span class='ocrx_word' id='word_1_274' title='bbox 496 2213 762 2260; x_wconf 87' lang='grc' dir='ltr'><em>πολυτελοῦς</em></span> <span class='ocrx_word' id='word_1_275' title='bbox 792 2209 1209 2264; x_wconf 83' lang='grc' dir='ltr'><em>κατεσκευασμένου,</em></span> <span class='ocrx_word' id='word_1_276' title='bbox 1243 2208 1405 2277; x_wconf 80' lang='grc' dir='ltr'><em>ῥαδίως</em></span> <span class='ocrx_word' id='word_1_277' title='bbox 1434 2209 1478 2250; x_wconf 81' lang='grc' dir='ltr'><em>οἱ</em></span> <span class='ocrx_word' id='word_1_278' title='bbox 1504 2213 1681 2280; x_wconf 82' lang='grc' dir='ltr'><em>πολιορ-</em></span> 
     </span>
     <span class='ocr_line' id='line_1_37' title="bbox 299 2263 1679 2337; baseline -0.003 -25"><span class='ocrx_word' id='word_1_279' title='bbox 299 2268 508 2324; x_wconf 87' lang='grc' dir='ltr'><em>κούμενοι</em></span> <span class='ocrx_word' id='word_1_280' title='bbox 528 2267 854 2337; x_wconf 86' lang='grc' dir='ltr'><em>περιεγίνοντο.</em></span> <span class='ocrx_word' id='word_1_281' title='bbox 913 2266 936 2310; x_wconf 88' lang='grc' dir='ltr'>ὁ</span> <span class='ocrx_word' id='word_1_282' title='bbox 979 2268 1025 2311; x_wconf 79' lang='grc' dir='ltr'><em>δὲ</em></span> <span class='ocrx_word' id='word_1_283' title='bbox 1054 2263 1323 2334; x_wconf 89' lang='grc' dir='ltr'><em>Λεωσθένης</em></span> <span class='ocrx_word' id='word_1_284' title='bbox 1342 2279 1569 2337; x_wconf 70' lang='grc' dir='ltr'><em>απογνους</em></span> <span class='ocrx_word' id='word_1_285' title='bbox 1585 2266 1679 2336; x_wconf 80' lang='grc' dir='ltr'><em>τη“ν</em></span> 
     </span>
     <span class='ocr_line' id='line_1_38' title="bbox 299 2318 1680 2394; baseline -0.001 -27"><span class='ocrx_word' id='word_1_286' title='bbox 299 2325 348 2367; x_wconf 83' lang='grc' dir='ltr'><em>ἐκ</em></span> <span class='ocrx_word' id='word_1_287' title='bbox 386 2326 484 2394; x_wconf 81' lang='grc' dir='ltr'><em>βίας</em></span> <span class='ocrx_word' id='word_1_288' title='bbox 522 2322 684 2367; x_wconf 82' lang='grc' dir='ltr'><em>ἅλωσιν</em></span> <span class='ocrx_word' id='word_1_289' title='bbox 717 2327 793 2379; x_wconf 84' lang='grc' dir='ltr'><em>τῆς</em></span> <span class='ocrx_word' id='word_1_290' title='bbox 830 2323 1022 2376; x_wconf 85' lang='grc' dir='ltr'><em>πόλεως,</em></span> <span class='ocrx_word' id='word_1_291' title='bbox 1071 2323 1148 2373; x_wconf 79' lang='grc' dir='ltr'><em>τάς</em></span> <span class='ocrx_word' id='word_1_292' title='bbox 1191 2318 1405 2376; x_wconf 73' lang='grc' dir='ltr'><em>οἰγομένας</em></span> <span class='ocrx_word' id='word_1_293' title='bbox 1442 2323 1501 2372; x_wconf 85' lang='grc' dir='ltr'><em>εἷς</em></span> <span class='ocrx_word' id='word_1_294' title='bbox 1540 2319 1680 2378; x_wconf 80' lang='grc' dir='ltr'><em>αὐτὴν</em></span> 
     </span>
     <span class='ocr_line' id='line_1_39' title="bbox 192 2380 1678 2451; baseline -0.001 -27"><span class='ocrx_word' id='word_1_295' title='bbox 192 2400 272 2442; x_wconf 73' lang='grc'><em>100</em></span> <span class='ocrx_word' id='word_1_296' title='bbox 302 2380 467 2436; x_wconf 81' lang='grc' dir='ltr'><em>αγορὰς</em></span> <span class='ocrx_word' id='word_1_297' title='bbox 496 2385 748 2451; x_wconf 81' lang='grc' dir='ltr'><em>παρῃρεῖτο,</em></span> <span class='ocrx_word' id='word_1_298' title='bbox 778 2383 965 2436; x_wconf 78' lang='grc' dir='ltr'><em>νομίζων</em></span> <span class='ocrx_word' id='word_1_299' title='bbox 996 2381 1158 2451; x_wconf 89' lang='grc' dir='ltr'><em>ραδίως</em></span> <span class='ocrx_word' id='word_1_300' title='bbox 1186 2382 1241 2435; x_wconf 87' lang='grc' dir='ltr'><em>τῇ</em></span> <span class='ocrx_word' id='word_1_301' title='bbox 1271 2380 1460 2421; x_wconf 89' lang='grc' dir='ltr'><em>σιτοδεία</em></span> <span class='ocrx_word' id='word_1_302' title='bbox 1490 2395 1678 2423; x_wconf 90' lang='grc' dir='ltr'><em>καταπο-</em></span> 
     </span>
     <span class='ocr_line' id='line_1_40' title="bbox 300 2422 1677 2497; baseline -0.001 -15"><span class='ocrx_word' id='word_1_303' title='bbox 300 2439 500 2494; x_wconf 80' lang='grc' dir='ltr'><em>λεμησειν</em></span> <span class='ocrx_word' id='word_1_304' title='bbox 526 2440 630 2489; x_wconf 82' lang='grc' dir='ltr'><em>τους</em></span> <span class='ocrx_word' id='word_1_305' title='bbox 658 2437 1036 2497; x_wconf 78' lang='grc' dir='ltr'><em>ἐγκεκλεισμένους</em></span> <span class='ocrx_word' id='word_1_306' title='bbox 1057 2436 1104 2480; x_wconf 89' lang='grc' dir='ltr'><em>ἐν</em></span> <span class='ocrx_word' id='word_1_307' title='bbox 1121 2438 1175 2491; x_wconf 84' lang='grc' dir='ltr'><em>τῇ</em></span> <span class='ocrx_word' id='word_1_308' title='bbox 1204 2433 1341 2479; x_wconf 88' lang='grc' dir='ltr'><em>πόλει.</em></span> <span class='ocrx_word' id='word_1_309' title='bbox 1398 2422 1677 2490; x_wconf 73' lang='grc' dir='ltr'><em>κατεσκεύαζε</em></span> 
     </span>
    </p>
   </div>
   <div class='ocr_carea' id='block_1_3' title="bbox 299 2571 1689 2780">
    <p class='ocr_par' dir='ltr' id='par_1_3' title="bbox 299 2571 1689 2772">
     <span class='ocr_line' id='line_1_41' title="bbox 299 2571 1689 2640; baseline -0.001 -20"><span class='ocrx_word' id='word_1_310' title='bbox 299 2585 357 2621; x_wconf 80' lang='grc'><strong>60.</strong></span> <span class='ocrx_word' id='word_1_311' title='bbox 406 2584 577 2640; x_wconf 76' lang='grc' dir='ltr'><em>Σίππαν]</em></span> <span class='ocrx_word' id='word_1_312' title='bbox 607 2585 753 2621; x_wconf 88' lang='grc' dir='ltr'><em>Σίσπαν</em></span> <span class='ocrx_word' id='word_1_313' title='bbox 776 2586 810 2630; x_wconf 79' lang='lat' dir='ltr'>Q</span> <span class='ocrx_word' id='word_1_314' title='bbox 959 2585 1018 2621; x_wconf 86' lang='lat'><em>66.</em></span> <span class='ocrx_word' id='word_1_315' title='bbox 1049 2586 1221 2629; x_wconf 80' lang='grc' dir='ltr'><em>στρατιᾶς</em></span> <span class='ocrx_word' id='word_1_316' title='bbox 1243 2586 1302 2628; x_wconf 90' lang='lat' dir='ltr'><em>W,</em></span> <span class='ocrx_word' id='word_1_317' title='bbox 1328 2586 1552 2630; x_wconf 82' lang='grc' dir='ltr'><em>σατραπείας</em></span> <span class='ocrx_word' id='word_1_318' title='bbox 1574 2571 1689 2631; x_wconf 75' lang='lat' dir='ltr'><strong>QTY&#39;</strong></span> 
     </span>
     <span class='ocr_line' id='line_1_42' title="bbox 299 2631 1675 2678; baseline 0 -11"><span class='ocrx_word' id='word_1_319' title='bbox 299 2633 404 2674; x_wconf 62' lang='lat' dir='ltr'>Bas„</span> <span class='ocrx_word' id='word_1_320' title='bbox 441 2632 571 2666; x_wconf 77' lang='lat' dir='ltr'><strong>caeteri</strong></span> <span class='ocrx_word' id='word_1_321' title='bbox 602 2632 790 2677; x_wconf 83' lang='grc' dir='ltr'><em>στρατείας</em></span> <span class='ocrx_word' id='word_1_322' title='bbox 977 2632 1036 2668; x_wconf 84' lang='grc'><strong>69.</strong></span> <span class='ocrx_word' id='word_1_323' title='bbox 1083 2631 1385 2678; x_wconf 84' lang='grc' dir='ltr'><em>παραπέμψοντα</em></span> <span class='ocrx_word' id='word_1_324' title='bbox 1414 2634 1511 2675; x_wconf 84' lang='lat' dir='ltr'><em>FW,</em></span> <span class='ocrx_word' id='word_1_325' title='bbox 1547 2632 1675 2668; x_wconf 78' lang='lat' dir='ltr'><strong>caeteri</strong></span> 
     </span>
     <span class='ocr_line' id='line_1_43' title="bbox 300 2657 1581 2780; baseline -0.001 -22"><span class='ocrx_word' id='word_1_326' title='bbox 300 2657 802 2780; x_wconf 42' lang='grc' dir='ltr'><em>παραῖέπέἰὲέιψὲίτακατέφυγεν</em></span> <span class='ocrx_word' id='word_1_327' title='bbox 826 2734 897 2760; x_wconf 88' lang='lat' dir='ltr'><em>om.</em></span> <span class='ocrx_word' id='word_1_328' title='bbox 919 2723 968 2760; x_wconf 89' lang='lat' dir='ltr'>W</span> <span class='ocrx_word' id='word_1_329' title='bbox 1103 2724 1161 2760; x_wconf 84' lang='lat'><em>82.</em></span> <span class='ocrx_word' id='word_1_330' title='bbox 1184 2722 1309 2769; x_wconf 83' lang='grc' dir='ltr'><em>πόλιν]</em></span> <span class='ocrx_word' id='word_1_331' title='bbox 1332 2725 1400 2772; x_wconf 85' lang='grc' dir='ltr'><em>τὴν</em></span> <span class='ocrx_word' id='word_1_332' title='bbox 1421 2723 1528 2760; x_wconf 88' lang='grc' dir='ltr'><em>πόλιν</em></span> <span class='ocrx_word' id='word_1_333' title='bbox 1551 2724 1581 2757; x_wconf 88' lang='lat' dir='ltr'>F</span> 
     </span>
    </p>
   </div>
   <div class='ocr_carea' id='block_1_4' title="bbox 301 2769 1673 2865">
    <p class='ocr_par' dir='ltr' id='par_1_4' title="bbox 301 2769 1673 2865">
     <span class='ocr_line' id='line_1_44' title="bbox 302 2769 1673 2817; baseline 0 -11"><span class='ocrx_word' id='word_1_334' title='bbox 302 2771 473 2815; x_wconf 85' lang='grc' dir='ltr'><em>Λαμίαν]</em></span> <span class='ocrx_word' id='word_1_335' title='bbox 510 2769 660 2814; x_wconf 86' lang='grc' dir='ltr'><em>Λάμιαν</em></span> <span class='ocrx_word' id='word_1_336' title='bbox 683 2781 801 2804; x_wconf 84' lang='lat' dir='ltr'><strong>omnes</strong></span> <span class='ocrx_word' id='word_1_337' title='bbox 984 2770 1042 2808; x_wconf 83' lang='lat'><em>83.</em></span> <span class='ocrx_word' id='word_1_338' title='bbox 1090 2771 1392 2817; x_wconf 79' lang='grc' dir='ltr'><em>κατασκευάζων]</em></span> <span class='ocrx_word' id='word_1_339' title='bbox 1418 2769 1673 2812; x_wconf 78' lang='grc' dir='ltr'><em>κατεσκεύαζεν</em></span> 
     </span>
     <span class='ocr_line' id='line_1_45' title="bbox 301 2816 1626 2865; baseline -0.001 -13"><span class='ocrx_word' id='word_1_340' title='bbox 301 2817 380 2852; x_wconf 84' lang='lat' dir='ltr'><em>FW</em></span> <span class='ocrx_word' id='word_1_341' title='bbox 561 2816 617 2851; x_wconf 77' lang='grc'><strong>86.</strong></span> <span class='ocrx_word' id='word_1_342' title='bbox 664 2818 728 2862; x_wconf 82' lang='grc' dir='ltr'><em>τῆς</em></span> <span class='ocrx_word' id='word_1_343' title='bbox 751 2827 820 2851; x_wconf 88' lang='lat' dir='ltr'><em>om.</em></span> <span class='ocrx_word' id='word_1_344' title='bbox 843 2816 874 2851; x_wconf 80' lang='lat' dir='ltr'><strong>F</strong></span> <span class='ocrx_word' id='word_1_345' title='bbox 1055 2817 1114 2854; x_wconf 83' lang='lat'><em>89.</em></span> <span class='ocrx_word' id='word_1_346' title='bbox 1159 2819 1344 2865; x_wconf 82' lang='grc' dir='ltr'><em>προςῆγε]</em></span> <span class='ocrx_word' id='word_1_347' title='bbox 1368 2821 1534 2864; x_wconf 84' lang='grc' dir='ltr'><em>προςεῖχε</em></span> <span class='ocrx_word' id='word_1_348' title='bbox 1550 2817 1626 2851; x_wconf 88' lang='lat' dir='ltr'><em>FW</em></span> 
     </span>
    </p>
   </div>
  </div>
 </body>
</html>
