1820 3249
301 123 411 165 1386
663 115 777 158 LIB.
808 113 917 158 xlx.
974 115 1107 160 cAP.
1135 119 1205 161 48
1233 119 1300 161 49.

218 238 272 281 85
300 249 376 283 τος
402 247 469 282 ως
493 228 574 287 οὐχ
598 226 971 282 υπακουσομένων
1001 231 1186 285 Περσῶν
1217 227 1369 286 ἑτέρῳ,
1398 231 1561 273 τοῦτον
1591 231 1747 286 μὲν355

298 288 547 332 ἀπέκτεινεν
564 285 987 356 ,Ἀσκληπιόδωρον
1017 286 1063 330 δὲ
1091 286 1321 354 κατέστησε
1349 290 1424 342 τῆς
1454 288 1671 342 Περσίδος

295 346 524 415 ύπαρχον,
547 343 620 386 καὶ
648 342 752 393 τούς
781 342 961 394 ἱκανούς
988 342 1252 397 στρατιώτας
1280 344 1538 398 παρέδωκε·
1562 347 1674 387 Hev-

296 401 452 473 κέστην
483 399 524 444 δ’
557 401 616 450 εἰς
646 398 777 450 ἄλλας
805 399 978 450 ἐλπίδας
1007 398 1184 456 άγαγών
1212 400 1285 444 καὶ
1313 404 1447 451 κενῶς
1476 402 1674 453 μετεωρί-

297 470 377 509 σας
415 457 618 512 ἐξήγαγεν
647 456 695 498 ἐκ
720 460 804 511 τῆς
827 455 985 526 χώρας.
1039 457 1310 526 ποιουμένου
1341 455 1401 500 6'·
1426 455 1566 500 αυτοῦ
1595 456 1674 512 τῆν

215 522 269 561 90
299 517 482 570 πορείαν
511 513 580 555 ἐπὶ
610 512 800 556 Σούσων
829 512 1073 583 ἀπήντησεν
1103 512 1222 585 αύτῷ
1252 514 1321 557 ἐπὶ
1347 517 1408 570 τῷ
1441 515 1674 581 Πασιτίγρι

299 573 481 641 ποταμῷ
504 569 747 637 ,Ξενόφιλος
765 569 788 612 ὁ
808 569 1028 623 κυριεύων
1040 573 1136 613 τῶν
1151 559 1203 613 έν
1217 558 1412 621 Σούσοις
1429 569 1672 640 χρημάτων,

300 627 620 682 ἀπεσταλμένος
645 625 735 670 ὑπὸ
765 625 988 670 Σελεύκου
1013 641 1103 668 παν
1131 631 1311 682 ποιῆσαι
1338 626 1388 671 τὸ
1417 626 1675 681 προςταττό-

300 701 445 740 μενον.
499 687 657 727 τοῦτον
686 683 765 739 μὲν
803 686 888 726 οὐν
916 678 1270 753 προςδεξάμενος
1282 689 1581 736 προςεποιεῖτο
1610 700 1676 726 τι-

215 745 270 788 95
299 746 389 798 μᾶν
417 741 465 784 ἐν
493 745 587 790 τοῖς
616 742 831 808 μεγίστοις
859 743 963 782 τῶν
977 741 1144 794 φίλων,
1174 739 1515 809 εὐλαβούμενος
1514 739 1585 795 μὴ
1609 756 1677 794 με-

298 797 524 869 τανοήσας
545 797 678 839 πάλιν
708 795 844 839 αὐτὸν
873 794 1124 865 ἀποκλείσῃ.
1175 794 1308 846 αὐτὸς
1332 797 1403 840 ,δε
1397 795 1677 865 παραλαβών

299 855 379 910 τῆν
419 856 466 897 ἐν
495 852 691 902 Σούσοις
730 851 870 905 α’κραν
898 852 1135 922 κατέλαβεν
1172 851 1221 896 ἐν
1251 851 1362 909 αὐτῇ
1391 851 1472 909 τήν
1506 868 1551 895 τε
1578 869 1677 907 χρυ-

300 917 383 966 σῆν
412 908 716 963 ἀναδενδράδα
756 910 830 951 καὶ
857 911 1027 980 πλῆθος
1060 908 1209 953 άλλων
1239 909 1677 981 κατασκευασμάτων,

191 976 269 1015 100
299 968 477 1012 πάντων
509 964 821 1035 συναγομένων
849 967 921 1015 εἰς·
927 964 1064 1034 μύρια
1085 967 1160 1009 καὶ
1183 967 1512 1034 πεντακιςχίλια
1525 963 1677 1011 τάλαν-

298 1042 364 1067 τα.
423 1021 648 1091 ἠθροίσθη
689 1019 731 1064 6²
765 1020 882 1093 αὐτῷ
924 1022 999 1066 καὶ
1037 1021 1140 1065 ἄλλο
1175 1027 1344 1078 πλῆθος
1371 1021 1602 1078 χρημάτων
1631 1021 1678 1064 ἐκ

296 1097 341 1123 τε
371 1084 460 1122 τῶν
489 1078 730 1133 στεφάνων
744 1079 818 1121 καὶ
846 1082 934 1121 τῶν
960 1078 1106 1122 ἄλλων
1135 1081 1324 1133 δωρεῶν,
1354 1079 1415 1122 ε’τι
1445 1079 1489 1122 δε
1518 1079 1565 1122 ἐκ
1588 1082 1678 1121 τῶν

297 1137 538 1205 λαφύρωνὶ
574 1138 712 1178 ταῦτα
748 1152 831 1205 γαρ
860 1130 974 1191 ἦσαν
995 1137 1318 1207 πεντακιςχίλια
1345 1134 1560 1186 τάλαντα,
1604 1135 1679 1177 καὶ

296 1209 408 1238 κατα
444 1192 526 1248 τήν
557 1193 741 1260 Μηδίαν
770 1190 876 1234 ἄλλα
907 1196 1099 1235 τοσαῦτα
1127 1193 1257 1247 χωρὶς
1285 1195 1372 1235 τῶν
1408 1191 1456 1234 ἐν
1484 1190 1679 1240 Σούσοις

243 1252 269 1293 5
298 1252 561 1306 θησαυρῶν·
608 1248 713 1298 ὤςτε
748 1247 802 1291 τὰ
839 1246 983 1291 πάντα
1012 1253 1285 1304 συναχθῆναι
1312 1247 1517 1295 τάλαντα
1518 1246 1678 1314 διε-ψύ-

299 1324 373 1360 ρια
401 1307 727 1365 πεντακιςχίλια.
771 1305 860 1348 καὶ
889 1303 943 1348 τὰ
970 1306 1053 1361 μὲν
1091 1305 1191 1360 περὶ
1217 1303 1488 1361 Ἀντίγονον
1499 1305 1546 1348 έν
1572 1302 1679 1347 τού-

297 1380 392 1414 τοις
422 1367 491 1418 ῆν.

215 1426 270 1466 49
406 1418 551 1474 Ημεῖς
592 1417 639 1460 δε
680 1414 984 1486 διεληλυθότες
1025 1415 1086 1460 τά
1116 1417 1227 1461 κατὰ
1267 1417 1354 1486 τὴν
1387 1401 1534 1461 Ἀσίαν
1571 1430 1678 1470 πρα-

297 1476 457 1545 χθέντα
487 1472 832 1530 μεταβιβάσομεν
860 1472 940 1516 τὸν
966 1471 1102 1529 λόγον
1129 1473 1198 1517 ἐπὶ
1226 1473 1307 1532 τήν
1336 1473 1576 1541 Εὐρώπην,
1605 1473 1680 1516 καὶ

217 1541 268 1579 10
298 1532 350 1576 τὰ
384 1536 541 1587 συνεχῆ
564 1535 659 1573 τῶν
687 1530 1018 1586 προειρημένων
1044 1529 1248 1587 διέξιμεν.
1307 1531 1329 1575 ὁ
1360 1531 1443 1586 γὰρ
1479 1529 1680 1575 Κάσσαν-

298 1592 405 1644 δρος
445 1590 505 1639 εἰς
528 1586 718 1631 Πύδναν
756 1591 833 1656 τῆς
862 1588 1145 1638 [Μακεδονίας
1182 1586 1504 1642 συγκεκλεικως
1521 1585 1680 1640 Ὀλυμ-

296 1646 432 1692 πιάδα
468 1643 719 1700 προςβολας
758 1659 837 1698 μεν.
870 1647 983 1693 τοῖς
1005 1645 1186 1698 τείχεσιν
1216 1643 1429 1712 ηδυνάτει
1457 1648 1680 1687 ποιεῖσθαι

299 1702 372 1746 δια
412 1701 517 1751 τούς
555 1704 794 1770 χειμῶνας,
832 1699 1306 1754 περιστρατοπεδεύσας
1347 1701 1419 1743 δὲ
1415 1699 1537 1755 τὴν1
1551 1698 1681 1743 πόλιν

297 1759 373 1803 καὶ
402 1758 572 1814 χάρακα
610 1756 850 1812 βαλόμενος
888 1755 974 1799 ἀπό
1005 1755 1239 1812 θαλάττης
1257 1759 1317 1808 εἰς
1346 1756 1589 1808 θάλατταν,
1619 1755 1680 1798 ἔτι

219 1817 270 1858 15
301 1815 384 1859 δε’
367 1819 576 1883 εφορμῶν
593 1819 660 1883 τῷ
673 1813 825 1868 λιμένι,
847 1811 990 1856 πάντα
1007 1814 1086 1856 τὸν
1102 1812 1374 1868 βουλόμενον
1394 1813 1681 1868 ἐπικουρῆσαι

206 1876 214 1885 '
301 1870 519 1916 διεκωλυε.
559 1870 665 1926 ταχύ
707 1870 752 1914 δε
789 1873 904 1912 τῶν
919 1869 1172 1939 ἐπιτηδείων
1208 1870 1579 1922 ἐξαναλωθέντων
1611 1885 1681 1912 το-

301 1928 466 1984 σαύτην
495 1928 594 1982 περὶ
622 1926 728 1978 τούς
757 1925 886 1969 ε’νδον
914 1925 1227 1970 κατεσκεύασεν
1247 1927 1420 1972 ε’νδειαν
1439 1924 1537 1979 c69t'
1561 1925 1679 1969 ἐκλυ-

301 1989 440 2039 θῆναι
466 1984 529 2027 τό
548 1983 772 2037 παράπαν.
821 1984 881 2032 εἰς
909 1987 1041 2026 τοῦτο
1071 1983 1165 2038 γὰρ
1179 1979 1331 2038 ἦλθον
1360 1981 1554 2050 ἀνάγκης
1574 1982 1680 2031 ω’ςτε

219 2049 272 2087 20
300 2045 362 2100 τῷ
392 2057 475 2111 μεν
501 2038 739 2095 στρατιώτῃ
769 2044 1035 2093 σιτομετρεῖν
1061 2041 1256 2094 χοίνικας
1276 2039 1510 2086 πέντεγτοῦ
1523 2037 1679 2094 μηνός,

299 2104 391 2149 τοῖς
431 2096 475 2140 δ’
515 2097 694 2151 ἐλέφασι
737 2100 828 2144 τοῖς
868 2099 1220 2138 κατακλεισθεῖσι
1257 2095 1431 2138 διδόναι
1470 2097 1680 2163 πρίοντας

299 2155 377 2205 τὰς
407 2152 581 2204 δοκούς,
611 2153 664 2196 τὰ
694 2148 737 2195 δ’
769 2149 982 2207 ὑποζύγια
1011 2152 1085 2195 καὶ
1113 2151 1217 2202 τοὺς
1246 2152 1406 2203 ι’ππους
1434 2149 1681 2202 κατακόψαι

300 2210 410 2269 πρὸς
450 2208 709 2267 διατροφην.
773 2208 981 2266 τοιαύτης
1021 2209 1067 2252 δὲ
1094 2206 1384 2265 περιστάσεως
1415 2207 1681 2291 κατεχούσης

390 2392 471 2429 355.
508 2393 566 2427 90.
612 2389 699 2436 επὶ]
735 2388 773 2426 εν
805 2390 882 2425 VW
1079 2375 1297 2433 Πασιτίγρι]
1332 2382 1539 2444 Πασιτίγριι
1571 2386 1679 2421 Fvw

479 2439 538 2474 92.
585 2440 660 2472 πᾶν
682 2438 865 2481 ποιῆσαι]
905 2435 984 2472 καὶ
984 2436 1067 2474 πᾶν
1098 2434 1267 2479 ποιήσειν
1290 2436 1339 2470 F·
1350 2434 1550 2480 ποιήσειν
1575 2433 1681 2469 etium

298 2486 453 2519 Bas.
491 2498 495 2514 ·.
525 2498 528 2499 ⁷
563 2484 622 2519 93.
668 2495 861 2528 προςταττ.
878 2483 942 2522 F,
979 2492 1172 2526 προςτασσ,
1195 2482 1327 2516 caeteri
1424 2506 1435 2516 .,
1508 2481 1589 2525 97’
1613 2478 1680 2523 τήν

286 2532 363 2575 τε]“
379 2528 445 2595 τὴν
462 2531 532 2568 F
633 2530 690 2564 99.
713 2529 877 2572 πάντων]
905 2529 1030 2569 ‚malim
1049 2541 1126 2569 των
1144 2525 1297 2563 πάντων
1333 2553 1358 2559 .-
1381 2566 1383 2570 v
1416 2526 1485 2572 ζκαὶ
1504 2537 1573 2570 om.
1597 2526 1678 2559 Bas.

409 2596 419 2603 ι
460 2577 518 2610 >l.
566 2574 801 2620 χρημάτων]
813 2575 952 2630 χρυσοῦ
974 2575 1006 2608 Χ
1040 2611 1042 2614 ,
1193 2574 1237 2612 9..
1276 2568 1475 2617 διέξιμεν]
1497 2572 1680 2615 διεξίημεν

303 2623 388 2658 Bas.
498 2640 501 2647 ·
544 2621 602 2657 10
651 2621 835 2676 Πύδναν]
853 2619 1009 2661 mffiWS
1016 2620 1087 2661 F
1208 2619 1272 2658 12·
1317 2619 1528 2674 ποιεῖσθαι]
1558 2621 1679 2652 ποιεῖν

305 2669 336 2701 F
418 2692 430 2697 ‚-
494 2667 552 2701 le}
598 2665 783 2725 θαλάττης
807 2685 863 2692 ——-
876 2655 1093 2722 θάλατταν]
1109 2659 1325 2709 θαλάσσης
1321 2683 1364 2691 -
1383 2661 1597 2708 θάλασσαν
1605 2675 1679 2697 om—

306 2724 368 2748 nes
452 2727 456 2731 ’
536 2711 630 2748 15.
633 2713 806 2760 πάντα]
813 2717 890 2753 aut
884 2711 1021 2753 πάντα
1043 2710 1110 2748 τόν
1133 2717 1193 2748 aut
1209 2713 1299 2776 πᾶν,
1308 2705 1357 2747 τὸ
1379 2698 1602 2748 scribendum

397 2759 457 2794 22.
505 2757 640 2800 ι’ππους
663 2754 709 2803 Τ,
734 2759 861 2795 caeteri
887 2758 1008 2801 ἱππεῖς
