1820 3249
339 159 451 200 1000
690 155 806 197 LIB.
836 155 926 199 XV.
964 156 1099 199 CAP.
1128 160 1196 202 55
1228 182 1281 191 --
1309 160 1378 202 57.

345 281 456 310 νατο
487 263 727 322 βιάσασθαι
764 267 870 320 τούς
912 266 1255 341 ἀνθεστηκότας,
1295 269 1495 326 ἦρωικως
1524 272 1570 315 65
1598 273 1731 342 μαχό-

346 339 476 379 μενος
504 323 578 367 καὶ
608 329 788 376 πολλοῖς
816 327 1036 382 τραύμασι
1063 325 1309 396 περιπεσων
1341 328 1603 384 ἐτελεύτησε,
1633 328 1730 372 τότε

263 383 318 427 85
351 382 601 436 συνδρομῆς
630 381 864 453 γενομένης
901 384 999 437 περὶ
1037 387 1116 427 τοῦ
1155 383 1386 438 πτώματος
1424 390 1594 440 νεκρῶν
1625 389 1728 440 πλῆ-

261 442 319 481 56
347 442 431 491 θος
460 437 696 511 ἐσωρεύθη.
735 438 942 511 ἀναρχίας
972 439 1018 482 65
1045 440 1277 495 γενομένης
1306 442 1402 495 περὶ
1430 458 1478 484 το
1510 443 1650 496 κέρας,
1686 443 1731 485 οἱ

346 493 425 549 μὲν
453 495 551 546 περὶ
579 496 656 539 τὸν
666 494 1032 565 Ἐπαμεινώνδαν
1053 497 1234 552 βαρεῖς
1219 514 1264 551 εγ
1269 499 1455 552 κείμενοι
1477 503 1568 548 τοῖς
1592 502 1728 541 Λακε

261 553 317 595 90
349 552 594 605 δαιμονίοις
625 550 674 595 τό
716 553 795 621 μὲν
831 557 1009 605 πρῶτον
1048 570 1099 607 τῃ
1139 555 1212 609 βία
1252 553 1393 609 βραχύ
1424 554 1652 608 προέωσαν
1681 555 1730 598 ἐκ

341 609 419 662 τῆς
458 606 615 659 τάξεως
654 608 757 659 τούς
792 611 1052 679 πολεμίους,
1092 610 1136 651 οἱ
1175 610 1220 652 65
1258 609 1598 681 Λακεδαιμόνιοι
1632 612 1730 665 περὶ

343 666 426 707 τοῦ
456 666 666 736 βασιλέως
707 663 1026 735 ἀγωνισάμενοι
1061 669 1271 735 λαμπρως
1307 671 1390 709 τοῦ
1420 668 1497 722 μὲν
1530 666 1728 721 σώματος

345 719 565 776 ἐγκρατεῖς
595 721 808 776 ἐγένοντο,
828 727 904 778 τῆς
933 722 978 766 65
1007 723 1131 777 νίκης
1161 721 1243 765 οὐκ
1271 725 1455 794 ἴσχυσαν
1484 724 1729 779 ἐφικέσθαι.

345 781 434 819 τῶν
463 777 546 832 γάρ
580 777 813 822 ἐπιλέκτων
850 778 1246 850 υπερβαλλομένων
1275 785 1368 830 ταῖς
1397 778 1730 850 ἀνδραγαθίαις,

260 831 316 874 95
344 834 419 877 -καὶ
458 838 533 889 τῆς
566 832 719 890 ἀρετῆς
747 836 821 879 καὶ
858 835 1167 905 παρακλήσεως
1201 835 1553 891 Ἐπαμεινώνδου
1591 838 1731 880 πολλὰ

346 892 718 960 συμβαλλομένης,
749 892 872 963 μόγις
902 891 1171 961 ἐβιάσθησαν
1202 894 1246 935 οἵ
1274 893 1626 948 Λακεδαιμόνιοι,
1655 895 1730 937 καὶ

346 946 396 991 τὸ
429 946 509 1002 μὲν
538 953 712 1002 πρῶτον
743 948 1073 1020 ἀναχωροῦντες
1101 948 1181 1005 τὴν
1209 948 1331 1001 τάξιν
1367 949 1651 1002 διέλυον,τό
1681 950 1729 993 δὲ

346 1007 606 1049 τελευταῖον
625 1010 802 1048 πολλων
832 1005 1184 1077 ἀναιρουμένων,
1216 1010 1296 1049 τοῦ
1338 1007 1384 1050 65
1413 1007 1731 1077 παραγγέλλον-

239 1066 320 1107 100
349 1076 420 1111 τος
459 1059 672 1116 ἡγεμόνος
711 1062 1082 1135 τετελευτηκότος,
1117 1061 1298 1135 ἐγένετο
1337 1063 1549 1133 παντελής
1573 1062 1729 1135 τροπὴ

345 1119 427 1162 τοῦ,
457 1119 767 1172 στρατοπέδου.
808 1136 851 1163 οι
881 1120 927 1163 65
956 1121 1054 1175 περὶ
1082 1118 1161 1163 τὸν
1185 1118 1539 1175 Ἐπαμεινώνδαν
1568 1119 1731 1163 ἐπικεί-

346 1189 472 1230 μενοι
501 1179 592 1224 τοῖς
622 1175 837 1231 φεύγουσι
873 1177 948 1219 καὶ
976 1176 1175 1226 πολλους
1191 1181 1278 1220 τῶν
1307 1177 1517 1220 ἐναντίων
1545 1174 1731 1220 κατακό-

347 1238 528 1282 ψαντες,
560 1229 856 1302 ἀπηνέγκαντο
887 1234 1016 1303 νίκην
1045 1232 1399 1305 ἐπιφανεστάτην.
1436 1233 1732 1288 συμβαλόντες

347 1285 434 1343 γάρ
474 1293 566 1338 τοῖς
601 1287 796 1342 ἀρίστοις
831 1293 920 1332 τῶν
944 1288 1199 1358 Ελλήνων,
1219 1290 1292 1333 καὶ
1331 1295 1423 1350 τοῖς
1452 1289 1614 1345 ὀλίγοις
1641 1305 1730 1332 των

294 1345 321 1388 5
350 1347 687 1388 πολλαπλασίων
716 1345 972 1399 παραδόξως
1000 1345 1350 1419 περιγενόμενοι,
1372 1346 1572 1417 μεγάλην
1599 1345 1732 1398 δόξαν

350 1398 418 1443 ἐπ’
451 1399 627 1458 ἀνδρεία
653 1402 978 1472 κατεκτήσαντο.
1013 1405 1225 1471 μεγίστων
1254 1401 1297 1446 δ’
1331 1404 1521 1447 ἐπαίνων
1552 1403 1574 1446 ὁ
1606 1415 1732 1457 στρα-

352 1457 482 1513 τηγὸς
506 1456 855 1514 Ἐπαμεινώνδας
883 1458 1064 1529 ηξιώθη,
1091 1458 1162 1502 δια
1181 1463 1256 1515 τῆς
1286 1462 1398 1510 ἰδίας
1427 1458 1630 1513 ἀνδρείας
1651 1458 1732 1514 μά-

351 1517 474 1557 λιστα
513 1515 586 1558 καὶ
615 1519 896 1585 στρατηγικῆς
934 1515 1145 1566 συνέσεως
1176 1517 1278 1567 τοὺς
1309 1515 1544 1571 ἀνικήτους
1571 1515 1732 1585 ἡγεμό-

272 1572 325 1612 10
353 1586 434 1621 νας
463 1574 537 1626 τῆς
560 1570 767 1623 Ελλάδος
796 1573 1185 1642 κατηγωνισμένος.
1217 1573 1372 1617 ἔπεσον
1402 1572 1443 1616 δ’
1470 1573 1516 1616 ἐν
1535 1590 1586 1629 τῃ
1617 1571 1731 1630 μάχῃ

351 1631 442 1669 τῶν
482 1630 841 1697 Λακεδαιμονίων
879 1627 963 1672 οὐκ
1005 1628 1219 1680 ἐλάττους
1248 1647 1338 1673 των
1371 1631 1731 1684 τετρακιςχιλίων,

350 1687 443 1726 τῶν
472 1683 518 1727 65
549 1688 757 1728 Βοιωτῶν
784 1686 884 1738 περὶ
913 1687 1206 1739 τριακοσίους.
1255 1703 1360 1742 μετα
1393 1686 1438 1729 65
1468 1690 1604 1728 ταῦτα
1633 1687 1732 1738 περί

351 1755 398 1782 τε
432 1743 509 1811 τῆς
538 1745 627 1784 τῶν
656 1758 825 1795 νεκρων
855 1741 1116 1793 ἀναιρέσεως
1146 1742 1219 1785 καὶ
1248 1748 1323 1798 τῆς
1351 1745 1412 1792 εἰς
1444 1741 1732 1811 Πελοπόννη-

350 1806 433 1839 σον
465 1795 710 1866 ἀπαλλαγης
728 1802 820 1869 τῶν
847 1800 1209 1852 Λακεδαιμονίων
1238 1800 1430 1849 σπονδάς
1456 1798 1730 1854 ἐποιήσαντο.

269 1853 322 1896 15
351 1853 424 1896 καὶ
454 1852 506 1896 τά
517 1853 616 1925 ,μὲν
643 1855 741 1907 περὶ
770 1855 850 1910 τὴν
880 1854 926 1898 ἐν
956 1856 1196 1911 Λεύκτροις
1223 1856 1365 1913 μάχην
1396 1855 1621 1912 συμβάντα
1644 1872 1732 1899 τοι-

350 1913 484 1953 οῦτον
514 1910 606 1966 ἔσχε
634 1912 765 1962 τέλος.

266 1967 324 2008 57
471 1970 561 2010 Τοῦ
603 1965 644 2010 δ’
676 1968 946 2021 ἐνιαυσιαίου
983 1966 1146 2039 χρόνου
1189 1961 1494 2036 διεληλυθότος
1522 1965 1731 2037 Ἀθήνησι

351 2022 433 2078 μὲν
469 2018 571 2078 ἦρχε
607 2027 899 2080 Δυςνίκητος,
940 2025 987 2068 ἐν
1010 2023 1162 2095 Ῥώμῃ
1203 2025 1248 2068 δὲ
1287 2024 1383 2067 ἀντὶ
1423 2029 1511 2067 τῶν
1548 2023 1730 2067 υπάτων

351 2080 562 2135 χιλίαρχοι
606 2081 935 2151 κατεστάθησαν
977 2079 1197 2135 τέτταρες,
1244 2080 1434 2132 Κόϊντος
1472 2083 1730 2133 Σερουίλιος

268 2143 325 2182 20
352 2136 428 2180 καὶ
467 2137 655 2188 Λεύκιος
700 2137 915 2210 Φούριος,
956 2137 1017 2181 ἔτι
1057 2138 1102 2181 65
1135 2137 1269 2188 Γάϊος
1307 2139 1506 2187 Λικίνιος
1533 2137 1605 2180 καὶ
1638 2136 1754 2180 Πό-«

349 2197 476 2243 πλιος
505 2195 725 2246 Κλοίλιος.
759 2194 827 2238 ἐπὶ
858 2194 903 2237 65
933 2195 1103 2237 τούτων
1137 2197 1330 2249 Θηβαῖοι
1352 2192 1515 2250 μεγάλῃ
1545 2193 1728 2249 δυνάμει

350 2250 687 2306 στρατεύσαντες
714 2249 783 2296 ἐπ’
810 2249 1078 2309 Ὀρχομενὸν
1110 2250 1375 2308 ἐπεβάλοντο
1406 2251 1486 2307 μὲν
1516 2250 1727 2320 ἐξανδραρ-

439 2429 497 2468 47.
546 2432 602 2467 96
637 2432 770 2469 Λακεδ.
795 2432 856 2469 και
879 2431 957 2493 τό]
980 2436 1112 2471 Λακεδ.
1145 2433 1190 2470 τό
1215 2419 1310 2468 ΑΕΚ
1492 2432 1526 2467 6.
1553 2432 1726 2478 κατεκτή-

345 2487 460 2513 σαντο
485 2480 568 2512 Rei
558 2479 668 2513 kius.
699 2480 781 2513 libri
804 2481 1093 2526 κατεστήσαντοε
1118 2482 1151 2516 ei
1172 2477 1393 2534 παραδόξως
1414 2478 1605 2521 praemittit
1626 2479 1656 2512 L

484 2524 518 2557 7.
543 2528 608 2568 τῆς
641 2527 739 2564 ι”διας
772 2525 966 2585 ἀνδρείας]
993 2529 1035 2563 τό
1071 2530 1134 2571 τῆς
1165 2528 1266 2561 ἰδίαν
1298 2523 1453 2568 ἀνδρίας
1475 2526 1506 2559 F
1689 2522 1724 2557 8.

347 2567 530 2613 ἡγεμόνας
554 2572 620 2614 τῆς
640 2569 831 2616 Ἑλλάδος]
854 2586 930 2608 των
948 2572 1133 2616 Ελλήνων
1157 2569 1339 2616 ἡγεμόνας
1362 2572 1390 2605 h
1567 2569 1624 2603 16.
1650 2568 1724 2604 ἐνι-

348 2617 539 2660 αυσιαίου]
564 2616 751 2652 ἐνιαυσίου
775 2619 819 2652 Ηι
959 2619 1093 2665 Ἀθήνῃ
1098 2631 1131 2654 σι
1157 2619 1223 2662 μὲν
1246 2617 1330 2659 ΕΚ,
1365 2616 1493 2650 caetani
1523 2612 1724 2672 Ἀθήνῃσιν

516 2663 572 2696 17.
598 2665 840 2708 Δυςνίκητος]
866 2668 1091 2710 Δνςκίνητος
1113 2666 1182 2707 HQ
1362 2662 1421 2696 18.
1441 2661 1622 2707 τέτταρες]
1647 2660 1725 2696 τέσ-

346 2718 453 2749 σαρες
479 2719 596 2743 omnes
780 2710 836 2744 19.
867 2712 932 2747 καὶ
962 2711 1118 2751 Λεύκιος
1153 2707 1316 2752 Φούριῡς
1349 2719 1417 2742 ⁰¹¹¹·
1452 2709 1481 2742 Λ
1663 2707 1722 2740 2⁰·

347 2753 464 2793 Festos
486 2766 554 2789 0¹¹¹
589 2756 618 2789 A
762 2757 927 2799 Λικίνιος
957 2759 1011 2802 Ε,
1043 2756 1172 2794 caeteri
1203 2756 1390 2794 Λικίννιος
1535 2753 1721 2795 Κλοίλιος]

344 2802 472 2842 Κιλιος
495 2801 590 2845 FIK,
616 2801 744 2837 caeteri
767 2804 921 2845 Κοιλιος
981 2804 985 2809 ’
1093 2803 1151 2839 21.
1173 2804 1310 2848 μεγάλῃ
1334 2798 1505 2846 δυνάμει]
1527 2798 1668 2836 invenit
1688 2799 1720 2832 F
