1820 3249
643 207 762 248 LIB.
811 207 968 249 XVII.
1384 209 1495 251 1581

117 337 265 373 gnoque
305 325 469 372 alloquio
507 328 654 358 recreat
693 320 793 371 [37.].
829 324 1024 371 singularis
1061 323 1259 360 Alexandri
1287 324 1498 359 humanitas

117 383 156 416 in
185 383 290 418 Darii
329 389 508 428 matrem,
539 391 713 424 uxorem,
743 380 899 428 liberos,
930 382 1096 426 pluribus
1126 382 1309 427 descripta
1338 388 1374 416 et
1403 382 1498 415 cele-

117 439 220 474 brata
252 437 352 487 [38.],
390 437 528 473 Darius
557 437 790 482 Babylonem
825 450 863 472 se
892 445 1106 484 receperat,
1135 439 1231 474 unde
1267 449 1334 485 per
1368 439 1494 472 literas

114 497 354 542 aequissimas
389 494 492 540 pacis
529 494 757 527 conditiones
795 495 996 528 Alexandro
1027 495 1174 532 obtulit.
1210 495 1267 530 his
1295 495 1496 541 repudiatis

114 552 226 598 duplo
257 553 437 588 maiorem
465 551 669 584 exercitum
699 552 1006 585 conscribendum
1036 552 1178 586 curavit
1209 549 1310 599 [39.].
1342 552 1493 586 Alexan-

115 609 182 642 der
220 609 329 643 factis
365 619 558 642 caesorum
606 607 797 642 funeribus
838 609 1086 653 recreatisque
1129 609 1309 642 militibus
1353 609 1495 642 bellum

116 666 304 711 Aegyptiis
341 665 482 698 inferre
510 671 629 709 parat.
665 665 754 698 dum
789 676 854 709 per
883 665 1122 699 Phoeniciam
1151 666 1223 699 iter
1251 665 1364 708 facit,
1393 664 1498 709 Tyrii

115 722 309 756 conatibus
337 722 414 755 eius
442 722 600 758 obstant„
630 720 715 754 inde
743 721 833 765 Tyri
863 723 1181 767 oppugnationem
1209 721 1415 755 Alexander
1435 733 1498 768 ag-

114 778 305 825 greditur,
331 779 483 823 antiqua
512 779 610 822 Tyro
637 778 800 823 primum
831 779 955 812 diruta
995 775 1096 826 [4Ο,].
1126 790 1263 824 aggere
1297 785 1497 822 exstructo,

116 836 209 870 dum
241 846 306 869 rex
335 835 420 869 urbi
449 834 732 880 appropinquat,
763 835 867 880 Tyrii
893 835 1017 869 territi
1043 835 1192 877 liberos,
1222 846 1365 876 uxores,
1395 846 1498 868 senes

116 892 381 938 Carthaginem
413 891 716 936 transportandos
752 898 895 926 curant.
929 897 1066 937 augent
1094 898 1279 925 terrorem
1309 890 1402 925 varii
1433 902 1497 936 ge-

115 949 213 984 neris
241 948 412 994 prodigia
453 945 552 995 [41.].
585 958 671 981 mox
708 948 881 991 navibus,
911 949 1128 990 tormentis,
1158 949 1241 982 telis
1271 947 1372 993 Tyrii
1403 947 1501 981 infe-

115 1012 214 1040 stant
242 1006 409 1040 hostem:
438 1005 587 1049 insuper
615 1011 814 1049 tempestas
845 1006 992 1051 aggeris
1022 1012 1164 1050 partem
1193 1005 1327 1039 aufert.
1364 1004 1501 1037 nihilo-

115 1063 238 1096 minus
267 1061 470 1096 Alexander
510 1072 599 1106 opus
640 1068 749 1107 urget
785 1057 884 1110 [42]
921 1063 1038 1096 mirae
1078 1062 1266 1096 varietatis
1303 1061 1499 1095 machinae

116 1119 396 1160 describuntur,
435 1118 568 1163 quibus
596 1118 699 1162 Tyrii
728 1118 892 1152 hostium
920 1119 995 1152 tela
1025 1119 1213 1164 excipiunt
1250 1115 1350 1166 [43.].
1379 1117 1498 1163 clypei

116 1175 249 1210 ahenei
277 1187 389 1209 arena
417 1174 559 1207 fervida
587 1174 720 1218 repleti
751 1181 787 1208 et
816 1174 853 1207 in
881 1174 1002 1209 hostes
1033 1175 1148 1210 missi.
1177 1175 1372 1209 machinae
1400 1174 1498 1219 igni-

114 1232 216 1266 ferae
258 1228 358 1279 [44.].
398 1231 621 1265 Macedones
658 1230 744 1264 fessi
781 1231 971 1265 laboribus
1009 1231 1053 1265 de
1093 1232 1268 1266 solvenda
1310 1231 1498 1266 obsidione

115 1288 268 1322 consilia
308 1288 473 1333 agitant:
516 1287 579 1320 sed
615 1299 680 1321 rex
721 1287 901 1321 obnititur
943 1284 1043 1336 [45.].
1091 1299 1186 1322 novo
1223 1289 1364 1333 impetu
1398 1295 1497 1321 terra

115 1346 286 1390 marique
321 1344 432 1378 simul
462 1343 564 1378 facto
594 1344 797 1377 Alexander
825 1345 902 1389 ipse
931 1346 971 1378 in
1001 1345 1102 1378 urbis
1134 1346 1280 1378 moenia
1310 1345 1495 1379 ascendit:

116 1402 190 1436 alia
218 1407 323 1446 parte
352 1401 446 1435 aries
474 1401 513 1434 in
542 1412 648 1434 muro
678 1401 829 1434 ruinam
860 1401 972 1435 facit:
1002 1402 1128 1447 itaque
1150 1403 1238 1436 urbs
1257 1407 1342 1447 post
1356 1408 1497 1447 septem

116 1470 261 1492 menses
299 1458 456 1503 capitur.
505 1458 736 1502 captivorum
777 1469 966 1494 numerus.
1015 1458 1178 1503 Apollini
1215 1458 1498 1504 philalexandro

117 1522 154 1550 et
191 1515 345 1549 Herculi
382 1525 488 1548 sacra
523 1514 614 1548 facit
651 1527 732 1548 rex:
774 1515 859 1548 urbi
897 1526 1034 1548 novum
1074 1526 1202 1559 regem
1238 1515 1498 1560 Ballonymum

114 1572 287 1619 praeficit
324 1568 424 1618 [46.].
461 1571 711 1605 memorabilis
755 1571 839 1604 novi
879 1572 1078 1616 Tyriorum
1125 1573 1222 1617 regis
1265 1572 1417 1605 fortuna
1463 1576 1502 1604 et

115 1629 272 1676 pristina
300 1628 492 1662 humilitas
524 1624 622 1674 [47.].
654 1630 800 1662 Interea
829 1628 916 1674 Agis
946 1640 1009 1662 rex
1025 1627 1403 1662 Lacedaemoniorum
1431 1637 1499 1673 pro

116 1686 236 1723 Persis
264 1685 304 1719 in
335 1686 484 1719 Cretam
515 1685 782 1728 expeditionem
812 1684 978 1720 fecerat:
1009 1687 1184 1730 Amyntas
1213 1685 1249 1718 in
1282 1687 1500 1730 Aegyptum.

115 1742 252 1778 Graeci
280 1741 511 1783 Alexandro,
541 1753 628 1774 cum
659 1743 797 1775 Gazam
827 1748 1070 1787 oppugnaret,
1100 1741 1145 1774 ob
1175 1741 1371 1775 victoriam
1401 1740 1500 1787 apud

115 1801 234 1834 Issum
263 1810 440 1832 coronam
469 1809 621 1832 auream
652 1799 806 1832 mittunt
838 1795 939 1845 [48.].
975 1804 1180 1844 expugnata
1209 1799 1309 1833 Gaza
1344 1799 1499 1832 Alexan-

117 1857 185 1890 der
212 1856 250 1888 in
284 1857 490 1900 Aegyptum
519 1862 662 1899 movet,
692 1866 785 1901 quae
814 1862 980 1900 pertaesa
1017 1855 1276 1889 crudelitatem
1304 1858 1502 1891 Persarum

118 1913 218 1947 ultro
247 1912 287 1945 in
317 1912 542 1953 deditionem
571 1912 684 1946 venit.
716 1911 815 1944 facta
839 1923 925 1945 cum
948 1912 1216 1957 Cyrenensibus
1245 1912 1408 1945 amicitia
1437 1922 1502 1946 rex

117 1980 232 2015 usque
269 1968 314 2003 ad
352 1968 447 2003 Iovis
478 1968 668 2002 Ammonis
708 1968 851 2013 templa
886 1975 1060 2014 penetrat
1099 1965 1199 2017 [49.].
1238 1969 1502 2002 Ammoniacae

116 2025 282 2071 regionis
319 2026 431 2069 situs,
460 2025 623 2070 templa,
653 2025 790 2070 palatia
828 2030 865 2058 et
894 2025 1150 2059 memorabilia
1183 2021 1283 2073 [50.].
1316 2025 1499 2070 templum

117 2083 195 2117 adit
224 2082 441 2116 Alexander.
491 2082 537 2115 ad
567 2081 769 2127 propositas
803 2082 1032 2127 quaestiones
1070 2093 1162 2127 quae
1191 2093 1364 2127 responsa
1394 2093 1498 2116 acce-

117 2138 215 2186 perit
247 2135 348 2186 [51.].
375 2150 562 2185 regressus
596 2139 633 2172 in
667 2140 874 2184 Aegyptum
904 2150 1038 2172 novam
1077 2139 1209 2172 urbem
1239 2138 1499 2172 Alexandriam

118 2195 277 2230 condere
305 2202 424 2240 parat.
453 2188 540 2229 eius'
558 2194 796 2229 exstruendae
824 2194 908 2229 idea
928 2195 1158 2229 describitur.
1188 2201 1314 2240 postea
1343 2195 1499 2229 Alexan—

119 2252 178 2286 dri
211 2263 435 2286 successores
470 2252 602 2286 urbem
641 2251 800 2285 multum
832 2259 1024 2287 auxerunt.
1069 2251 1125 2285 his
1153 2252 1311 2297 peractis
1340 2252 1498 2286 Alexan-

118 2309 185 2343 der
223 2308 264 2343 in
298 2309 442 2355 Syriam
474 2309 592 2343 movit
624 2305 722 2356 [52.].
761 2309 895 2343 Darius
934 2315 976 2342 ut
1013 2308 1264 2342 Alexandrum
1300 2308 1498 2343 adventare

118 2364 280 2408 audivit,
324 2366 372 2400 ad
410 2377 576 2412 pugnam
613 2365 918 2399 committendam
949 2365 1075 2399 omnia
1105 2365 1266 2402 instruit.
1309 2365 1500 2411 copiarum

118 2433 309 2457 numerus.
338 2423 527 2468 Babylone
554 2422 743 2467 profectus
771 2433 898 2455 versus
926 2422 1068 2455 Ninum
1097 2422 1168 2456 iter
1197 2421 1298 2466 facit,
1319 2428 1355 2456 et
1384 2424 1500 2468 prope

119 2478 255 2513 Arbela
275 2484 395 2512 castra
422 2479 527 2524 ponit
559 2475 658 2526 [53.].
688 2478 731 2512 de
760 2489 857 2512 novo
886 2478 1048 2512 oblatam
1077 2489 1210 2523 pacem
1238 2485 1276 2512 et
1306 2479 1502 2523 promissas

121 2535 350 2569 conditiones
375 2535 616 2580 amplissimas
635 2542 677 2568 ut
697 2535 904 2569 Alexander
932 2535 1103 2580 accipiat,
1132 2535 1327 2569 Parmenio
1356 2536 1498 2571 suadet.

120 2592 184 2626 sed
202 2593 247 2625 iis
267 2591 435 2625 omnibus
452 2592 654 2637 repudiatis
672 2603 736 2626 rex
747 2592 881 2625 infesto
904 2591 1067 2625 exercitu
1085 2592 1202 2626 Dario
1221 2592 1368 2625 obviam
1385 2592 1497 2628 venit.

121 2648 256 2682 coniux
276 2648 381 2682 Darii
409 2649 569 2682 moritur
589 2646 690 2696 [54.].
708 2648 842 2683 Darius
862 2648 1009 2682 instruit
1027 2649 1158 2693 aciem,
1179 2653 1216 2682 et
1235 2649 1427 2682 Mazaeum
1449 2647 1496 2681 ad

119 2704 326 2738 custodiam
353 2704 518 2738 fluminis
548 2700 705 2750 ablegat.
738 2704 935 2738 Alexandri
961 2705 1110 2750 eiusque
1139 2705 1320 2738 exercitus
1338 2716 1406 2749 per
1435 2704 1497 2738 Ti-

119 2761 220 2807 grim
247 2761 419 2796 transitus
446 2761 673 2806 perdifficilis
692 2758 794 2808 [55.].
825 2761 1044 2804 Alexander,
1069 2761 1115 2794 ob
1136 2761 1300 2796 hostium
1329 2759 1499 2794 multitu-

119 2817 245 2853 dinem
264 2817 458 2861 sollicitus,
470 2830 599 2852 somno
612 2825 802 2852 recreatur
821 2814 920 2865 [56.].
936 2817 1186 2853 Macedonum
1208 2818 1305 2852 acies
1320 2817 1500 2851 instructa

1508 523 1588 559 112.

1526 581 1558 616 1.

1513 1770 1592 1804 112.
