1820 3249
305 138 415 181 1264
680 137 796 177 LIB.
828 136 975 178 XVIU.
1035 138 1162 179 cAP.
1191 142 1232 181 8.
1265 143 1306 181 9.

300 249 348 292 ἐν
379 248 499 319 αὐτῷ
527 249 882 300 συντελεσθείσας
910 246 1098 304 πράξεις.
1154 246 1432 304 Λλέξανδρος
1461 251 1544 305 γαρ
1575 253 1679 306 βρα

300 311 366 360 χεῖ
388 305 532 376 χρόνῳ
562 304 775 360 πρότερον
802 309 876 360 τῆς
904 311 1101 375 τελευτῆς
1131 306 1271 361 ε’κρινε
1310 307 1511 359 κατάγειν
1541 307 1677 349 ἅπαν-

301 379 379 414 τας
407 363 511 414 τοὺς
544 363 591 406 ἐν
615 367 708 413 ταῖς
732 361 944 418 Ἑλληνίσι
971 363 1122 406 πόλεσι
1151 344 1384 435 φυγάδας,
1398 364 1485 417 ἅιια
1506 363 1584 418 μὲν
1607 362 1677 406 δό-

192 427 270 465 100
300 421 373 476 ξης
411 420 583 470 ε’νεκεν,
630 418 719 475 ἅμα
756 420 803 464 δὲ
839 419 1108 490 βουλόμενος
1145 421 1260 489 ε’χειν
1287 419 1336 462 ἐν
1364 420 1521 476 ἑκάστῃ
1552 419 1677 463 πόλει

297 476 490 526 πολλοὺς
532 478 672 526 ἰδίους
709 482 802 527 ταῖς
840 475 1033 526 εὐνοίαις
1068 475 1180 531 πρὸς
1217 475 1324 528 τούς
1362 475 1677 545 νεωτερισμοὺς

296 534 370 577 καὶ
397 533 475 584 τὰς
503 531 762 583 αποστάσεις
790 537 880 576 τῶν
904 531 1133 589 Ἑλλήνων.
1183 533 1341 603 διόπερ
1370 531 1582 587 υπογύων
1608 531 1677 575 ὅν-

295 606 383 633 των
411 606 500 633 των
527 589 776 645 Ὀλυμπίων
804 590 1034 644 ἐξέπεμψεν
1060 591 1119 640 εἰς
1147 587 1226 645 τὴν
1243 588 1425 633 Ελλάδα
1446 589 1677 644 Νικάνορα

296 646 373 690 τὸν
393 648 693 717 Σταγειρίτην,
726 646 832 698 δούς
861 646 1095 715 ἐπιστολὴν
1118 647 1215 700 περὶ
1234 651 1310 702 τῆς
1330 647 1544 690 καθόδου.
1573 645 1676 688 ταύ-

295 721 375 772 την
404 703 449 747 δὲ
477 703 735 758 προςέταξεν
764 703 810 745 ἐν
838 707 892 760 τῇ
921 702 1163 757 πανηγύρει
1196 703 1269 746 δια
1296 708 1378 746 τοῦ
1413 703 1676 758 νικήσαντος

295 760 488 816 κήρυκος
519 759 862 815 αναγνωσθῆναι
899 765 991 810 τοῖς
1021 759 1219 829 πλήθεσι.
1277 760 1439 803 τούτου
1478 762 1524 803 δὲ
1553 759 1675 814 ποιή-

297 829 457 868 σαντος
485 816 535 859 τό
565 816 858 870 προςταχθέν,
889 815 1037 871 λαβών
1067 815 1090 858 ὁ
1122 817 1257 870 κῆρυξ
1282 815 1448 869 ανὲγνω
1475 816 1555 887 τήν
1586 815 1673 858 ἐπι-

297 875 422 916 στολ
405 891 456 929 ην
486 873 628 928 τήνδε.
688 873 901 924 Βασιλεύς
925 872 1201 925 Αλέξανδρος
1231 875 1322 924 τοῖς
1352 874 1397 916 ἐκ
1418 877 1507 916 τῶν
1530 871 1676 941 Ἑλλη-

220 939 266 976 10
295 933 432 973 νίδων
461 930 630 974 πόλεων
661 931 839 986 φυγάσι.
906 933 994 972 Τοῦ
1024 946 1102 984 μεν
1120 928 1306 1000 φεύγειν
1322 929 1438 984 υμᾶς
1454 927 1535 984 οὐχ
1554 926 1676 984 ἡμεῖς

297 1004 427 1029 αιτιοι
431 986 719 1056 γεγόναμεν,
750 991 828 1030 τοῦ
860 986 906 1029 δε
935 991 1160 1029 κατελθεῖν
1190 988 1248 1037 εἰς
1278 1003 1354 1036 τας
1385 987 1498 1036 ἰδίας
1525 987 1676 1039 πατρί-

296 1046 375 1095 δας
413 1042 537 1111 ’ἡμεῖς
567 1043 778 1097 ἐσόμεθα
823 1043 938 1099 πλην
966 1047 1054 1085 τῶν
1080 1043 1263 1111 ἐναγῶν.
1320 1042 1598 1097 γεγράφαμεν
1629 1041 1676 1085 δὲ

290 1098 555 1170 Ἀντιπάτρῳ
586 1101 684 1153 περὶ
713 1099 905 1150 τούτων,
945 1100 1065 1151 ὅπως
1093 1117 1170 1150 τας
1200 1098 1258 1154 μὴ
1290 1101 1560 1154 βουλομένας
1587 1103 1676 1141 τῶν

215 1163 267 1205 15
294 1156 465 1201 πόλεων
507 1173 712 1212 καταγειν
750 1155 1000 1226 ἀναγκάσῃ.
1059 1158 1368 1227 κηρυχθέντων
1412 1156 1457 1198 δὲ
1507 1153 1676 1199 τούτων

250 1229 254 1235 ‘
295 1214 465 1284 μεγαλῳ
494 1213 637 1282 κρότῳ
667 1213 925 1283 ἐπεσήμαινε
953 1212 1003 1256 τὰ
1034 1218 1224 1268 πλῆθος·
1257 1211 1570 1267 ἀποδεξάμενοι
1592 1213 1675 1268 γὰρ

297 1273 342 1315 οἱ
361 1289 470 1314 κατα
491 1271 570 1325 τὴν
601 1270 848 1326 πανήγυριν
871 1270 956 1341 τήν
984 1287 1112 1326 χαριν
1139 1273 1221 1313 τοῦ
1252 1271 1463 1323 βασιλέως
1494 1269 1565 1312 διὰ
1594 1269 1673 1339 τὴν

294 1344 435 1383 χαραν
462 1326 695 1383 ἠμείβοντο
724 1327 806 1383 τήν
836 1326 1084 1382 εὐεργεσίαν
1111 1343 1206 1377 τοις
1236 1326 1446 1376 ἐπαίνοις.
1493 1328 1605 1380 ησαν
1627 1323 1670 1368 δ’

295 1386 341 1427 οἱ
386 1384 580 1440 φυγαδες
628 1384 918 1440 ἀπηντηκότες
959 1383 1148 1434 α’παντες
1181 1383 1250 1426 ἐπὶ
1291 1382 1373 1443 τὴν
1412 1381 1672 1451 πανήγυριν,

211 1449 265 1488 20
296 1440 419 1491 ὅντες
457 1443 631 1491 πλείους
665 1444 753 1483 τῶν
789 1441 1042 1511 διςμυρίων.
1099 1457 1143 1484 οι
1179 1457 1257 1494 μεν
1296 1456 1379 1483 ουν
1410 1440 1565 1483 πολλοὶ
1593 1437 1674 1494 τὴν

292 1498 491 1542 καθοδον
520 1502 607 1540 τῶν
637 1497 849 1552 φυγαδων
881 1514 939 1548 ως
975 1494 1042 1540 ἐπ’
1075 1496 1230 1554 αγαθῷ
1260 1497 1493 1552 γινομένην
1524 1493 1673 1539 ἀπεδέ-

291 1571 435 1611 χοντο,
466 1555 657 1597 Αἰτωλοὶ
686 1554 732 1598 δὲ
761 1555 835 1598 καὶ
863 1554 1085 1610 Ἀθηναῖοι
1112 1555 1462 1624 δυςχεραίνοντες
1491 1570 1543 1609 τῃ
1568 1568 1672 1606 πρα·

293 1615 353 1664 ξει
390 1615 584 1682 χαλεπως
622 1611 794 1667 ε’φερον.
852 1611 1040 1655 Αἰτωλοὶ
1082 1611 1184 1666 μὲν
1200 1628 1285 1664 γαρ
1322 1610 1425 1678 τοὺς
1466 1608 1673 1659 Οἰνιάδας

209 1674 264 1718 25
292 1668 596 1737 ἐκβεβληκότες
632 1668 679 1711 ἐκ
710 1672 794 1738 τῆς
834 1671 1041 1721 πατρίδος
1069 1666 1348 1735 προςεδόκων
1378 1667 1457 1722 τὴν
1485 1666 1553 1709 ἐπὶ
1578 1670 1672 1715 τοῖς

289 1725 658 1781 παρανομημασιν
705 1724 1098 1792 ἐπακολουθοῦσαν
1150 1722 1352 1767 κόλασιν·
1406 1723 1478 1767 καὶ
1515 1721 1599 1791 γὰρ
1644 1721 1670 1765 ὁ

290 1782 492 1853 βασιλεύς
528 1781 772 1852 ἠπειληκως
808 1799 864 1836 ην
905 1781 963 1832 ὠς
999 1779 1081 1824 οὐκ
1124 1783 1344 1824 Οἰνιαδῶν
1379 1782 1530 1830 παῖδες
1570 1777 1668 1822 ἀλλ’

291 1837 426 1890 αὐτὸς
467 1838 665 1893 ἐπιθησει
700 1855 780 1893 την
820 1840 947 1894 δίκην
985 1836 1144 1889 αὐτοις
1207 1838 1369 1907 ὁμοίως
1409 1836 1454 1879 δὲ
1497 1835 1671 1886 τούτοις

289 1894 514 1951 Ἀθηναῖοι
543 1912 623 1950 την
645 1894 801 1950 Σαμον
822 1893 1336 1965 κατακεκληρουχηκότες
1355 1891 1560 1947 οὐδαμῶς
1588 1908 1669 1946 την

207 1958 262 1998 30
294 1957 435 2021 νῆσον
471 1951 636 2021 ταύτην
675 1954 904 2006 προῖεντο·
956 1953 1040 1996 οὐκ
1078 1951 1198 2002 ὄντες
1235 1949 1277 1995 δ’
1313 1949 1540 2008 ἀξιόμαχοι
1574 1955 1669 1999 ταῖς

290 2008 455 2052 τούτου
485 2009 709 2063 δυναμεσι,
741 2025 851 2051 κατα
881 2009 960 2063 μὲν
989 2010 1037 2052 τὸ
1068 2008 1214 2062 παρὸν
1230 2007 1415 2077 ἡσυχίαν
1433 2010 1573 2075 ἦγον,
1585 2023 1667 2049 επι-
1678 2011 1746 2049 Ξόἑ

291 2070 523 2122 τηροῦντες
564 2065 721 2120 καιρόν
763 2065 968 2118 εὔθετον,
1021 2065 1072 2109 ὃν
1109 2083 1137 2121 η
1177 2063 1289 2132 τύχη
1319 2063 1490 2133 ταχέως,
1518 2061 1668 2112 αὐτοῖς

234 2128 263 2166 9
293 2123 599 2176 παρεσκεύασε.
665 2138 741 2177 μετ
804 2120 953 2176 ὀλίγον
994 2139 1078 2177 γαρ
1117 2119 1447 2188 τελευτήσαντος
1480 2117 1671 2170 Ἀλεξαν-

293 2183 405 2232 δρου
444 2196 518 2222 και
556 2182 630 2232 τῆς
671 2181 888 2233 βασιλείας
925 2196 1052 2229 υιους
1090 2179 1322 2249 διαδόχους
1361 2175 1443 2219 οὐκ
1473 2174 1669 2232 ἐχούσης,

207 2240 262 2280 35
292 2235 540 2305 ἐτόλμησαν
573 2235 883 2290 ἀντιλαβέσθαι
926 2241 1003 2306 τῆς
1032 2235 1280 2288 ελευθερίας
1308 2234 1381 2277 καὶ
1409 2250 1486 2288 της
1515 2249 1669 2304 κοινης

290 2297 380 2335 τῶν
415 2291 633 2348 Ελληνων
671 2291 918 2348 ηγεμονίας.
978 2291 1184 2349 αφορμὰς
1237 2289 1278 2333 δ’
1326 2291 1452 2345 ἔσχον
1495 2291 1555 2338 εἰς
1589 2290 1670 2333 τόν

289 2349 480 2406 πόλεμον
528 2349 578 2393 τό
623 2365 668 2392 τε
712 2353 880 2406 πλῆθος
918 2352 1007 2393 τῶν
1043 2346 1424 2404 καταλειφθέντων
1462 2344 1548 2402 υφ’
1581 2345 1670 2401 “·Αρ

242 704 267 745 01

378 2542 412 2577 2.
444 2539 636 2588 υπογύων]
661 2538 851 2586 υπογυίων
870 2540 916 2576 W
1053 2541 1086 2576 8.
1119 2538 1340 2585 Ελληνίδων
1364 2538 1519 2583 πόλεων]
1541 2536 1670 2580 Ἐλλή-

284 2600 362 2624 νων
386 2590 453 2634 QT
477 2591 557 2623 Bas.
715 2589 774 2624 15.
821 2586 1061 2634 ἐπεσήμαινε]
1088 2586 1291 2643 ἐπεσήμηνε
1315 2588 1347 2621 Y
1494 2586 1550 2621 17.
1596 2598 1665 2630 την

284 2648 351 2681 χαρ
356 2632 433 2680 αν]
475 2636 558 2669 libri
581 2636 648 2678 τῆς
670 2648 786 2680 χαρας
995 2635 1052 2669 19.
1098 2633 1325 2692 πανήγυριν]
1362 2631 1494 2677 ἑορτήν
1527 2632 1558 2674 Q

284 2728 313 2761 Β
376 2682 433 2717 26.
488 2683 697 2727 Οἰνιαδῶν]
745 2678 937 2717 Οἰνιᾶδων
959 2680 1042 2716 Ιίἰιιὶ
1226 2681 1285 2715 ²8.
1333 2678 1491 2724 Σάμον]
1524 2674 1666 2713 Σάλιον

317 2740 366 2764 as.

373 2786 456 2821 264.
484 2785 542 2820 37.
592 2786 666 2820 τῶν
691 2782 1040 2830 καταλειφθέντων]
1077 2783 1401 2830 καταλειφθέντων
1424 2783 1505 2818 Bas.
