1820 3249
336 114 448 157 145⁰
732 111 853 153 LIB.
876 109 987 153 XIX.
1045 111 1178 154 GAP.
1208 115 1304 156 110.

333 223 553 279 καρπούς,
585 221 906 296 ἀναγκάζοντος
944 225 1026 268 τοῦ
1066 227 1237 280 καιροῦ.
1296 223 1319 269 6
1350 223 1394 269 δ’
1430 222 1628 282 Ἀμίλκας
1654 227 1703 271 τὸ

333 283 412 339 μὲν
445 296 621 354 πρωτον
648 280 850 336 ἐπεχείρει
885 286 1134 336 πολιορκεῖν
1166 298 1247 344 την
1284 281 1442 326 Γέλαν·
1482 282 1705 326 πυνθανό-

333 354 464 395 μενος
501 336 544 382 δ’
574 337 622 382 ἐν
657 341 793 408 ταύτῃ
831 338 905 382 καὶ
935 337 1123 393 δύναμιν
1164 344 1277 382 εῖναι
1317 339 1398 411 τὴν
1427 337 1705 410 ἀμυνομένην

254 401 306 442 10
335 396 410 439 καὶ
437 394 613 440 πάντων
641 393 852 465 εὐπορεῖν
883 394 960 439 τὸν
985 394 1268 450 Ἀγαθοκλέα,
1304 395 1461 466 ταύτης
1490 396 1568 451 μὲν
1599 394 1707 440 ἀπέ-

334 464 412 509 στη
427 455 519 522 τῆς
547 451 772 522 ἐπιβολῆς,
801 468 854 496 τα
884 451 931 496 δὲ
962 451 1160 507 φρούρια
1185 452 1257 495 καὶ
1285 453 1362 504 τὰς
1389 453 1534 503 πόλεις
1561 453 1709 496 ἐπιπο-

333 508 569 580 ρευόμενος
607 508 866 565 προςήγετο,
901 509 977 552 καὶ
1012 513 1145 552 πᾶσιν
1185 509 1335 579 ἐχρῆτο
1366 508 1708 566 φιλανθρώπως,

332 564 654 621 ἐκκαλούμενος
668 568 772 617 τούς
791 564 1054 616 Σικελιώτας
1076 565 1183 618 πρὸς
1203 565 1394 610 εὔνοιαν.
1424 567 1499 610 καὶ
1514 569 1711 622 Καμαρι-

332 627 452 666 ναῖοι
481 622 560 678 μὲν
589 622 663 666 καὶ
682 628 921 673 Λεοντῖνοι,
949 621 1060 677 πρὸς
1090 623 1135 665 δὲ
1163 621 1336 674 τούτοις
1365 627 1608 667 Καταναῖοι
1636 623 1710 667 καὶ

255 681 307 725 15
343 683 685 751 Ταυρομενῖται,
722 683 986 749 παραχρῆμα
1024 678 1234 749 πρέσβεις
1253 679 1542 750 ἐκπέμψαντες
1569 695 1712 734 προς-

336 736 488 780 έθεντο
515 738 845 809 Καρχηδονίοις.
887 733 982 791 μετ’
995 733 1162 807 ὀλιγας
1191 734 1234 778 δ’
1262 735 1424 791 ἡμέρας
1452 739 1499 780 οἳ
1522 753 1566 780 τε
1595 740 1714 779 Μεσ-

338 793 484 862 σήνιοι
512 793 586 837 καὶ
612 793 907 865 Ἀβακαινῖνοι
935 791 1010 835 καὶ
1039 792 1194 861 συχναὶ
1222 796 1310 835 τῶν
1329 792 1499 837 πόλεων
1522 793 1713 863 ἀλλήλας

338 849 597 920 φθάνουσαι
652 850 763 904 πρὸς
811 847 1018 920 Ἀμίλκαν
1067 846 1321 920 ἀφίσταντο.
1396 848 1586 920 τοσαύτη
1620 854 1714 900 τοῖς

338 907 485 976 ὄχλοις
525 906 722 951 ἐνέπεσεν
753 906 867 977 ὁρμὴ
896 905 1002 978 μετὰ
1039 905 1120 962 τὴν
1147 911 1282 977 ἡτταν
1312 905 1384 950 διοὶ
1411 906 1460 950 τὸ
1491 907 1602 977 πρός
1636 906 1715 949 τὸν

254 968 310 1007 20
339 963 561 1018 τύραννον
600 969 738 1020 μῖσος.
799 963 823 1006 6
864 963 906 1006 δ’
933 962 1211 1033 Ἀγαθοκλῆς
1231 978 1469 1020 απαγαγων
1497 963 1577 1020 τὴν
1610 961 1717 1007 ὑπο-

339 1020 621 1076 λελειμμένην
660 1021 851 1076 δύναμιν
900 1021 959 1071 εἰς
998 1019 1293 1090 Συρακούσας
1338 1023 1393 1065 τὰ
1438 1020 1716 1077 πεπονηκότα

338 1081 429 1120 τῶν
465 1081 620 1148 τειχῶν
657 1077 910 1131 επεσκεύαζε
949 1094 1025 1121 και
1064 1076 1144 1120 τὸν
1184 1075 1270 1121 ἀπὸ
1311 1081 1388 1134 τῆς
1423 1078 1565 1135 χώρας
1593 1082 1716 1121 σῖτον

340 1132 595 1204 ἀπεκόμιζε,
639 1134 957 1203 διανοούμενος
999 1137 1075 1189 τῆς
1116 1150 1195 1187 μεν
1238 1133 1405 1186 πόλεως
1443 1136 1523 1190 τὴν
1562 1133 1717 1189 ἱκανὴν

254 1190 309 1235 25
339 1189 568 1234 ἀπολιπεῖν
597 1191 822 1263 φυλακήν,
850 1194 926 1248 τῆς
956 1190 1001 1234 δὲ
1030 1191 1254 1245 δυνάμεως
1281 1193 1374 1261 τήν
1388 1194 1620 1248 κρατίστην
1647 1206 1717 1247 με-

335 1264 483 1319 ταγειν
511 1250 572 1299 εἰς
600 1249 780 1319 Λιβύην
801 1249 876 1292 καὶ
905 1247 1182 1317 μετατιθέναι
1209 1249 1289 1291 τόν
1318 1247 1510 1319 πόλεμον
1542 1251 1602 1299 εις
1639 1248 1718 1317 τὴν

334 1303 519 1361 ἤπειρον
547 1306 595 1349 ἐκ
623 1311 698 1362 τῆς
726 1304 880 1375 νήσου.
923 1303 1046 1376 ἡμεῖς
1078 1305 1124 1348 δὲ
1152 1303 1262 1348 κατὰ
1289 1304 1369 1362 τὴν
1397 1305 1444 1348 ἐν
1474 1303 1587 1363 ἀρχῇ
1608 1303 1719 1360 πρό-

335 1367 463 1406 θεσιν
509 1360 589 1418 τὴν
648 1365 709 1413 εἰς
751 1361 925 1417 Λιβύην
965 1359 1283 1416 Ἀγαθοκλέους
1332 1361 1539 1419 διαβασιν
1581 1361 1721 1419 αρχὴν

338 1418 616 1476 ποιησόμεθα
644 1423 720 1476 τῆς
748 1419 958 1476 ἑπομένης
986 1420 1158 1475 βίβλου.

338 1577 397 1613 13.
420 1576 487 1622 μὲν
511 1578 586 1624 καὶ]
612 1578 676 1616 καὶ
698 1579 783 1614 Bas.
955 1578 1012 1613 16.
1035 1575 1296 1624 Ἀβακαινῖνοι]
1314 1576 1546 1624 Ἀβακηνῖνοι
1569 1579 1602 1613 Τ
1623 1580 1719 1622 Bas„

341 1628 531 1661 Βακινειοι
556 1627 650 1668 VW,
687 1622 894 1672 ἆβακίνειοι
910 1625 940 1659 F
1078 1625 1135 1659 17.
1170 1625 1324 1670 ἀλλήλας
1349 1625 1584 1668 φθάνουσαι]
1606 1623 1721 1683 οἷλλή-

340 1674 422 1712 λαις
447 1673 663 1717 φθονοῦσαι
685 1673 829 1716 Fva
940 1671 997 1705 20.
1001 1667 1219 1716 ἀπαγαγών
1243 1673 1304 1706 TV
1330 1673 1410 1706 Bas.
1416 1673 1568 1714 ,caeteri
1590 1670 1719 1709 ἀπολι-

341 1731 424 1754 πων
607 1718 665 1755 25.
687 1717 942 1765 μετατιθέναι]
963 1719 1183 1763 μεταθεῖναι
1206 1720 1272 1764 W,
1296 1721 1506 1765 μεταθῆναι
1529 1720 1559 1753 V
