1820 3249
445 635 824 677 ΛΙοΛῼΡον
862 634 999 677 Tor
1033 631 1512 701 ΣιΚΕΛΙειΤον
1614 624 1616 627 ’
1674 615 1745 678 '317

286 741 991 790 ΒΙΒΛΙΟΘΗΚΗΣ
1088 741 1190 786 ΙΣ
1219 741 1449 787 TOPI
1478 741 1676 788 ΚΗΣ

533 851 770 887 ΒΙΒΛΟΣ
801 850 1428 885 ENNEAKAIAEKATH.

238 1083 261 1121 1
294 1044 528 1128 Παλαιός
569 1093 634 1128 τις
668 1077 964 1148 παραδέδοται
1007 1076 1140 1133 λόγος
1179 1075 1247 1121 ὅτι
1274 1075 1353 1128 τοὶς
1378 1077 1674 1146 δημοκρατίας

294 1133 375 1189 οὐχ
407 1135 450 1177 οἱ
479 1134 681 1189 τυχόντες
709 1151 797 1177 των
829 1132 1084 1189 ἀνθρώπων
1115 1133 1214 1177 ἀλλ’
1245 1136 1289 1177 οἱ
1318 1139 1412 1185 ταῖς
1439 1132 1675 1202 υπεροχαῖς

239 1195 264 1235 5
294 1190 554 1245 προέχοντες
582 1190 864 1234 καταλύουσι
918 1191 986 1234 διὸ
1013 1191 1087 1233 καὶ
1120 1195 1210 1233 τῶν
1236 1190 1407 1234 πόλεων
1433 1190 1544 1233 ἔνιαι
1567 1206 1674 1240 τους

294 1247 523 1302 ἰσχύοντας
552 1246 738 1317 μάλιστα
767 1252 856 1290 τῶν
884 1246 1250 1316 πολιτευομένων
1253 1247 1584 1290 ὑποπτεύουσαι
1600 1263 1674 1289 κα-

293 1308 534 1357 θαιροῦσιν
563 1303 722 1347 αὐτῶν
765 1304 842 1354 τὰς
870 1303 1135 1358 ἐπιφανείας.
1195 1302 1407 1374 σύνεγγυς
1433 1303 1515 1358 γὰρ
1547 1302 1574 1358 ἡ
1603 1318 1674 1359 με·

294 1361 476 1415 τάβασις
517 1359 630 1403 εἶναι
671 1363 794 1403 δοκει
834 1365 928 1411 τοῖς
970 1360 1017 1403 ἐν
1057 1360 1233 1417 ἐξουσίᾳ
1264 1361 1473 1429 μένουσιν
1501 1360 1568 1402 ἐπὶ
1599 1360 1677 1415 τὴν

215 1423 265 1462 10
295 1422 372 1472 τῆς
411 1419 621 1470 πατρίδος
659 1415 1016 1470 καταδούλωσιν,
1060 1418 1133 1461 καὶ
1171 1404 1380 1486 δυςχερὲς
1408 1415 1678 1471 ἀποσχέσθαι

296 1476 536 1530 μοναρχίας
564 1477 656 1524 τοῖς
686 1473 752 1517 δι’
781 1472 1002 1529 υπεροχὴν
1031 1490 1108 1525 τας
1136 1478 1217 1517 τοῦ
1246 1472 1475 1543 κρατήσειν
1502 1473 1677 1524 ἐλπίδας

294 1529 714 1599 περιπεποιημένοις.
784 1530 981 1585 ἔμφυτον
1032 1531 1117 1586 γάρ
1162 1529 1274 1574 εἶναι
1312 1529 1360 1573 τὸ
1406 1534 1677 1574 πλεονεκτεῖν

294 1593 387 1637 τοῖς
416 1588 625 1641 μειζόνων
659 1585 940 1659 ὀρεγομένοις
969 1588 1041 1630 καὶ
1073 1605 1150 1638 τας
1171 1588 1404 1643 ἐπιθυμίας
1428 1587 1538 1642 ε’χειν
1558 1584 1678 1640 ἀτερ-

295 1647 541 1713 ματίστους.
599 1648 838 1698 τοιγαροῦν
861 1643 1090 1700 Ἀθηναῖοι
1119 1644 1197 1699 μὲν
1226 1644 1297 1688 διὰ
1326 1644 1487 1693 ταύτας
1518 1644 1593 1694 τὰς
1615 1643 1679 1685 αἰ-

215 1704 265 1746 15
296 1704 391 1751 τίας
421 1700 525 1751 τοὺς
554 1700 863 1754 πρωτεύοντας
893 1705 983 1744 τῶν
1013 1705 1204 1744 πολιτῶν
1236 1700 1563 1769 ἐφυγάδευσαν,
1599 1698 1680 1742 τὸν

296 1757 533 1812 λεγόμενον
573 1756 684 1811 παρ’
722 1755 873 1808 αὐτοῖς
917 1757 1257 1813 ἐξοστρακισμόν
1293 1756 1680 1826 νομοθετήσαντες.

298 1815 369 1858 καὶ
395 1815 520 1857 τοῦτ’
545 1813 760 1866 ε’πραττον
792 1812 871 1869 οὐχ
901 1815 974 1856 ι’να
1003 1831 1091 1856 των
1121 1814 1506 1883 προγεγενημένων
1536 1811 1682 1868 ἀδικη-

300 1870 450 1926 μάτων
480 1870 648 1926 λάβωσι
677 1873 906 1926 τιμωρίαν,
938 1868 1035 1914 ἀλλ’
1065 1870 1184 1922 ὅπως
1201 1887 1293 1921 τοις
1316 1870 1578 1924 δυναμένοις
1601 1885 1682 1912 πα-

301 1932 511 1982 ρανομεῖν
552 1927 726 1977 ἐξουσία
765 1927 822 1982 μὴ
851 1927 1028 1981 γένηται
1065 1944 1174 1970 κατα
1213 1932 1289 1982 τῆς
1332 1929 1542 1980 πατρίδος
1588 1926 1680 1977 ἐξα-

216 1990 270 2028 20
301 1988 496 2039 μαρτεῖν.
554 1987 628 2038 τῆς
656 1982 740 2038 γὰρ
770 1982 978 2034 Σόλωνος
1009 1988 1158 2038 φωνῆς
1182 1984 1320 2052 ω’ςπερ
1345 1986 1543 2039 χρησμοῦ
1562 1998 1680 2033 τινος

303 2040 626 2111 ἐμνημόνευον,
676 2040 721 2082 έν
753 2042 818 2089 οἱς
846 2039 943 2093 περὶ
973 2044 1047 2094 τῆς
1079 2039 1392 2096 Πεισιστράτου
1421 2041 1681 2094 τυραννίδος
1734 2045 1737 2047 ’

301 2097 530 2153 προλέγων
559 2096 686 2151 εθηκε
715 2095 814 2138 τόδε
844 2096 892 2139 τό
921 2095 1129 2150 ἐλεγεῖον·

418 2154 593 2205 ἀνδρων
624 2153 669 2195 ἐκ
699 2153 897 2207 μεγάλων
928 2151 1050 2202 πόλις
1080 2152 1269 2201 ὄλλυται,
1302 2154 1361 2204 εἰς
1390 2150 1436 2195 δὲ
1456 2149 1680 2204 τυράννου

211 2214 273 2256 25
476 2211 613 2277 δῆμος
644 2207 790 2277 ἀϊδρίῃ
822 2208 1097 2278 δουλοσύνην
1130 2211 1262 2253 ἔπεσε

298 2266 484 2323 μάλιστα
514 2265 562 2310 δὲ
602 2265 781 2309 πάντων
817 2264 1081 2310 ἐπεπόλασεν
1121 2266 1148 2324 ἡ
1187 2265 1299 2322 πρὸς
1327 2265 1404 2316 τὰς
1441 2264 1681 2321 μοναρχίας

392 2447 474 2483 317.
499 2446 601 2481 inser.
624 2456 695 2480 om.
721 2446 791 2489 W,
815 2450 861 2483 Δ.
889 2448 933 2482 Σ.
957 2447 1084 2494 βίβλος
1111 2448 1154 2483 ιθ
1177 2446 1261 2482 Bas.
1441 2445 1499 2480 1⁰.
1546 2440 1682 2489 ’ὑπερο-

522 2506 540 2526 0
589 2505 610 2526 ν

305 2492 702 2629 κνὴτῐπεῖίἔῖικξ.
724 2583 754 2618 F
866 2538 924 2573 ¹1
939 2533 1638 2630 ιτεριῖῑιοιιεεειῖ]αῑῑεαῖξιῑῑῑ,
1653 2534 1683 2568 ¹²

396 2674 454 2710 14
499 2674 591 2711 ταύτ
576 2634 911 2719 -αςτῖῖξοιαύταςΕ
1095 2676 1152 2712 23.
1198 2673 1414 2722 τυράννου]
1445 2671 1628 2721 τυράννου
1650 2671 1680 2706 Β·

485 2721 541 2756 25.
589 2721 714 2767 ἔπεσε]
740 2721 874 2758 ἔπεσαν
896 2723 958 2758 Fv
