1820 3249
255 96 368 138 13⁰2
597 90 718 132 LIB.
746 90 896 135 XV111.
955 92 1090 136 cAP.
1117 96 1190 137 47.
1218 97 1286 138 48.

258 203 440 249 εὔνοιαν
467 202 517 247 τό
554 218 599 246 τε
627 205 762 271 σωμα
791 202 1014 248 ἀνείλοντο
1043 205 1117 248 καὶ
1145 208 1353 261 λαμπρῶς
1381 203 1636 275 ἐκήδευσαν.

176 267 230 307 10
261 261 401 312 οὕτως
429 259 476 330 ἡ
488 263 583 318 τῆς
593 258 836 315 εὐεργεσίας
862 260 1018 316 φύσις,
1047 260 1165 305 ι’διόν
1193 280 1234 306 τι
1264 265 1450 318 φίλτρον
1480 262 1638 330 έχουσοε

260 318 373 370 πρὸς
400 317 505 367 τούς
534 319 581 360 εὐ
616 316 925 378 πεποιηκότας,
949 317 1218 373 ἀμετάθετον
1248 319 1530 373 διαφυλάττει
1556 335 1638 374 την

262 377 324 426 εἰς
349 373 513 424 αὐτούς
533 373 725 417 εὔνοιαν.
759 373 782 417 6
803 374 847 417 δ’
871 379 954 418 ουν
969 374 1215 430 Ἀντίγονος
1233 374 1507 429 ἀναζεύξας’
1492 392 1539 418 εκ
1565 379 1640 429 τῆς

263 434 493 500 Πισιδικῆς
533 434 743 501 προῆγεν
760 431 829 475 ἐπὶ
861 433 1056 485 Φρυγίας
1093 432 1197 487 μετοὶ
1227 432 1367 503 πάσης
1395 436 1472 490 τῆς
1503 432 1641 475 δυνά-

182 491 234 535 15
264 505 391 559 μεως.
453 504 511 538 ως
552 488 598 532 δὲ
635 487 901 544 κατήντησεν
930 490 988 537 εἰς
1017 491 1204 543 Κρητῶν
1232 489 1383 542 πόλιν,
1429 491 1514 560 ἦκε
1531 489 1641 541 πρὸς

264 544 399 588 αὐτὸν
435 542 743 614 Ἀριστόδημος
778 543 800 588 ὁ
842 543 1058 599 Μιλησιος
1096 544 1379 616 ἀπαγγέλλων
1410 546 1477 589 ὅτι
1504 544 1642 588 Ἀντί-

262 617 427 656 πατρος
463 601 542 655 μὲν
577 599 895 656 τετελεύτηκεν,
939 618 965 656 η
995 601 1040 643 δὲ
1069 605 1158 644 τῶν
1188 602 1302 645 ὅλων
1331 602 1540 658 ἡγεμονία
1568 601 1643 645 καὶ

262 663 352 702 τῶν
381 658 596 727 βασιλέων
631 675 659 713 η
701 658 917 727 ἐπιμέλεια
946 656 1272 710 μεταπέπτωκεν
1301 661 1360 710 εἷς
1389 659 1645 712 Πολυσπέρ-

263 732 402 776 χοντα
425 713 505 758 τόν
533 713 786 758 Μακεδόια.
831 713 980 768 ἡσθεὶς
1010 712 1053 756 δ’
1076 713 1145 757 ἐπὶ
1164 720 1252 766 τοῖς
1271 717 1473 770 γεγονόσι
1492 716 1643 771 μετέω-

180 779 236 819 20
266 789 344 826 ρος
373 788 429 827 ην
457 776 550 822 ταῖς
579 773 742 822 ἐλπίσι,
793 771 866 814 καὶ
896 772 1104 813 ’διενοεῖτο
1134 788 1224 814 των
1253 788 1363 815 κατα
1391 788 1472 828 την
1499 771 1642 814 Ἀσίαν

266 831 440 883 ἔχεσθαι
467 826 757 882 πραγμάτων,
792 827 866 870 καὶ
894 844 970 882 της
1000 827 1098 870 κατ’
1131 826 1269 884 αὐτὴν
1297 826 1529 883 ἡγεμονίας
1561 845 1643 899 μη-

266 885 358 929 δενὶ
399 889 685 942 παραχωρεῖν.
744 885 820 928 καὶ.
856 884 910 927 τοὶ
948 883 1028 939 μὲν
1064 885 1166 940 περὶ
1202 885 1281 929 τόν
1313 884 1565 941 Ἀντίγονον
1595 886 1644 928 ἐν

266 940 440 991 τούτοις
470 957 536 996 ην.

180 1005 239 1043 48
380 997 505 1041 Κατοὶ
536 995 582 1040 δε
610 1013 690 1053 την
707 997 997 1041 Μακεδονίαν
1021 995 1306 1052 Ἀντιπάτρου
1334 996 1645 1052 περιπεσόντος

180 1059 236 1101 25
268 1053 487 1124 ἀρρωστίᾳ
517 1054 760 1110 βαρυτέρᾳ,
801 1055 874 1098 καὶ
903 1057 985 1097 τοῦ
1014 1053 1158 1109 γήρως
1188 1059 1506 1109 συνεργοῦντος
1533 1055 1644 1108 πρὸς

265 1111 347 1167 τήν
391 1109 605 1154 ἀπόλυσιν
632 1116 713 1154 τοῦ
747 1112 869 1166 βίου,
905 1110 1131 1180 Ἀθηναῖοι
1160 1112 1237 1166 μὲν
1269 1112 1509 1167 ἐξέπεμψαν
1542 1126 1644 1165 πρε-

265 1168 450 1224 σβευτὴν
467 1168 588 1238 πρὸς
603 1166 885 1221 Ἀντίπατρον
901 1167 1127 1223 Δημάδην,
1158 1171 1380 1212 δοκοῦντα
1408 1171 1550 1219 καλως
1570 1185 1644 1212 πο-

265 1225 514 1269 λιτεύεσθαι
536 1241 589 1267 τα
619 1225 728 1278 πρὸς
758 1224 861 1274 τοὺς
889 1225 1167 1277 Μακεδόνας,
1199 1224 1421 1277 ἀξιοῦντες
1449 1224 1528 1267 τόν
1554 1224 1644 1267 ’-Αν

267 1283 503 1335 τίπατρον,
540 1281 740 1334 καθάπερ
768 1298 824 1336 ην
850 1281 892 1332 ἐξ
921 1279 1053 1336 ἀρχῆς
1082 1281 1394 1353 ωμολογηκώς,
1422 1281 1645 1337 ἐξαγαγεῖν

185 1344 240 1384 30
270 1338 352 1394 τὴν
380 1354 586 1394 φρουράν
623 1339 670 1381 ἐκ
702 1340 779 1392 τῆς
807 1339 1080 1392 Μουνυχίας.
1139 1336 1164 1381 6
1206 1338 1249 1381 6’
1281 1337 1558 1391 Ἀντίπατρος
1595 1338 1645 1382 τὸ

265 1395 346 1451 μὲν
394 1398 571 1449 πρῶτον
622 1393 834 1445 εὐνοϊκως
885 1394 1067 1437 διέκειτο
1122 1393 1234 1448 πρός
1283 1394 1363 1438 τὸν
1414 1393 1644 1450 Δημάδην,

265 1452 449 1505 ὕστερον
488 1451 535 1494 δὲ
578 1453 827 1521 Περδίκκου
869 1450 1226 1506 τελευτήσαντος,
1272 1452 1347 1495 καί
1379 1468 1513 1494 τινων
1557 1452 1645 1495 ἐπι-

267 1512 436 1579 στολῷν
477 1507 741 1562 εὑρεθεισων
777 1507 827 1556 ἐν
861 1512 953 1558 τοῖς
1000 1510 1243 1577 βασιλικοῖς
1281 1507 1554 1564 γράμμασιν,
1598 1508 1646 1550 ἐν

270 1562 336 1616 οἶς
363 1567 420 1620 ἠν
451 1563 474 1607 ὁ
503 1564 716 1637 Δημάδης
753 1568 1022 1617 παρακαλων
1050 1564 1129 1607 τόν
1138 1567 1409 1636 Περδίκκαν
1437 1582 1546 1608 κατα
1575 1564 1645 1608 τά·

185 1620 239 1664 35
268 1639 345 1678 χος
375 1624 618 1690 διαβαίνειν
649 1624 708 1672 εἰς
728 1637 807 1691 την
823 1620 1052 1677 Εὐρώπην
1082 1619 1148 1664 ἐπ’
1175 1621 1477 1675 Ἀντίπατρον,
1509 1620 1643 1694 ἀπηλ

271 1676 494 1733 λοτριώθη
534 1679 644 1733 πρὸς
675 1676 833 1729 αυτόν,
872 1678 944 1721 καὶ
972 1678 1277 1747 κεκρυμμένην
1290 1678 1446 1746 ἐτήρει
1473 1677 1553 1733 τὴν
1582 1679 1644 1733 ἔ-χ

271 1741 401 1789 θραν
461 1734 611 1791 διόπερ
650 1738 732 1778 τοῦ
755 1734 977 1806 Δημάδου
1016 1734 1127 1778 κατά
1162 1751 1237 1786 τας
1272 1734 1360 1778 ὑπὸ
1389 1739 1471 1778 τοῦ
1501 1734 1644 1806 66510’11

272 1790 505 1847 δεδομένας
534 1792 712 1842 ἐντολὰς
741 1789 1031 1841 ἀπαιτοῦντος
1048 1792 1138 1846 τὴν
1144 1792 1412 1847 ἐπαγγελίαν,
1443 1809 1518 1834 και
1534 1792 1642 1846 παῤ-

187 1854 242 1896 40
268 1849 612 1919 ρησιωδέστερον
649 1847 977 1917 ἀπειλήσαντος
1001 1863 1101 1901 περι
1131 1852 1206 1904 τῆς
1236 1852 1461 1903 φρουροῖς,
1511 1847 1534 1891 ὁ
1565 1865 1644 1903 μεν

268 1903 548 1959 Ἀντίπατρος
578 1903 788 1959 οὐδεμίαν
816 1904 923 1954 δοὺς
952 1902 1186 1958 ἀπόκρισιν
1215 1905 1439 1960 παρέδωκε
1464 1910 1554 1956 τοῖς
1575 1905 1643 1948 ἐπὶ

268 1978 347 2011 τας
383 1963 597 2015 τιμωρίας
641 1961 915 2016 τεταγμένοις
953 1960 1089 2004 αὐτόν
1123 1978 1168 2005 τε
1206 1961 1284 2004 τόν
1317 1961 1533 2021 Δημάδην
1569 1963 1643 2004 καὶ

269 2017 348 2061 τόν
376 2016 477 2060 υἱὸν
504 2018 684 2074 Δημέαν
713 2018 1099 2087 συμπρεσβεύοντα
1126 2022 1189 2074 τῷ
1217 2020 1361 2072 πατρί.
1419 2021 1540 2061 οὑτοι
1563 2018 1643 2073 μὲν

272 2076 355 2117 οὐν
384 2072 650 2130 ἀπαχθέντες
679 2077 739 2125 εις
767 2091 808 2116 τι
840 2075 999 2144 οἴκημα
1017 2072 1184 2125 εὐτελὲς
1206 2074 1550 2129 ἐθανατώθησαν
1570 2074 1644 2117 δια

188 2137 241 2179 45
270 2148 347 2181 τας
375 2131 690 2201 προειρημένας
721 2133 872 2180 αἰ-τίας.
932 2133 956 2174 6
989 2130 1030 2174 6⁷
1049 2130 1331 2200 Ἀντίπατρος
1356 2130 1542 2186 ἐσχάτως
1558 2130 1641 2188 ἤδη

269 2190 540 2242 διακείμενος
576 2187 796 2239 ἀπέδειξεν
834 2186 1092 2257 ἐπιμελητην
1128 2193 1217 2230 τῶν
1253 2188 1467 2244 βασιλέων
1499 2192 1641 2231 Πολυ-

269 2245 510 2326 σπέρχοντα
555 2246 630 2290 καὶ
680 2243 922 2302 στρατηγὸν
963 2242 1293 2301 αὐτοκράτορα,
1340 2244 1642 2301 πρεσβύτατον

359 2416 394 2449 ¹).
442 2413 651 2459 ἀνείλοντο]
696 2412 887 2450 ἀνείλαντο
921 2415 1034 2448 F'lw
1065 2415 1146 2448 Bas.
1332 2415 1388 2448 11.
1437 2415 1509 2458 εἰς]
1547 2414 1642 2459 πρὸς

271 2462 331 2496 FV
337 2462 380 2495 W
571 2461 628 2495 15.
676 2457 926 2505 ἀπαγγέλλων]
955 2459 1170 2506 οἷπηγγείλας
1192 2463 1232 2503 V,
1257 2456 1427 2504 ἐπαγγείλ
1433 2474 1475 2501 ας
1500 2461 1528 2493 F

272 2508 330 2541 17.
379 2506 400 2551 ή
425 2506 629 2553 ἐπιμέλεια]
655 2505 841 2551 ἐπιμέλεια
864 2508 892 2540 F
917 2508 997 2541 Bas.
1170 2507 1227 2541 18.
1275 2506 1558 2552 Πολυπέρχοντα
1583 2508 1643 2539 de-

272 2553 354 2586 hinc
375 2553 479 2587 etiam
501 2554 565 2587 ΧΥ
748 2554 804 2586 2².
854 2550 900 2597 ἦν
932 2564 1001 2586 om.
1030 2553 1060 2586 F
1242 2553 1299 2591 32.
1346 2555 1543 2616 βασιλικων
1567 2564 1626 2595 pos
1613 2556 1643 2587 st

272 2611 404 2641 τινων,
430 2602 520 2643 quod
544 2603 624 2634 ωηο
648 2597 868 2656 εὐρεθεισων
891 2599 987 2655 ponit
1008 2599 1056 2640 F,
1089 2599 1202 2633 delevi
1388 2600 1446 2636 36.
1491 2598 1552 2634 καὶ
1584 2610 1641 2633 κε-

272 2645 482 2690 κρυμμένην
508 2645 626 2692 ἐτήρει
635 2646 649 2691 ]
684 2643 937 2691 κεκρυμμένην
963 2643 1052 2688 ἔχων
1076 2646 1136 2678 Fv
1142 2646 1184 2678 W
1367 2647 1424 2680 42.
1473 2645 1576 2689 Δημέ
1561 2646 1638 2688 avj

271 2694 435 2735 δημαίαν
460 2693 488 2732 F
687 2693 744 2726 46
792 2693 867 2727 τῶν
887 2691 1088 2749 βασιλέων]
1123 2693 1190 2725 τοῦ
1215 2691 1389 2739 βασιλέως
1413 2693 1443 2727 F
1467 2696 1641 2728 correctus

270 2750 375 2782 supra
407 2749 546 2774 versum
731 2738 787 2774 Ἠ.
834 2737 1108 2783 πολυπέρχοντα
1132 2739 1160 2772 F
