1820 3249
535 218 647 272 Lm
676 224 805 268 xvn.
851 214 993 270 ‘CAR
1023 230 1091 269 9ο
1122 212 1549 269 97.1229

170 341 250 399 τήν
265 339 529 410 συγγένειαν
566 324 940 409 ἀνανεωσάμενοι,
979 355 1122 382 παντα
1148 336 1346 394 ποιήσειν
1376 337 1550 395 ἔφασαν

95 414 162 450 235
174 397 278 467 μετὰ
306 397 569 454 προθυμίας,
599 395 659 447 ῶς
685 394 740 438 ἂν
770 400 988 466 συγγενεῖς
1017 395 1150 445 ὄντες
1181 397 1254 439 καὶ
1275 398 1396 451 δῶρα
1415 411 1549 449 προς-

174 454 382 510 εκόμισαν
418 456 730 522 μεγαλοπρεπῆ.
790 452 813 496 6
852 452 897 495 δὲ
921 450 1200 522 Ἀλέξανδρος
1230 450 1548 507 ἀποδεξάμενος
1575 454 1632 494 70

177 511 324 558 αὐτῶν
349 509 429 581 vij
457 508 649 562 εὔνοιαν,
680 508 754 552 καὶ
783 507 859 559 τας
883 507 1028 559 πόλεις
1051 508 1279 560 ἀποδείξας
1298 508 1547 562 ἐλευθέρας,

172 571 365 638 προῆγεν
394 566 460 610 ἐπὶ
489 566 543 610 τὰ
571 567 860 618 συνορίζοντα
889 569 977 608 τῶν
1006 566 1165 609 ἐθνῶν.
1222 565 1481 620 καταλαβων
1503 565 1550 608 δὲ

174 641 280 676 τους
314 622 664 679 ὀνομαζομένους
688 622 963 678 Ἀγαλασσεῖς
990 621 1256 678 ἠθροικότας
1285 621 1442 675 πεζους
1471 636 1550 676 μεν

173 683 574 749 τετρακιςμυρίους,
616 682 756 747 ἱππεῖς
787 679 832 722 δὲ
846 682 1134 749 τριςχιλίους,
1170 677 1369 731 συνάψας
1399 676 1550 727 αὐτοῖς
1579 681 1636 723 75

172 737 312 807 μάχην
337 737 411 780 καὶ
438 735 668 792 νικήσας,
678 737 782 786 τοὺς
811 735 890 791 μὲν
918 738 1145 787 πλείστους
1174 737 1407 788 κατέκοψε,
1445 732 1553 785 τοῦς

173 794 220 838 δὲ
257 793 438 844 λοιποὺς
475 791 788 849 συμφυγόντας
827 794 887 844 εἰς
923 792 998 860 τὰς
1027 795 1211 862 πλησίον
1240 791 1388 843 πόλεις
1419 792 1551 834 ἐκπο-

171 849 411 907 λιορκήσας
452 850 863 920 ἐξηνδραποδίσατο.
932 854 1021 892 τῶν
1061 851 1107 893 δὲ
1150 849 1294 893 ἄλλων
1333 849 1551 916 ἐγχωρίων

173 906 601 960 συναθροισθέντων,
634 908 888 974 διςμυρίους
916 907 995 962 μὲν
1025 904 1358 978 καταφυγόντας
1389 906 1450 956 εἰς
1470 903 1551 947 πό·
1580 909 1636 950 80

174 968 245 1008 λιν
274 963 462 1033 μεγαλην
491 963 602 1007 κατὰ
629 968 786 1017 κράτος
815 960 918 1006 εἷλε·
962 967 1050 1006 τῶν
1089 966 1133 1007 δ’
1167 962 1316 1006 Ἰνδῶν
1359 964 1554 1031 διαφρα-

176 1019 345 1073 ξαντων
374 1020 477 1071 τοῦς
506 1019 766 1071 στενωπούς,
800 1021 874 1063 καὶ
904 1018 990 1063 ἀπὸ
1020 1024 1108 1064 τῶν
1128 1021 1277 1062 οἰκιῶν
1296 1021 1554 1090 μαχομένων

175 1076 416 1130 εὐρώστως,
447 1077 701 1146 βιαζόμενος
730 1076 915 1132 ἀπέβαλε
941 1079 1031 1119 τῶν
1060 1076 1335 1120 Μακεδόνων
1359 1074 1442 1119 οὐκ
1465 1072 1556 1118 ὀλί-

174 1150 292 1190 γους.
304 1139 307 1141 ’
351 1133 424 1176 δια
466 1134 512 1176 δὲ
549 1132 629 1189 τὴν
655 1131 794 1190 ὀργῆν
823 1133 1046 1206 ἐμπρήσας
1074 1149 1154 1189 την
1182 1133 1311 1176 πόλιν
1341 1131 1554 1187 συγκατέ-

173 1201 308 1234 καυσε
335 1191 440 1241 τοῦς
468 1192 716 1240 πλείστους·
761 1193 851 1232 τῶν
883 1189 927 1233 δ’
957 1191 1178 1245 ἐγχωρίων
1204 1193 1293 1233 τῶν
1321 1188 1550 1232 ὑπολειπο-
1580 1193 1637 1238 85

174 1251 224 1303 με
209 1246 318 1290 ἑνων
357 1249 416 1298 εἰς
453 1248 709 1302 τριςχιλίους
748 1246 1058 1317 συμφυγόντας
1096 1248 1157 1298 εἰς
1191 1245 1291 1316 τὴν
1310 1243 1552 1315 ακρόπολιν

173 1304 247 1348 καὶ
277 1302 377 1373 μεθ’
425 1305 653 1359 ἱκετηριῶν
683 1304 916 1370 δεηθέντας
947 1301 1173 1347 απέλυσεν.
1235 1301 1369 1354 αὐτὸς
1398 1301 1444 1345 δε
1473 1300 1551 1344 πά-
1580 1311 1639 1351 9Ί

175 1365 245 1404 λιν
276 1359 382 1430 μετὰ
409 1366 498 1404 τῶν
529 1362 671 1414 φίλων
705 1360 838 1430 ἐμβὰς
868 1362 927 1411 εἰς
956 1359 1034 1411 τὰς
1063 1364 1174 1410 ναῦς
1204 1359 1276 1403 δια
1306 1362 1387 1403 τοῦ
1416 1374 1552 1402 ποτα-

177 1421 285 1487 μοῦ
291 1416 369 1460 τὸν
396 1421 537 1461 πλοῦν
566 1417 751 1461 ἐποιεῖτο
781 1416 902 1472 μέχρι
931 1421 1007 1472 τῆς
1032 1420 1254 1472 συμβολῆς
1282 1421 1371 1460 τῶν
1399 1431 1555 1469 προει-
1583 1425 1640 1465 90

177 1473 378 1544 ρημένων
398 1477 607 1541 ποταμῶν
630 1474 704 1516 καὶ
732 1478 814 1517 τοῦ
838 1473 999 1517 Ἰνδοῦ.
1056 1474 1254 1530 μεγαλων
1284 1474 1332 1517 δε
1365 1473 1556 1529 ῥείθρων

177 1533 236 1582 εἰς
270 1529 347 1573 ε’να
373 1530 511 1573 τόπον
551 1529 883 1584 συῤῥαττόντων
919 1532 1080 1585 ’ίλιγγες
1115 1531 1270 1574 πολλαὶ
1309 1530 1383 1573 καὶ
1420 1532 1559 1586 φοβε-

177 1588 251 1642 ραὶ
280 1589 552 1639 συνίσταντο,
584 1588 656 1631 καὶ
684 1587 736 1630 τὰ
766 1587 912 1643 σκάφη
937 1587 1263 1641 συστρέφουσαι
1288 1587 1556 1654 διέφθειρον.

177 1648 252 1700 τῆς
289 1643 335 1687 δε
372 1648 452 1688 τοῦ
496 1644 709 1699 ῥεύματος
747 1646 846 1699 βίας
885 1644 1023 1697 ὀξείας
1061 1644 1134 1687 καὶ
1170 1645 1369 1699 σφοδρᾶς
1411 1642 1558 1697 οὔσης,

176 1702 250 1745 καὶ
278 1704 354 1756 τῆς
380 1705 470 1744 τῶν
498 1704 779 1756 κυβερνητῶν
808 1701 957 1756 τέχνης
985 1700 1334 1771 κατισχυομένης,
1367 1699 1448 1742 δύο
1479 1699 1559 1754 μὲν
1588 1707 1646 1752 95

176 1758 338 1828 μακραὶ
366 1761 476 1809 ναῦς
504 1758 760 1810 κατέδυσαν,
790 1761 880 1801 τῶν
911 1759 957 1804 ὸε
987 1757 1063 1801 αλλ
1068 1775 1129 1801 ων
1146 1759 1310 1801 πλοίων
1330 1755 1414 1800 οῦκ
1433 1754 1559 1826 ὀλίγα

177 1813 287 1870 πρὸς
324 1813 405 1869 τήν
443 1817 526 1871 γῆν
563 1814 741 1866 ἐξέπεσε.
769 1818 875 1886 τῆς
906 1814 952 1858 δὲ
987 1816 1252 1870 ναυαρχίδος
1280 1811 1559 1871 καταρῥάκτῃ

178 1872 348 1928 μεγάλῳ
378 1871 714 1943 περιπεσούσης,
760 1870 783 1915 6
809 1871 1012 1941 βασιλεῦς
1042 1873 1100 1922 εἰς
1127 1871 1206 1914 τὸν
1237 1872 1429 1940 εσχατον
1431 1872 1556 1939 ἦλθε

179 1929 403 1972 κίνδυνον.
461 1928 529 1971 διὸ
568 1928 643 1972 καὶ
679 1932 760 1972 τοῦ
789 1927 990 1972 θανάτου
1019 1931 1118 2000 πρὸ
1139 1927 1386 1984 ὀφθαλμῶν
1413 1925 1557 1978 ὄντος,
1596 1936 1675 1977 [00

180 1982 204 2028 6
230 2000 320 2054 μεν
354 1983 630 2039 Ἀλέξανδρος
669 1983 941 2056 αποθέμενος
979 1985 1060 2041 τὴν
1101 1984 1265 2041 ἐσθῆτα
1301 1987 1455 2054 γυμνῷ
1495 1986 1560 2042 τῷ

180 2040 347 2096 σώματι
381 2045 457 2112 τῆς
497 2041 780 2098 ἐνδεχομένης
809 2040 1024 2098 ἀντείχετο
1051 2044 1289 2113 βοηθείας·
1331 2058 1374 2085 οι
1405 2041 1451 2085 δὲ
1482 2043 1559 2112 φί-

180 2102 251 2142 λοι
279 2097 599 2153 παρενήχοντο,
633 2099 894 2151 σπεύδοντες
923 2099 1223 2151 ὑποδέξασθαι
1250 2097 1559 2168 περιτρεπομέ-

179 2171 259 2210 νης
287 2159 378 2223 τῆς
389 2171 498 2207 νεως
522 2155 602 2199 τὸν
630 2156 820 2212 βασιλέα.
879 2161 1042 2227 πολλῆς
1071 2157 1118 2201 δὲ
1145 2159 1334 2212 ταραχῆς
1358 2156 1455 2210 περὶ
1478 2154 1558 2210 τὴν

180 2215 295 2255 ναῦν
305 2210 484 2283 οὔσης,
523 2229 598 2256 και
634 2216 725 2257 τῶν
760 2213 840 2268 μὲν
882 2212 1057 2269 ανδρῶν
1093 2212 1466 2268 ἀντιταττομένων
1502 2215 1557 2268 τῇ
1586 2215 1614 2260 5

181 2271 263 2311 τοῦ
293 2266 508 2324 ρεύματος
536 2271 623 2327 βία,
653 2273 734 2314 τοῦ
765 2270 812 2314 δὲ
840 2274 1042 2324 ποταμοῦ
1070 2270 1382 2341 κατισχύοντος
1410 2271 1558 2312 πᾶσαν

185 2322 471 2383 ἀνθρωπίνην
499 2326 699 2371 ἐπίνοιαν
728 2342 774 2371 τε
801 2328 876 2372 καὶ
906 2328 1117 2385 δύναμιν,
1163 2327 1291 2385 μόγις
1323 2324 1346 2371 ὁ
1371 2325 1565 2378 Ἀλέξαν-

279 2505 359 2542 235.
390 2507 448 2543 74.
492 2508 646 2565 πεζονς]
681 2509 907 2554 στρατιώτας
928 2511 981 2553 F,
1005 2509 1134 2553 ffludy
1115 2522 1166 2554 γ.ρ
1195 2508 1232 2543 in
1255 2508 1415 2565 margine
1437 2518 1566 2552 ponens

366 2552 424 2589 77.
470 2555 770 2614 συμφυγόντας]
790 2557 1068 2602 σνμφευγόντας
1091 2557 1120 2590 F
1311 2554 1378 2597 τοὶς
1407 2555 1564 2601 πλησίον

187 2596 281 2631 FLT
304 2599 402 2641 Bas,
408 2600 559 2653 Gospus,
584 2603 711 2638 caeteri
728 2616 773 2640 τα
789 2604 950 2646 σπήλαια
967 2604 1028 2639 καὶ
1047 2602 1097 2642 εἰς
1112 2605 1337 2646 praeponunt,
1364 2612 1453 2645 quae
1472 2604 1565 2635 aste-

188 2644 278 2677 risco
302 2645 434 2680 notavit
455 2646 538 2692 Step
541 2649 652 2683 hanua
835 2650 893 2684 85.
941 2663 1016 2685 των
1040 2649 1190 2682 alterum
1214 2659 1281 2682 om.
1309 2649 1391 2681 Bas.

187 2690 246 2723 87.
295 2661 538 2738 δεηθέντας-Γ
554 2695 765 2739 δεηθέντων
798 2696 828 2731 F
1045 2695 1102 2730 93.
1151 2692 1443 2751 συστρέφουσαι]
1470 2690 1568 2735 στρέ-

189 2747 332 2778 Φθυσᾱι
355 2735 413 2771 Ffi
566 2741 623 2776 95.
653 2742 792 2787 τέχνης]
817 2741 925 2788 τύχης
946 2743 1030 2776 Bas.
1190 2741 1246 2775 99.
1270 2738 1364 2784 ἦλθε
1390 2752 1452 2784 pso
1438 2744 1468 2773 st
1490 2740 1568 2772 κίν-

189 2781 305 2817 δυνον
336 2783 431 2826 ponit
461 2783 492 2818 F
673 2789 874 2844 κίνδυνον]
911 2787 1086 2824 κινδύνου
1112 2787 1140 2820 L
1333 2789 1367 2821 1.
1413 2783 1565 2831 γυμνω]

188 2825 326 2871 Ύιμνός
350 2829 406 2862 FL
596 2832 628 2867 3.
677 2831 791 2870 ὑποδε
780 2834 955 2880 ξασθαι]
992 2834 1030 2870 δι’
1034 2835 1172 2877 ξασθαι
1200 2832 1234 2867 Τ
1263 2832 1346 2866 Bas.
1528 2829 1565 2863 7.

189 2873 321 2919 adm]
343 2873 449 2920 μόλις
472 2876 530 2912 FL
