1820 3249
329 180 413 232 ’962
711 188 826 232 mn.
859 189 949 232 xv.
1003 189 1136 232 GAP.
1169 195 1235 233 16.
1257 194 1323 232 17.

325 302 371 345 65
401 300 573 344 ἐκείνου
602 301 846 357 στρατηγόν
874 300 1144 371 κατέστησαν
1172 301 1252 346 τὸν
1280 301 1383 347 υἱόν
1409 301 1575 374 αὐτοῦ,
1605 304 1707 348 νέον

322 359 401 413 μὲν
429 362 648 410 παντελῶς
674 358 802 413 ὄντα,
842 358 1129 421 φρονήματος
1168 358 1214 403 δ’
1244 359 1450 416 εὐγενοῦς
1488 360 1594 405 ὅντα
1634 378 1707 405 και

322 414 541 469 διάφορον
580 414 771 486 ανδρείᾳ.
842 422 973 467 οὐτος
1011 418 1057 460 65
1100 415 1244 460 πάντα
1287 417 1366 460 τὸν
1401 421 1491 460 τῶν
1532 417 1706 489 ανοχῶν

321 470 482 527 χρόνον
513 472 726 545 διετέλεσε,
748 472 988 516 διατάττων
1025 473 1099 516 καὶ
1135 472 1366 529 γυμνάζων
1392 474 1471 530 τήν
1501 474 1705 531 δύναμιν.

238 535 293 573 90
323 528 395 572 διὰ
422 528 467 572 65
495 533 571 584 τῆς
599 533 688 572 τῶν
713 530 853 585 ἔργων
884 528 1109 601 ἄθλησεως
1137 532 1210 573 καὶ
1230 534 1307 600 τῆς
1336 535 1425 574 τῶν
1453 531 1598 601 λόγων
1627 549 1706 576 πα-

323 584 568 642 ρακλήσεως
606 587 680 629 καὶ
716 588 963 656 γυμνασίας
1005 586 1053 629 ἐν
1097 591 1189 637 τοῖς
1226 586 1380 638 ὅπλοις
1417 586 1598 657 εὐπειθῆ
1632 591 1706 633 καὶ

325 643 515 698 δυνατὴν
547 643 717 699 ἐποίησε
731 643 838 713 τὴν
855 643 1074 713 στρατιάν.
1136 643 1194 694 ῶς
1232 642 1275 687 6'
1316 644 1339 687 6
1369 649 1446 714 τῆς
1475 644 1707 702 ὁμολογίας

326 703 477 755 διῆλθε
506 700 686 755 χρόνος,
717 699 960 773 ἀμφότεροι
989 717 1066 751 τας
1096 700 1300 770 δυναμεις
1329 700 1578 754 ἐκτάξαντες
1607 714 1708 758 συγ-

241 766 296 807 95
326 756 570 813 κατέβησαν
601 758 847 812 προθύμως
880 757 947 800 ἐπὶ
976 756 1055 814 τὴν
1084 774 1238 826 μαχην.
1287 759 1525 829 γενομένης
1553 760 1599 803 δὲ
1628 775 1709 803 πα-

327 814 543 883 ρατάξεως
574 816 754 870 ἰσχυρᾶς
783 815 881 868 περὶ
910 814 959 858 τὸ
988 812 1264 883 καλούμενον
1292 815 1584 871 Κρόνιον,τό
1618 819 1709 860 δαι-

322 870 483 926 μόνιον
522 871 703 923 ἐναλλαξ
741 875 811 941 τῇ
837 873 936 927 νίκη
975 870 1056 927 τὴν
1101 874 1234 926 ἡτταν
1274 876 1363 915 τῶν
1393 875 1710 943 Καρχηδονίων

324 926 624 982 διωρθώσατο.
686 945 728 971 οι
767 927 845 984 μὲν
876 929 959 983 γὰρ
990 928 1354 985 προνενικηκότες
1384 929 1458 972 δια
1492 931 1572 986 τήν
1603 945 1709 985 προ-

321 984 612 1060 γεγενημένην
637 983 872 1055 εὐημερίαν
897 989 1289 1056 μεγαλαυχοῦντες
1299 986 1553 1041 παραδόξως
1578 986 1708 1042 ἐσφά

215 1054 293 1094 100
324 1052 483 1100 λησαν,
529 1044 572 1087 οἱ
611 1043 656 1086 65
699 1042 772 1086 δια
799 1043 878 1098 τὴν
917 1045 1056 1114 ήτταν
1091 1041 1362 1094 πεπτωκότες
1412 1049 1523 1094 ταῖς
1544 1043 1711 1087 ἐλπίσιν

242 1110 294 1148 17
324 1100 656 1157 άπροςδόκητον
683 1100 757 1143 καὶ
786 1097 976 1155 μεγάλην
1007 1098 1242 1155 εὐημερίαν
1273 1099 1589 1156 ἀπηνέγκαντο.
1630 1105 1710 1144 Λε-

325 1161 476 1215 πτίνης
505 1175 582 1227 μεν
610 1160 695 1213 γαρ
725 1157 794 1201 ἐπὶ
823 1157 1016 1211 θατέρου
1045 1158 1182 1226 κέρως
1209 1157 1487 1213 τεταγμένος,
1517 1159 1591 1201 καὶ
1620 1160 1711 1202 δια·

326 1217 475 1271 φέρων
510 1214 713 1270 ἀνδρεία,
756 1213 1002 1270 μαχόμενος
1038 1212 1239 1269 ἡρωικῶς
1272 1216 1344 1257 καὶ
1381 1214 1570 1266 πολλοὺς
1608 1214 1709 1259 ἅνε-

271 1280 295 1322 5
325 1273 415 1318 λῶν
453 1276 542 1315 τῶν
572 1273 907 1344 Καρχηδονίων
919 1271 1145 1327 ἐπιφανῶς
1173 1272 1433 1326 κατέστρεψε
1469 1271 1548 1315 τὸν
1562 1274 1710 1344 βίον·

326 1329 489 1375 τούτου
527 1329 572 1374 65
614 1330 821 1379 πεσόντος
863 1330 907 1371 οἱ
940 1330 1142 1380 Φοίνικες
1171 1328 1474 1384 θαρρήσαντες
1504 1329 1577 1372 καὶ
1604 1332 1710 1400 βια-

328 1387 518 1458 σαμενοι
562 1385 666 1436 τούς
718 1383 1106 1440 αντιτεταγμένους
1149 1385 1396 1440 ἐτρέψαντο.
1467 1385 1713 1438 Διονύσιος

329 1446 373 1490 65
397 1443 446 1487 τό
475 1443 553 1498 μὲν
582 1447 758 1498 πρῶτον
789 1443 898 1498 ἔχων
928 1442 1177 1493 ἐπιλέκτους
1205 1442 1310 1493 τούς
1334 1443 1710 1512 συντεταγμένους

331 1501 549 1556 ἐπροτέρει
579 1505 666 1543 τῶν
697 1499 1088 1570 α’ντιτεταγμένων·
1149 1516 1208 1549 ως
1239 1497 1346 1542 δ’ὁ
1377 1504 1457 1542 τοῦ
1490 1501 1709 1544 Λεπτίνου

250 1567 299 1606 10
328 1558 524 1608 θάνατος
572 1555 770 1613 ἐγνώσθη
819 1557 891 1599 καὶ
941 1556 991 1600 τὸ
1030 1555 1180 1610 ἕτερον
1219 1554 1350 1610 κέρας
1391 1556 1710 1610 συνετέτριπτο,

326 1615 655 1670 κατεπλάγησαν
687 1616 730 1657 οἱ
764 1617 845 1656 τοῦ
876 1614 1119 1656 Διονυσίου
1149 1613 1222 1657 καὶ
1250 1613 1357 1668 πρὸς
1389 1613 1537 1682 φυγὴν
1566 1612 1709 1670 ῶρμη

328 1684 424 1716 σαν.
482 1676 645 1727 τροπῆς
683 1670 729 1714 65
766 1674 1007 1721 παντελοῦς
1035 1669 1296 1726 γενομένης,
1335 1671 1379 1712 οἱ
1420 1670 1500 1725 μὲν
1537 1673 1709 1741 Καρχη-

327 1729 468 1774 δόνιοι
510 1726 847 1784 φιλοτιμότερον
874 1727 1217 1779 καταδιώξαντες
1253 1726 1554 1794 παρήγγελλον
1583 1727 1711 1784 ἀλλη-

246 1791 297 1834 15
326 1791 418 1837 λοις
449 1785 615 1842 μηδένα
643 1789 843 1840 ζωγρεῖν·
875 1782 945 1827 διὸ
975 1784 1045 1826 καὶ
1069 1782 1247 1826 πάντων
1275 1787 1365 1826 τῶν
1393 1789 1710 1853 περικαταλαμ-

325 1843 582 1915 βανομένων
618 1840 951 1912 ἀναιρουμένων
989 1857 1076 1891 πας
1111 1839 1135 1884 ὁ
1166 1842 1351 1910 πλησίον
1379 1840 1513 1892 τόπος
1539 1846 1709 1895 νεκρῶν

327 1897 572 1957 ἐπληρώθη.
641 1902 852 1950 τοσοῦτος
894 1895 939 1941 δ’
981 1896 1154 1967 ἐγένετο
1190 1896 1351 1967 φόνος,
1391 1898 1708 1968 μνησικακούν-

327 1974 415 2000 των
445 1960 532 1999 τῶν
568 1957 814 2007 Φοινίκων,
854 1953 956 2005 ὥςτε
984 1953 1098 2005 τοὺς
1127 1953 1440 2007 ἀναιρεθέντας
1470 1954 1707 2010 εὑρεθῆναι

328 2018 414 2057 τῶν
455 2016 733 2056 Σικελιωτῶν
769 2014 947 2063 πλείους
991 2016 1077 2054 τῶν
1117 2013 1289 2081 μυρίων
1327 2011 1401 2054 καὶ
1446 2028 1706 2066 τετρακιςχι-

244 2078 298 2117 20
329 2071 534 2114 Mum-013
563 2071 608 2113 65
630 2067 981 2124 περιλειφθέντες
1009 2067 1336 2138 καταφυγόντες
1367 2073 1426 2118 εἰς
1447 2067 1525 2140 τήν
1547 2084 1706 2123 παρεμ-

329 2126 465 2198 βολην
494 2130 570 2184 τῆς
596 2126 755 2177 νυκτὸς
784 2125 1087 2181 ἐπιγενομένης
1117 2124 1493 2195 διεσώθησαν.οἰ
1521 2124 1567 2168 65
1591 2128 1707 2198 Καρ-

326 2185 526 2254 χηδόνιοι
557 2183 720 2254 μεγαλῃ
751 2182 986 2237 παρατάξει
1011 2181 1294 2253 νικήσαντες,
1338 2179 1618 2251 ἀνεχώρησαν
1648 2184 1709 2232 εἰς
1739 2184 1742 2185 ’

329 2240 589 2296 Πάνορμον.
655 2239 948 2295 ἀνθρωπίνως
983 2240 1030 2282 65
1072 2239 1159 2311 τήν
1195 2237 1428 2294 εὐημερίαν
1465 2238 1709 2294 ἐνεγκόντες

326 2297 579 2342 απέστειλαν
616 2296 905 2354 πρεσβευτάς,
951 2294 1101 2348 δόντες
1142 2296 1343 2348 ἐξουσίαν
1382 2298 1443 2338 τῶ
1480 2298 1707 2353 Διοιυσίῳ

326 2502 383 2537 88.
409 2500 633 2544 διατάττων]
668 2496 879 2535 διατάσσων
902 2509 1021 2533 omncs
1252 2497 1310 2532 89.
1343 2494 1411 2541 τήν
1445 2494 1633 2540 δύναμιν]
1663 2491 1705 2532 τό

327 2547 575 2594 στρατόπεδον
600 2546 628 2578 L

418 2622 474 2655 16.
499 2621 578 2654 100.
603 2619 708 2667 ταῖς]
742 2622 824 2668 ταῖς
857 2616 896 2651 δ’
929 2619 959 2651 F
1143 2617 1180 2653 8.
1214 2615 1401 2674 ἐπροτὲρει
1434 2612 1702 2658 Wesseh'ngius:

326 2668 407 2702 libri
418 2666 617 2710 προετέρει
666 2705 668 2707 ,
816 2665 870 2699 10.
899 2662 1180 2709 σννετέτραπτο]
1207 2661 1451 2704 α’νετέτραπτο
1479 2660 1534 2692 ve!
1561 2660 1701 2695 συνετέ-

322 2727 450 2758 τριπτο
477 2712 640 2746 Reiskius
744 2707 833 2744 12.
857 2711 1059 2750 παντελοῦς
1081 2710 1236 2747 AFIKL,
1262 2707 1387 2741 caeteri
1412 2707 1598 2746 παντελως

321 2763 376 2796 17.
402 2757 666 2805 ἀναιρεθέντας
690 2753 893 2815 ευρεθῆναι
911 2757 1179 2801 Wesselingius:
1204 2755 1287 2788 libri
1312 2751 1463 2799 εὑρεθέι
1466 2765 1530 2792 τας
1554 2749 1699 2795 α’ναιρε-

319 2809 372 2840 ‘h
367 2821 437 2842 ναι

1744 1046 1784 1079 16
