1820 3249
582 162 694 202 [ΑΒ.
726 160 834 203 XIX.
894 160 1026 202 GAP.
1055 163 1139 204 95.²
1178 180 1181 186 ¹
1421 162 1532 203 1435

171 277 397 321 εἰώθεισαν
435 276 479 318 οἱ
501 274 724 327 περίοικοι
759 276 1002 316 καταντᾶν
1016 274 1060 316 οἱ
1088 272 1167 328 μὲν
1204 271 1533 342 ἀποδωσόμενοι

169 338 257 378 τῶν
286 333 504 404 φορτίων,
537 332 580 374 οἱ
610 329 656 374 δ’
688 328 973 385 ἀγοράσοντές
1009 347 1049 373 τι
1079 334 1166 373 τῶν
1204 328 1353 380 αὐτοῖς
1380 332 1531 387 χρησί-

169 407 285 448 μων,
327 391 386 441 εἰς
403 387 584 459 ταύτην
620 386 948 442 ἐπορεύθησαν,
986 385 1291 438 ἀπολιπόντες
1308 387 1376 429 ἐπί
1415 404 1533 438 τινος

169 449 326 500 πέτρας
364 445 441 496 τὰς
479 444 645 499 κτησεις
682 444 755 487 καὶ
783 443 888 493 τοὺς
925 445 1285 511 πρεσβυτάτους,
1301 443 1362 486 ἔτι
1393 446 1437 487 δὲ
1469 445 1530 487 τέ·
1562 443 1618 486 35

170 521 252 547 κνα
288 503 362 548 καὶ
400 518 620 570 γυναικας.
679 500 727 544 τὸ
768 501 813 544 δὲ
841 503 1004 555 χωρίον
1033 501 1225 556 υπῆρχεν
1263 498 1424 556 ὀχυρὸν
1450 501 1538 572 μὲν

169 558 276 604 καθ’
305 557 576 629 υπερβολήν,
611 556 847 611 ἀτείχιστον
877 558 922 600 δὲ
952 558 1024 600 καὶ
1052 575 1126 613 της
1156 558 1413 628 οἰκουμένης
1436 556 1538 601 ἀπέ-

168 633 247 673 χον
275 618 402 660 δυοιν
431 614 600 671 ἡμερῶν
627 612 748 658 ὁδόν.
808 616 852 657 οἱ
881 616 926 657 δὲ
962 615 1058 668 περὶ
1087 614 1164 658 τὸν
1190 613 1422 668 Ἀθήναιον
1451 630 1539 662 πα-

169 671 486 741 ρατηρήσαντες
514 675 673 714 τοῦτον
712 671 788 714 τὸν
817 671 993 726 καιρόν,
1024 670 1233 727 ὥρμησαν
1263 673 1333 714 ἐπι
1361 673 1439 726 τὴν
1468 671 1537 714 πέ-

167 746 275 783 τραν
305 728 490 783 εὔζωνον
519 729 684 784 ἔχοντες
712 728 789 784 τὴν
818 728 1016 782 δύναμιν.
1064 728 1348 778 διανύσαντες
1377 727 1416 770 δ’
1451 727 1537 771 ἀπὸ·
1569 731 1623 773 40

167 790 244 842 τῆς
268 784 510 842 Ἰδουμαίας
544 787 746 840 ἐπαρχίας
776 785 821 828 ἐν
859 785 1037 840 ἡμέραις
1066 785 1178 837 τρισὶ
1216 786 1288 828 καὶ
1318 785 1415 835 νυξὶ
1444 789 1542 835 ταῖς

168 845 284 894 ι’σαις
313 844 515 892 σταδίους
556 844 786 897 διςχιλίους
821 843 895 885 καὶ
932 845 1213 893 διακοσίους,
1235 839 1397 884 ἔλαθον
1432 840 1538 891 τούς

155 898 352 966 ’Ἄραβας
390 899 489 952 περὶ
527 899 656 955 μέσας
684 899 842 949 νύκτας
881 899 1229 968 καταλαβόμενοι
1251 898 1328 952 τὴν
1360 896 1537 953 πέτραν.

171 954 306 1006 εὐθὺς
344 955 389 999 δὲ
426 959 514 999 τῶν
556 955 951 1011 ἐγκατειλημμένων
992 955 1068 1006 οὓς
1098 955 1175 1010 μὲν
1206 952 1429 1012 ἀνῄρουν,
1462 955 1539 1004 οὓς
1569 957 1622 1002 45

171 1010 217 1056 δ’
245 1011 480 1068 ἐζώγρουν,
510 1012 650 1063 ἐνίους
687 1014 733 1056 δὲ
761 1014 1024 1068 τραυματίας
1052 1011 1295 1056 ἀπέλειπον.
1355 1013 1429 1055 καὶ
1457 1015 1538 1054 τοῦ

170 1085 250 1125 μεν
296 1071 540 1124 λιβανωτοῦ
583 1070 658 1112 καὶ
702 1073 779 1125 τῆς
825 1069 1020 1141 σμύρνης
1067 1068 1440 1112 συνεσκευάσαντο
1485 1067 1538 1112 τὸ

170 1129 321 1168 πλεῖον
359 1125 517 1180 μέρος,
555 1123 770 1197 ἀργυρίου
808 1126 853 1169 δὲ
892 1127 990 1179 περὶ
1036 1125 1299 1169 πεντακόσια
1335 1124 1542 1168 τάλαντα.»

171 1181 523 1251 ἐνδιατρίψαντες
568 1180 610 1225 δ’
658 1181 713 1225 ου’
761 1184 892 1226 πλείω
938 1181 1099 1238 χρόνον
1145 1186 1344 1252 φυλακῆς
1398 1180 1539 1232 εὐθυς

171 1237 442 1291 ἀνέστρεψαν
478 1238 586 1282 κατὰ
636 1237 855 1296 σπουδήν,
906 1238 1273 1295 διαλαμβάνοντες
1311 1237 1419 1282 υπὸ
1449 1243 1539 1281 τῶν
1569 1242 1635 1285 50-

172 1294 410 1351 βαρβάρων
440 1294 771 1352 διωχθήσεσθαι.
829 1298 1112 1346 διατείναντες
1142 1296 1188 1339 δὲ
1218 1297 1423 1346 σταδίους
1453 1297 1543 1338 δια-

172 1354 351 1403 κοσίους
382 1353 882 1407 κατεστρατοπέδευσαν,
919 1352 1040 1404 ὄντες
1077 1352 1318 1397 κατάκοποι
1355 1353 1429 1396 καὶ
1461 1353 1542 1409 ῥᾳ-

94 1408 326 1464 892θύμως
343 1409 520 1479 ε’χοντες
548 1409 601 1452 τοὶ
630 1410 730 1464 περὶ
758 1409 840 1460 τοὶς
864 1409 1084 1465 φυλακάς,
1116 1427 1174 1461 ως
1204 1409 1260 1452 ἀν
1288 1411 1544 1480 νομίζοντες

171 1465 229 1522 μὴ
270 1465 484 1534 πρότερον
525 1465 747 1510 δύνασθαι
783 1467 885 1517 τοὺς
918 1464 1161 1521 πολεμίους
1179 1466 1324 1510 ἐλθεῖν
1355 1468 1482 1509 δυοῖν
1512 1465 1544 1522 ἢ

171 1526 303 1577 τριῶν
331 1521 515 1578 ημερῶν.
573 1525 616 1566 οί
654 1523 697 1567 δ’
716 1523 899 1580 ’Ἄραβες
928 1523 1174 1594 πυθόμενοι
1202 1522 1321 1576 παρὰ
1351 1540 1440 1566 των
1470 1539 1543 1566 εω-
1575 1531 1630 1572 55

172 1578 371 1633 ρακότων
399 1579 447 1622 τό
480 1579 790 1634 στρατόπεδον,
820 1584 1084 1639 παραχρῆμα
1112 1580 1439 1650 ἡθροίσθησαν,
1470 1580 1545 1623 καὶ

172 1635 251 1691 τήν
278 1635 523 1691 πανήγυριν
552 1635 838 1688 ἀπολιπόντες
865 1639 975 1707 ἧκον
1005 1638 1073 1681 ἐπὶ
1101 1637 1182 1692 τήν
1213 1637 1386 1691 πέτραν.
1426 1635 1544 1689 παρὰ

173 1693 219 1735 δὲ
247 1697 335 1736 τῶν
364 1710 643 1764 τραυματιων
674 1693 891 1748 μαθόντες
920 1694 972 1737 τὰ
1002 1693 1236 1750 γεγονότα,
1265 1708 1375 1737 κατα
1407 1704 1545 1736 σπου-

172 1749 255 1805 δήν
284 1749 466 1795 ἐδίωκον
493 1750 598 1801 τούς
615 1749 838 1806 Έλληνας.
880 1755 969 1795 τῶν
1005 1752 1051 1795 δὲ
1079 1751 1178 1805 περὶ
1207 1751 1283 1795 τὸν
1306 1749 1546 1805 Ἀθηναιον

171 1806 634 1861 στρατοπεδευσάντων
672 1808 1126 1876 καταπεφρονηκότως
1160 1809 1234 1851 καὶ
1263 1806 1335 1852 διὰ
1365 1807 1442 1850 τὸν
1471 1806 1546 1850 κό-
1576 1810 1631 1851 60

171 1878 257 1906 πον
286 1864 332 1907 ἐν
366 1862 489 1921 ὕπνῳ
527 1864 835 1922 καθεστώτων,
877 1865 1039 1909 ἔλαθόν
1066 1881 1178 1915 τινες
1205 1881 1301 1910 των
1325 1863 1544 1934 αἰχμαλώ-

171 1935 260 1962 των
298 1909 569 1989 διαδράντες,
608 1919 718 1976 παρ’
760 1923 819 1964 ὠν
857 1924 902 1965 οί
943 1925 1194 1978 Ναβαταῖοι
1232 1921 1448 1977 μαθόντες
1491 1919 1543 1964 τοὶ

171 1975 281 2019 κατοὶ
321 1975 426 2028 τούς
457 1980 718 2049 πολεμίους,
760 1977 964 2023 ἐπέθεντο
1003 1984 1056 2038 τῇ
1097 1980 1404 2050 στρατοπεδείᾳ
1442 1978 1542 2031 περὶ

171 2035 319 2102 τρίτην
357 2035 572 2091 φυλακήν,
602 2034 722 2085 ὄντες
752 2034 835 2079 οὐκ
865 2024 1066 2087 ἐλάττους
1090 2035 1422 2091 ὀκτακιςχιλίων.
1464 2052 1539 2077 και
1572 2037 1626 2079 65

172 2088 276 2143 τούς
302 2092 476 2144 πλείους
503 2093 582 2149 μὲν
610 2108 658 2136 εν
685 2095 780 2144 ταῖς
807 2094 973 2146 κοίταις
1003 2092 1130 2146 ὄντας
1159 2093 1222 2138 ε’τι
1255 2093 1543 2149 κατέσφαξαν,

174 2258 230 2292 31.
263 2259 457 2297 εἱωθεισαν
479 2262 548 2306 W,
574 2264 702 2299 caeteri
728 2262 907 2300 εἰώθασιν
1089 2264 1145 2299 32.
1175 2261 1435 2320 ἀγοράσοντες]
1463 2261 1546 2307 ἀγο-

176 2305 349 2348 ράσαντες
371 2309 402 2342 F
583 2310 639 2344 37.
673 2312 803 2355 δυοῖν]
828 2313 929 2346 δυεῖν
956 2311 1039 2345 Bas.
1221 2312 1284 2344 43..
1310 2323 1443 2352 νυκτας
1465 2311 1544 2345 FW

175 2352 271 2393 Bas„
294 2354 419 2387 caeteri
442 2353 510 2395 τοὶς
531 2353 671 2396 νύκτας
757 2358 813 2391 45.
834 2355 1042 2403 ἀπέλειπον]
1065 2356 1241 2393 ἀπέλιπον
1259 2359 1337 2391 Fw
1350 2359 1432 2391 Bas.

177 2398 235 2432 46.
250 2399 572 2460 συνεσκευάσαντο]
599 2415 844 2440 ανεσκενασαι
848 2417 888 2439 το
915 2405 991 2436 VW
1092 2405 1148 2438 47.
1172 2404 1311 2447 πλεῖον]
1338 2405 1450 2439 πλείω
1465 2404 1546 2438 Bas.

358 2446 441 2488 περὶ
465 2459 533 2482 om.
556 2450 640 2484 Bas.
822 2451 879 2484 49.
905 2449 1154 2496 ἀνέστρεψαν]
1179 2448 1385 2505 ἀνέτρεψαν
1410 2451 1492 2484 Bas.

312 2491 370 2528 52.
393 2492 616 2540 κατάκοποι]
641 2494 868 2532 κατάσκοποι
890 2497 975 2532 Bas.

267 2569 346 2604 392
394 2570 452 2606 54
476 2574 603 2613 δυοῖν]
631 2576 733 2612 δυεῖν
756 2577 789 2610 Τ
813 2578 893 2611 Bas.
1081 2573 1247 2622 ῆμερων]
1281 2574 1464 2622 διάστημα
1489 2574 1551 2609 ad-

177 2615 261 2649 dunt
283 2617 361 2651 FW
499 2621 555 2656 59.
586 2619 803 2668 Ἀθήναιον]
838 2622 1027 2667 ἀθηναῒον
1049 2623 1080 2656 F
1110 2624 1169 2657 hie
1192 2628 1226 2659 et
1258 2624 1349 2657 infra

181 2663 590 2719 στρατοπεδευσάντων]
617 2669 982 2713 στρατοπεδευόντων
1005 2671 1064 2703 Fv
1070 2670 1113 2703 W
1175 2692 1178 2696 ·
1232 2670 1289 2705 62.
1318 2665 1548 2712 Ναβαταῖοι]

182 2708 355 2766 Νῡμᾶδξς
379 2711 438 2754 QV
443 2713 508 2754 W,
534 2718 568 2747 et
592 2715 738 2750 alterum
762 2730 816 2760 γρ.
840 2717 876 2751 in
899 2728 1011 2761 mlrg.
1044 2728 1172 2760 ponens
1195 2717 1225 2750 F
1250 2717 1309 2751 hic
1333 2720 1367 2751 et
1388 2716 1482 2749 infra

179 2739 508 2836 011ξἈΒειεελαττους]
541 2758 679 2797 ἐλάσσω
703 2764 734 2798 Y
757 2763 839 2798 Bas.
830 2787 860 2806 .,
895 2762 1021 2799 caeteri
1051 2761 1227 2804 ἐλάσσους
1411 2761 1470 2814 66.
1498 2756 1551 2793 ε’τι
