1820 3249
361 120 471 164 1452

359 229 420 300 ιγ’.
450 228 684 300 Παράδοσις
712 231 924 300 Κορίνθου
955 231 1023 273 καὶ
1053 236 1262 283 Σικυωνος
1292 235 1538 291 Πτολεμαίω.

274 300 329 340 30
360 287 420 331 ιδ’
451 286 711 342 Κλεοπατρας
741 289 783 330 έν
812 286 1009 343 Σάρδεσιν
1044 286 1181 343 οῗναίρε
1167 305 1256 339 σις

356 343 413 388 ιε’.
443 347 510 395 Ὡς
537 343 783 414 Ἀγαθοκλῆς
815 347 1115 416 Καρχηδονίους
1145 347 1217 400 μὲν
1243 348 1398 399 ἐνίκησε
1429 344 1559 413 μα’χῃ,
1588 344 1655 388 τὸν
1685 347 1728 388 δὲ

466 399 670 454 δυναστην
703 405 776 455 τῆς
812 400 1006 455 Κυρήνης
1035 400 1227 455 Ὀφέλλαν
1264 403 1623 456 μεταπεμψάμενος
1662 404 1729 444 ἐπὶ

464 460 754 513 κοινοπραγίαν
793 460 1012 512 κατέσφαξε
1050 461 1118 501 καὶ
1149 459 1223 513 τήν
1258 476 1352 513 μετα
1379 457 1523 501 τούτου
1556 457 1729 513 δυναμιν

465 515 700 569 παρέλαβεν.

271 580 327 623 35
355 569 416 620 ις’.
443 572 512 621 Ὡς
527 568 798 642 Καρχηδόνιοι
810 572 1013 623 Βομίλκαν
1025 571 1264 623 ἐπιθέμενον
1275 573 1482 626 τυραννίδι
1499 572 1727 613 κατέλυσαν.

355 628 419 681 ιζ’.
448 629 518 678 Ὡς
544 626 829 699 Ἀγαθοκλέους
856 627 1171 680 ἀποπέμψαντος
1201 630 1256 677 εἰς
1274 631 1463 670 Σικελίαν
1490 646 1538 671 τα
1564 627 1805 685 λαφυρα404

468 702 557 727 τινα
579 689 661 726 τῶν
686 686 838 726 πλοίων
856 682 1115 738 έναυαγησεν.

270 747 326 792 40
356 761 418 798 ιη.
447 743 515 791 Ὡς
541 742 724 810 Ῥωμαῖοι
753 745 941 793 Μαρσοῖς
968 740 1040 793 μὲν
1066 740 1384 792 πολεμουμένοις
1407 740 1489 783 υπο
1514 746 1729 794 Σαμνιτῶν

467 795 715 852 ἐβοήθησαν,
744 798 787 839 ἐν
807 796 851 837 δὲ
870 801 922 853 τῇ
948 799 1152 853 Τυρῤηνία
1177 794 1362 850 Καπριον
1386 796 1726 867 ἐξεπολιόρκησαν.

356 853 426 899 ιθ’.
455 857 688 908 Δημητρίου
709 857 782 895 τοῦ
800 857 1067 920 πολιορκητου
1085 852 1309 903 καταπλους
1330 855 1386 903 εἰς
1400 852 1464 896 τὸν
1478 858 1650 910 Πειραιᾶ
1660 856 1729 897 καὶ

466 916 539 964 τῆς
568 912 809 982 Μουνυχίας
838 907 994 960 ἅλωσις.

353 967 398 1011 κ’
424 965 708 1022 Ἐλευθέρωσις
732 965 962 1019 Ἀθηναίων
989 967 1057 1008 καὶ
1087 966 1322 1036 Μεγαρέων.

271 1028 326 1071 45
355 1024 427 1068 κα’.
458 1027 596 1072 Πλοῦς
623 1024 688 1066 έπι
718 1021 888 1076 Κυπρον
908 1025 1140 1076 Δημητρίου
1168 1040 1235 1064 και
1264 1040 1368 1077 μαχη
1391 1022 1491 1078 πρὸς
1515 1023 1728 1066 Μενέλαον

465 1079 536 1123 τὸν
558 1095 774 1134 στρατηγον
797 1081 864 1121 καὶ
883 1085 1109 1133 Σαλαμῖνος
1128 1082 1347 1133 πολιορκία.

353 1135 429 1192 κβ’.
461 1139 676 1190 Ναυμαχία
692 1138 922 1190 Δημητρίου
933 1154 1033 1191 προς
1046 1141 1172 1177 Πτολε
1156 1154 1294 1189 μαιον
1303 1154 1369 1177 και
1381 1138 1471 1189 νίκη
1483 1138 1727 1190 Δημητρίου.

271 1198 326 1241 50
353 1193 428 1250 κγ’.
460 1191 708 1248 Παραληψις
724 1191 899 1249 Κυπρου
924 1210 965 1236 τε
993 1208 1126 1275 πασης
1153 1211 1221 1235 και
1243 1198 1314 1247 τῆς
1341 1197 1586 1247 Πτολεμαίου
1608 1192 1727 1234 δυνα-

464 1267 578 1305 μεως.

351 1306 427 1350 κδ’.
466 1309 534 1356 Ὡς
565 1323 659 1360 μετα
692 1323 766 1359 την
802 1307 920 1358 νίκην
954 1303 1106 1358 ταύτην
1132 1303 1365 1377 Ἀντιγόνου
1395 1305 1464 1347 καὶ
1494 1306 1726 1359 Δημητρίου

461 1363 736 1417 περιθεμένων
764 1360 941 1432 διαδημα
964 1360 1302 1416 ζηλοτυπήσαντες
1321 1364 1362 1404 οἱ
1379 1362 1512 1404 λοιποι
1534 1360 1727 1404 δυνάσται

464 1424 637 1490 βασιλεῖς
661 1416 830 1467 ἓαυτους
856 1417 1140 1473 οἷνηγόρευσαν.

267 1481 321 1524 55
350 1475 418 1520 κε’.
445 1478 514 1527 Ὡς
530 1474 780 1548 Ἀγαθοκλῆς
797 1473 949 1528 Ἰτυκην
970 1474 1281 1532 ἐκπολιορκήσας
1297 1477 1498 1530 διεβίβασε
1518 1474 1634 1530 μέρος
1652 1492 1726 1529 της

463 1531 673 1585 δυνάμεως
695 1535 758 1582 εἰς
773 1549 846 1586 την
865 1535 1064 1574 Σικελίαν.

412 1591 519 1640 ,Ὡς
538 1588 835 1658 Ἀκραγαντῖνοι
856 1588 1177 1644 παραταξαμενοι
1197 1588 1295 1644 πρὸς
1318 1605 1412 1638 τους
1437 1586 1726 1642 Ἀγαθοκλέους

463 1662 705 1717 στρατηγους
727 1644 976 1719 ηττηθησαν.

347 1703 425 1755 κζ’.
459 1705 527 1752 Ὡς
549 1701 793 1770 Ἀγαθοκλης
815 1701 1056 1758 Ηρακλειαν
1085 1702 1162 1774 μὲν
1182 1720 1250 1745 και
1275 1701 1409 1756 Θέρμα
1433 1718 1500 1742 και
1524 1700 1723 1771 Κεφαλοί-

263 1763 318 1803 60
461 1764 550 1802 διον
572 1776 865 1814 προςηγαγετο,
894 1777 968 1813 την
989 1760 1032 1802 δὲ
1049 1766 1131 1803 τῶν
1153 1757 1474 1802 Ἀπολλωνιατῶν
1496 1755 1631 1813 χώραν
1655 1757 1723 1797 καὶ

460 1815 576 1859 πόλιν
603 1819 976 1870 ἐξηνδραποδίσατο.

348 1872 426 1928 κη’.
456 1875 528 1922 Ὡς
552 1871 798 1941 Ἀγαθοκλῆς
822 1875 864 1915 ἐν
884 1875 1047 1915 Σικελία
1068 1874 1268 1930 ναυμαχία
1289 1871 1361 1926 μὲν
1387 1872 1544 1924 ἐνίκησε
1566 1874 1724 1924 Καρχη-

465 1932 649 1981 δονίους,
680 1948 783 1987 μαχῃ
803 1928 841 1971 δ’
858 1916 1201 1997 Ἀκραγαντίνους.

351 1985 433 2030 κθ’.
463 1985 661 2040 Διαβασις
682 1989 738 2035 εἰς
757 1973 921 2040 Διβύην
945 1985 1231 2041 Ἀγαθοκλέους
1252 1983 1294 2027 τὸ
1315 1981 1501 2033 δεύτερον
1522 1984 1589 2024 καὶ
1612 1999 1719 2036 ηττα.

266 2049 319 2091 65
350 2044 395 2086 λ’.
423 2046 481 2085 Αἰ
496 2042 702 2098 γενόμεναι
720 2044 885 2096 ταραχαὶ
905 2060 1003 2084 κατα
1023 2061 1070 2084 τα
1092 2044 1286 2096 ἑκατέρων
1307 2039 1560 2096 στρατόπεδα.
1733 2055 1737 2057 ”

349 2098 421 2143 λα’.
447 2099 736 2154 Ἀγαθοκλέους
757 2098 931 2154 δρασμος
953 2101 1010 2148 εἰς
1029 2102 1229 2140 Σικελίαι.

349 2156 422 2212 λβ.
449 2160 507 2199 Αἰ
523 2155 734 2211 γενόμεναι
755 2157 905 2224 σφαγαὶ
919 2173 1001 2198 των
1022 2159 1272 2197 Σικελιωτῶν
1291 2171 1372 2196 υπο
1388 2151 1690 2206 Ἀγαθοκλέους.

263 2222 318 2260 70
348 2214 416 2271 λγ’.
452 2217 645 2267 Στρατεία
680 2211 906 2269 Ἀντιγόνου
945 2213 1135 2268 βασιλέως
1173 2209 1361 2267 μεγαλαις
1397 2207 1616 2263 δυναμεσιν
1652 2206 1721 2250 ἐπ’

458 2273 681 2326 Αἴγυπτον.

343 2450 402 2485 33.
425 2449 486 2486 καὶ
512 2446 606 2494 τὴν]
629 2449 691 2485 καὶ
714 2449 797 2485 Bas.
949 2447 1006 2484 35.
1032 2451 1110 2492 Βομ
1115 2448 1216 2483 [auom
1239 2447 1333 2489 Bm,
1360 2448 1567 2490 Βορμίλκαν
1591 2446 1717 2480 caetori

527 2496 584 2532 36.
607 2496 833 2540 κατέλυσαν]
865 2497 1080 2530 κατέλευσαν
1085 2461 1353 2538 μῑνεεεθὶίηςίιιε

436 2574 516 2611 404.
561 2575 618 2609 37.
643 2574 954 2632 α’ποπὲμψαντος]
981 2571 1272 2610 ἀποστειλάντων
1296 2573 1343 2606 W'
1525 2571 1582 2605 39.
1607 2573 1718 2626 ῙνῙαρ

344 2622 447 2666 σοῖς]
475 2622 640 2664 Μαρίοις
662 2623 693 2655 Y
725 2623 804 2655 Bas.
858 2618 996 2662 Ἰάπυξι
1018 2621 1065 2654 W
1246 2620 1302 2654 42.
1328 2617 1512 2662 Πειραια]
1543 2617 1716 2660 Πειραιέα

341 2668 389 2701 W
572 2668 627 2703 47.
652 2669 733 2712 νίκη
758 2668 994 2713 Δημη·ρίου]
1021 2678 1112 2710 ηττα
1139 2666 1374 2710 Πτολεμαίου
1399 2665 1477 2709 QW
1659 2663 1715 2696 53.

344 2711 622 2759 ἀνηγόρευσαν]
658 2714 987 2772 προανηγόρευσαν
1019 2713 1065 2765 W
1257 2698 1397 2747 63.τὸ
1442 2708 1616 2755 δεύτερον
1645 2720 1713 2743 om.

342 2761 426 2795 Bas.
607 2761 666 2797 71.
688 2758 757 2797 ἐπ’
765 2760 925 2806 ]εἰς1Ν
972 2776 974 2779 ’
