1820 3249
586 135 704 175 LIB.
736 134 859 176 XVH.
908 134 1036 176 CAP.
1065 139 1131 178 38.
1437 141 1543 182 1171

171 247 447 318 ἐπηγγείλατο
487 245 841 302 προνοήσεσθαι,
891 245 968 289 τὸν
1003 248 1138 290 παῖδα
1179 248 1225 291 δὲ
1262 249 1446 302 θρέψειν
1487 250 1546 301 ὠς

170 304 272 348 υἱὸν
307 306 423 347 ἰ’διον
459 304 532 347 καὶ
572 305 798 369 βασιλικῆς
834 306 960 372 τιμῆς
987 301 1197 355 ἀξιώσειν.
1253 306 1544 359 προςκαλεσά-

170 377 300 415 μενος
333 359 377 404 δ’
411 358 546 403 αὐτὸν
575 377 647 404 και
679 359 894 429 φιλήσας,
926 375 986 410 ως
1015 358 1128 402 εἶδεν
1157 358 1296 411 ἀδεῶς
1324 363 1541 417 βλέψαντα

170 418 244 460 καὶ
282 416 417 472 μηδὲν
461 415 572 467 ὅλως
629 415 978 484 καταπλαγέντα,
1035 415 1144 470 πρὸς
1181 415 1286 468 τούς
1328 420 1429 471 περὶ
1464 420 1541 462 τὸν

165 473 470 542 Ηφαιστιωνα
491 471 608 516 εἶπεν
636 472 703 516 ὅτι
740 472 762 515 6
791 489 893 523 παις
922 469 986 515 ω“ν
1022 473 1065 524 ἐξ
1096 473 1205 516 ἐτῶν
1233 473 1307 516 καὶ
1335 473 1415 530 την
1445 473 1541 529 α’ρε-
1570 474 1624 517 40

168 529 248 586 την
282 527 391 584 ὑπερ
418 528 500 599 τήν
527 527 698 585 ἡλικίαν
726 531 988 584 προφαίνων
1016 533 1162 587 πολλῷ
1202 531 1382 584 βελτίων
1425 531 1542 575 ἐσται

168 590 248 629 τοῦ
291 585 466 654 πατρός.
532 589 632 638 περὶ
671 585 717 628 δὲ
756 589 830 641 τῆς
869 587 1065 638 Δαρείου
1105 585 1314 640 γυναικὸς
1352 587 1426 631 καὶ
1465 592 1541 644 τῆς

165 657 261 696 περι
293 639 429 697 αυτὴν
465 640 726 712 σεμνότητος
753 642 968 696 πρόνοιαν
992 642 1100 692 ἕξειν
1120 642 1293 712 ἔφησεν,
1327 641 1443 695 ὅπως
1464 663 1541 700 μη-

165 698 238 742 δὲν
266 696 443 750 ανάξιον
470 698 593 756 πάθη
622 716 697 754 της
727 699 1098 754 προγεγενημένης
1118 697 1409 754 εὐδαιμονίας.
1440 705 1540 744 πολ-
1570 700 1625 743 45

164 753 219 797 λοὶ
250 754 294 797 δὲ
323 756 396 798 καὶ
426 754 533 798 αλλα
564 755 674 808 πρὸς
696 756 816 798 ἒλεον
841 756 913 798 καὶ
933 757 1273 810 φιλανθρωπίαν
1305 758 1545 812 διαλεχθεὶς

165 811 340 868 ἐποίησε.
368 811 442 860 τὰς
467 816 678 866 γυναῖκας
708 812 780 855 διὰ
815 812 863 855 τὸ
892 813 1076 879 μέγεθος
1096 816 1171 867 τῆς
1188 811 1449 856 ἀνελπίστου
1469 831 1544 881 χα-

166 871 246 920 ρᾶς
283 870 343 917 είς
389 866 652 923 ἄκατάσχετα
698 873 932 921 προπεσεῖν
981 867 1165 922 δάκρυα.
1235 868 1303 912 ἐπὶ
1351 871 1397 923 δὲ
1435 875 1543 913 πᾶσι

164 929 255 975 τοῖς
294 925 627 995 προειρημένοις
667 925 776 974 δούς
823 924 904 979 τὴν
951 923 1115 976 δεξιάν,
1167 923 1222 968 οὐ
1268 924 1409 981 μόνον
1453 926 1540 970 υπό

161 983 252 1023 τῶν
283 982 331 1024 εὐ
369 980 605 1024 παθόντων
641 980 833 1024 ἐπαίνων
868 980 1123 1049 ἐτύγχανεν,
1163 979 1272 1024 αλλοὶ
1311 983 1385 1026 καὶ
1422 983 1539 1037 παρὰ
1570 983 1624 1025 50

164 1041 272 1080 πᾶσι
308 1042 400 1087 τοῖς
437 1037 851 1093 συστρατευομένοις
889 1035 1152 1108 περιβόητον
1182 1038 1273 1093 ἔσχε
1302 1040 1382 1092 τὴν
1412 1038 1544 1093 ὑπερ-

163 1092 300 1150 βολὴν
342 1097 417 1164 τῆς
455 1094 689 1144 ἐπιεικείας.
758 1091 958 1137 καθόλου
998 1093 1040 1136 δ’
1081 1094 1212 1149 ἔγωγε
1241 1098 1400 1150 νομίζω
1441 1102 1543 1140 πολ-

163 1153 254 1192 λῶν
299 1149 372 1193 καὶ
419 1154 568 1194 καλῶν
610 1150 748 1205 ἔργων
791 1148 872 1193 ὑπ’
904 1148 1188 1203 Ἀλεξανδρου
1226 1152 1544 1207 συντετελεσμέ-

162 1222 255 1249 νων
290 1205 426 1262 μηδὲν
461 1205 628 1250 τούτων
665 1211 810 1262 μεῖζον
847 1222 1060 1266 υπαρχειν
1087 1206 1196 1263 μηδὲ
1225 1211 1390 1262 μᾶλλον
1419 1208 1542 1261 α’ξιον

164 1261 422 1330 ἀναγραφῆς
453 1265 526 1306 καὶ
555 1261 722 1319 μνήμης
752 1265 971 1317 ἱστορικῆς
1000 1267 1124 1333 εἰναι..
1183 1265 1229 1306 αἵ
1251 1264 1329 1317 μὲν
1350 1282 1432 1320 γαρ
1452 1270 1541 1309 τῶν
1570 1261 1624 1303 55

163 1317 332 1362 πόλεων
361 1323 611 1373 πολιορκίαι
641 1321 714 1362 καὶ
756 1319 1015 1374 παρατάξεις
1051 1319 1125 1362 καὶ
1161 1319 1295 1363 τάλλα
1335 1321 1388 1364 τὰ
1430 1339 1540 1365 κατα

164 1392 243 1418 τον
279 1376 470 1429 πόλεμον
509 1376 811 1445 προτερήματα
847 1376 899 1419 τὰ
937 1377 1115 1419 πλείονα
1154 1376 1227 1419 διὰ
1257 1379 1391 1433 τύχην
1419 1376 1448 1434 ἢ
1478 1377 1538 1422 δι’

166 1430 340 1499 αρετήν
362 1432 708 1504 ἐπιτυγχάνεται·
754 1431 777 1474 6
816 1430 860 1475 δ’
898 1431 944 1475 ἐν
980 1437 1074 1483 ταῖς
1106 1433 1320 1487 ἐξουσίαις
1349 1437 1409 1485 εἰς
1433 1452 1539 1486 τους

89 1489 182 1530 189’
167 1487 419 1540 επταικότας
455 1488 572 1540 ἕλεος
601 1487 878 1555 μεριζόμενος
913 1488 983 1531 δια
1011 1490 1147 1543 μόνης
1176 1494 1252 1544 τῆς
1282 1490 1540 1562 φρονήσεως
1568 1497 1624 1538 60

164 1546 442 1615 γίνεται.οἱ
479 1550 672 1588 πλεῖστοι
709 1545 794 1607 γὰρ
829 1544 900 1588 διὰ
937 1561 1018 1601 την
1055 1544 1257 1600 εὐτυχίαν
1285 1546 1539 1601 ἐπαίρονται

165 1601 260 1671 μὲν
280 1606 376 1652 ταῖς
413 1601 685 1657 εὐπραξίαις,
724 1600 1006 1657 υπερηφανοι
1045 1601 1094 1645 δ’
1127 1618 1175 1645 εν
1203 1606 1297 1652 ταῖς
1328 1602 1541 1659 εὐτυχίαις

163 1656 388 1727 γινόμενοι
425 1662 500 1713 τῆς
539 1658 823 1713 ανθρωπίνης
869 1659 944 1700 καὶ
981 1662 1132 1727 κοινῆς
1179 1658 1407 1709 α’σθενείας
1453 1661 1540 1703 ἐπι-

103 1725 106 1731 ’
164 1714 483 1758 λανθανονται·
515 1714 582 1758 διὸ
614 1715 684 1758 καὶ
705 1714 807 1765 τούς
836 1716 1064 1764 πλείστους
1094 1714 1206 1768 ὁρᾶν
1235 1716 1322 1758 ἔστι
1351 1716 1432 1771 τήν
1462 1716 1537 1759 ευ’-

159 1773 317 1843 τυχίαν
355 1771 492 1825 ω’ςπερ
532 1789 574 1815 τι
614 1771 728 1828 βαρὺ
769 1773 956 1826 φορτίον
998 1770 1150 1824 φέρειν
1195 1771 1534 1823 ἀδυνατοῦντας.
1567 1771 1622 1813 65

159 1825 437 1881 Ἀλέξανδρος
477 1844 555 1882 μεν
594 1829 695 1878 οὐν,
743 1829 897 1881 καίπερ
932 1831 1112 1879 πολλαῖς
1139 1833 1306 1882 γενεαῖς
1334 1845 1539 1884 προγεγο-

164 1901 254 1934 νως
281 1887 361 1954 τοῦ
389 1883 494 1927 καθ’
525 1883 640 1941 ἡμᾶς
667 1885 781 1939 βίου,
812 1885 1055 1939 τυγχανέτω
1077 1886 1148 1927 καὶ
1166 1884 1284 1938 παρὰ
1307 1892 1395 1928 τῶν
1416 1903 1536 1941 μετα

162 1939 442 1997 γενεστέρων
464 1943 637 1985 δικαίου
675 1941 748 1984 καὶ
789 1941 1032 1995 πρέποντος
1065 1946 1159 1993 ταῖς
1199 1943 1330 1992 ἰδίαις
1369 1941 1540 1997 α’ρεταῖς

163 1998 362 2042 ἐπαίνου.

164 2155 223 2191 35.
267 2153 569 2212 προνοήσεσθαι]
595 2153 883 2199 προνοήσασθαι
905 2154 964 2188 ΡΒ
1124 2156 1242 2190 παῖδα
1266 2154 1331 2199 δὲ]
1359 2154 1398 2190 δὲ
1421 2157 1539 2194 παῖδα

165 2203 197 2236 F
378 2203 436 2237 36.
483 2201 664 2259 θρέψειν]
695 2201 853 2245 θρὲφειν
878 2199 1088 2259 1.,θρέξιει
1111 2202 1191 2234 Bas..
1185 2227 1211 2242 .‚
1245 2202 1392 2243 τρέφειν
1418 2203 1447 2235 F

256 2247 313 2283 38.
360 2245 501 2293 οἷδεῶς]
524 2246 660 2288 ἀτενῶς
682 2249 742 2281 Fi,
925 2247 981 2281 41.
1028 2246 1126 2282 ἔσται
1151 2248 1219 2280 FL.
1244 2248 1372 2281 εἰσίοι-ἰ
1396 2247 1469 2283 ε’στὶ

258 2294 316 2328 47.
364 2298 557 2337 προπεσεῖν
581 2295 630 2337 F,
655 2294 780 2327 caeter}
804 2295 1021 2336 προςπεσεῖν
1203 2293 1258 2327 52.
1306 2293 1471 2329 καθόλου
1498 2292 1536 2330 δ’

168 2337 298 2383 ἔγωγε]
334 2339 502 2376 καθόλου
534 2338 573 2376 δε
605 2340 748 2395 γέγονεν
783 2338 887 2382 ἔργον
919 2341 1030 2373 τοῦτο
1060 2337 1151 2382 μέγα
1191 2340 1253 2374 καὶ
1295 2340 1537 2387 περιβόητον

168 2383 237 2429 ἐγώ
263 2384 303 2420 δε
327 2387 390 2430 QX
573 2386 629 2421 56.
675 2383 788 2421 ταλλα
812 2386 842 2419 F
867 2386 1036 2441 Florileg
1064 2385 1171 2419 huic.
1195 2390 1271 2429 post
1295 2388 1374 2420 Exc
1404 2389 1540 2421 unica-

168 2442 213 2464 na
237 2442 270 2474 p.
295 2431 348 2467 ed.
370 2436 507 2466 nostrae
530 2432 608 2467 145.
631 2431 685 2474 9.
716 2432 844 2466 caeteri
866 2430 912 2466 τοὶ
935 2429 1026 2466 ἄλλα
1220 2431 1276 2466 57.
1325 2431 1413 2478 τὸν]
1446 2434 1540 2467 deest

168 2477 251 2511 Exc.
435 2478 491 2513 59.
539 2479 611 2522 εἰς]
634 2477 726 2523 πρὸς
750 2479 870 2512 eadem

259 2543 340 2579 189.
371 2545 427 2579 62.
463 2545 648 2590 γινόμενοι
670 2548 699 2581 F
724 2546 867 2587 Flora„
893 2545 1019 2580 caeteri
1042 2543 1251 2588 γιγνόμενοι
1388 2545 1443 2580 6-1.
1476 2547 1539 2582 καὶ

168 2588 256 2632 τους
277 2592 467 2632 πλείστους
489 2592 555 2626 ΤΧ
580 2593 674 2636 Bas„
696 2594 764 2627 νῦν
783 2593 843 2628 καὶ
858 2606 944 2632 wv9
960 2596 1016 2626 πλ.
1040 2592 1176 2632 Florum
1200 2590 1260 2625 καί
1281 2593 1351 2625 νῦν
1371 2593 1432 2627 καὶ
1452 2605 1540 2632 τους

168 2639 359 2676 πλείστους
383 2638 422 2679 L,
444 2637 572 2672 caeteri
595 2638 656 2674 καὶ
678 2641 749 2674 νῦν
770 2637 858 2680 τούς
881 2641 1092 2677 πλείστους,
1128 2648 1276 2692 quorum
1301 2637 1369 2671 νῦν
1391 2639 1538 2691 Stepha-

168 2694 233 2717 nus
256 2682 417 2718 asterisco
447 2684 598 2726 notavit,
638 2696 706 2719 orn.
739 2686 868 2742 Cospus
1070 2663 1127 2717 65.
1177 2678 1293 2726 ω’ςπερ
1330 2684 1385 2726 τι]
1420 2681 1539 2726 ω’ςπερ

167 2728 274 2771 Bae..
306 2729 432 2809 FF'Joril·
633 2730 707 2765 69.
754 2729 924 2778 ἀρεταῖς]
966 2729 1143 2774 ἱστορίαις
1173 2729 1269 2762 ΤΧΥ
1305 2729 1388 2763 Bas.
1419 2735 1451 2764 et
1483 2742 1539 2775 γρ

167 2785 292 2821 margo

1161 2834 1261 2873 75*
