1820 3249
553 191 666 235 LlB.
695 190 804 232 ΧΙΧ.
865 189 993 231 CAP.
1023 193 1088 232 26
1119 192 1555 235 211363

185 304 402 378 δύναμιν·
445 294 505 354 ὥς
544 301 591 345 δὲ
628 299 749 354 παρὰ
786 303 875 344 τῶν
913 300 1202 346 κατασκόπων
1239 302 1425 347 ἐπύθετο
1471 305 1553 362 τήν

186 362 474 430 ἀποχώρησιν
492 362 582 402 τῶν
609 357 839 408 ἐναντίων,
877 357 1008 412 γνούς
1048 358 1184 402 αὑτὸν
1213 371 1552 431 κατεστρατηγη-

183 421 340 475 μένον,
378 415 509 460 οὐδὲν
531 409 679 473 ἦττον
714 412 927 468 ἀντείχετο
966 418 1061 485 τῆς
1082 413 1216 472 αὐτῆς
1243 418 1547 470 προαιρέσεως.

177 475 471 542 παραγγείλας
492 473 574 515 οὐν
602 476 695 522 τοῖς
723 469 1004 524 στρατιώταις
1036 468 1359 528 ἀναζευγνύειν,
1386 479 1550 530 προῆγε
1578 481 1633 521 75

179 531 396 576 σύντονον
422 528 501 598 τήν
528 529 711 581 πορείαν
731 527 991 596 ποιούμενος
1020 529 1092 570 καὶ
1122 532 1299 598 διωγμῷ
1328 531 1551 600 παραπλή-

178 601 288 632 σιον.
346 585 607 653 προέχοντος
637 582 680 627 δ’
711 582 941 639 Εὐμένους
971 583 1052 627 δύο
1084 586 1306 640 φυλακάς,
1339 585 1458 640 ὁρῶν
1483 587 1549 631 ὅτι

176 646 436 699 καταλαβεῖν
479 639 532 684 οὐ
571 639 736 711 ῥᾴδιόν
765 640 854 683 ἐστι
890 644 945 697 τῇ
983 642 1166 697 δυνάμει
1201 641 1318 699 πάσῃ
1348 643 1452 694 τούς
1483 661 1550 686 το-

178 705 311 744 σοῦτο
341 697 682 754 προειληφότας,
720 696 924 765 ἐπενόησέ
964 713 1006 740 τι
1034 701 1222 742 τοιοῦτο.
1264 700 1345 754 τήν
1374 700 1452 756 μὲν
1482 699 1550 744 άλ-

174 761 254 827 λην
283 753 472 810 δύναμιν
508 752 734 808 παραδοὺς
764 753 953 797 Πύθωνι
988 753 1215 807 προςέταξε
1249 755 1360 798 κατὰ
1379 758 1548 824 σχολην
1581 765 1635 804 80

176 812 463 864 ἀκολουθεῖν,
503 809 634 862 αὐτὸς
676 810 723 853 δὲ
764 810 870 861 τούς
908 812 1049 861 ἱππεῖς
1065 809 1321 881 ἀναλαβων
1359 810 1551 881 ἤλαυνεν

175 867 262 913 ἀπὸ
293 869 497 924 ῥυτῆρος·
535 868 608 911 καὶ
636 867 895 923 καταλαβων
933 865 1011 922 ἅμ’
1049 866 1188 925 ἡμέρα
1225 868 1305 938 τήν
1335 867 1552 925 οὐραγίαν

177 940 267 969 των
308 926 529 994 πολεμίων
567 925 922 977 καταβαίνουσαν
970 922 1053 966 ἀπό
1101 941 1221 975 τινος
1268 922 1551 981 ἀκρολοφίας,

102 981 346 1052 338ἐπέστη
357 985 451 1031 ταῖς
489 979 766 1034 ἀκρωρείαις,
799 978 990 1049 φανερὸς
1020 979 1083 1023 ὠν
1111 985 1203 1030 τοῖς
1231 980 1554 1033 ἐναντίοις.οἷ
1582 989 1636 1030 85

178 1038 225 1082 δε
254 1037 351 1091 περὶ
376 1037 454 1080 τόν
478 1035 652 1091 Εὐμένη
681 1035 980 1106 θεωρήσαντες
1005 1037 1047 1088 ἐξ
1078 1038 1109 1078 ἱ
1108 1040 1234 1080 ιανοῦ
1265 1038 1553 1094 διαστηματος

177 1110 267 1138 των
294 1094 515 1160 πολεμίων
544 1094 709 1142 ἱππεῖς,
748 1093 822 1135 καὶ
851 1091 1052 1143 δόξαντες
1079 1091 1194 1136 εἶναι
1211 1097 1408 1163 πλησίον
1438 1095 1553 1138 ἅπα-

177 1161 263 1193 σαν
305 1149 384 1205 τὴν
420 1146 634 1218 δύναμιν,
676 1151 753 1202 τῆς
803 1148 881 1218 μὲν
927 1151 1104 1201 παρείας
1148 1149 1350 1219 ἐπέσχον,
1387 1151 1468 1208 τὴν
1507 1152 1553 1196 δὲ

178 1207 386 1260 στρατιάν
415 1204 656 1255 διέταττον,
697 1220 756 1255 ως
785 1202 941 1247 αὐτίκα
969 1209 1044 1260 τῆς
1073 1206 1350 1258 παρατάξεως
1377 1219 1552 1264 γενησο-

178 1262 425 1319 μένης.οῑ
453 1277 533 1316 μεν
564 1263 648 1304 οὐν
675 1259 881 1330 ἡγεμόνες
911 1258 1174 1331 ἀμφοτέρων
1201 1267 1290 1305 τῶν
1319 1265 1553 1318 στρατοπέ-
1578 1273 1635 1312 90

180 1321 271 1363 δων
309 1318 386 1362 τὸν
418 1317 734 1374 προειρημένον
770 1317 935 1371 τρόπον
965 1316 1178 1373 ἀλλήλους
1214 1320 1554 1391 κατεστρατήγη-

181 1387 287 1428 σαν,
326 1374 465 1443 ω’ςπερ
509 1373 905 1444 προαγωνιζόμενοι
955 1375 1056 1443 περὶ
1094 1375 1307 1426 συνέσεως
1343 1378 1416 1420 καὶ
1463 1381 1553 1421 δει-

180 1430 388 1482 κνύοντες
433 1430 502 1474 ὅτι
546 1430 623 1480 τοὶς
672 1430 847 1480 ἐλπίδας
889 1430 936 1473 ἐν
976 1429 1124 1482 αὐτοῖς
1174 1431 1321 1487 ἔχουσι
1365 1434 1443 1489 τῆς
1488 1435 1554 1477 νί-

181 1505 274 1544 κης.
333 1486 358 1530 ὁ
388 1485 428 1530 6’
461 1481 543 1529 οὖν
565 1484 810 1540 Ἀντίγονος
839 1485 912 1528 διὰ
939 1485 1098 1541 ταύτης
1126 1491 1202 1543 τῆς
1232 1488 1425 1558 ἐπινοίας
1451 1490 1553 1534 ἐκώ-

181 1549 284 1589 λυσε
321 1559 400 1612 μεν
445 1542 566 1614 τούς,
597 1544 832 1598 πολεμίους
877 1542 1086 1596 προάγειν
1125 1545 1185 1594 εἰς
1227 1544 1552 1613 τοῦμπροσθεν,
1581 1552 1638 1593 95

184 1601 284 1645 αὖτε
283 1604 304 1643 3
338 1599 384 1644 δε
413 1600 519 1650 6069
547 1598 696 1642 ἄνεσιν
727 1601 809 1655 εἰς
813 1597 862 1641 το
892 1598 1213 1668 προςὸέξασθαι
1241 1599 1323 1656 τήν
1353 1601 1556 1658 δύναμιν,

186 1650 332 1713 ἐπειδὴ
370 1655 419 1699 τὸ
451 1655 745 1710 στρατόπεδον
781 1656 886 1710 ἡκεν
916 1655 1053 1706 ἅπαν,
1093 1657 1282 1708 ἐξέταξεν
1311 1659 1371 1708 εἰς
1398 1659 1555 1716 μάχην,

181 1715 256 1758 καὶ
295 1713 538 1773 κατέβαιτε
556 1711 895 1780 συντεταγμένος
924 1711 993 1755 ἐπὶ
1021 1712 1125 1763 τούς
1161 1715 1394 1783 πολεμίους
1424 1733 1555 1758 κατα-
1586 1752 1612 1781 ⁴)

182 1773 438 1841 πληκτικῶς.
497 1773 580 1824 εἰχε
621 1768 666 1812 δὲ
701 1768 803 1819 τούς
832 1766 1086 1823 σύμπαντας
1123 1769 1207 1812 συν
1234 1775 1326 1822 τοῖς
1355 1771 1428 1814 διά
1458 1772 1555 1816 Πύ-
1586 1752 1667 1848 {go

183 1832 332 1877 θωνος
360 1826 432 1869 καὶ
461 1824 684 1868 Σελεύκου
698 1826 1124 1895 προςγεγενημένοις
1150 1825 1306 1879 πεζοὺς
1326 1844 1413 1897 μεν
1441 1831 1556 1872 πλεί-

187 1899 267 1934 ους
293 1886 383 1926 τῶν
413 1883 650 1937 διςμυρίων
686 1880 1031 1951 ὀκτακιςχιλίων,
1071 1884 1209 1933 ἴππεῖς
1239 1882 1283 1926 δ’
1312 1881 1555 1953 ὀκτακιςχι-

186 1941 308 1990 λίους
335 1939 668 1987 πεντακοσίους,
697 1937 932 1993 ἐλέφαντας
962 1938 1009 1981 δὲ
1038 1937 1242 1994 εξήκοντα
1270 1939 1405 1983 πέντε.
1443 1944 1555 1998 διηλ-

185 1994 417 2065 λαγμέναις
445 1994 490 2038 δὲ
519 1993 753 2049 ἐχρήσαντο
782 1999 876 2045 ταῖς
907 1995 1078 2046 τάξεσιν
1107 1996 1150 2038 οἱ
1177 1998 1428 2064 στρατηγοί,
1458 2000 1556 2041 δια-
1586 2002 1613 2044 5

187 2051 444 2122 μιλλωμενοι
472 2051 546 2093 καὶ
576 2051 674 2104 περὶ
686 2054 776 2118 τῆς
805 2050 851 2093 ἐν
883 2051 1068 2122 τούτοις
1089 2050 1310 2106 ἐμπειρίας
1338 2052 1450 2106 πρὸς
1478 2053 1557 2098 ἀλ-

186 2107 358 2177 λήλους.
416 2105 615 2176 Εὐμένης
652 2122 731 2161 μεν
766 2105 850 2162 γὰρ
884 2107 952 2150 ἐπὶ
989 2111 1068 2151 τοῦ
1097 2111 1226 2151 λαιοῦ
1253 2109 1435 2163 κέρατος
1465 2111 1556 2153 ἔτα-

188 2166 259 2217 ξεν
283 2164 493 2219 Εὔδαμον
512 2162 590 2206 τὸν
617 2163 917 2233 καταγαγόντα
945 2181 1050 2213 τους
1078 2164 1313 2235 ἐλέφαντας
1338 2165 1380 2217 ἐξ
1404 2165 1557 2237 'Iv6n3v

189 2223 341 2289 ἔχοντα
368 2220 418 2264 τὸ
447 2221 542 2274 περὶ
575 2217 710 2263 αὐτὸν
739 2218 883 2276 α’γημα
911 2224 1001 2263 τῶν
1029 2220 1208 2267 ἱππέων,
1233 2219 1374 2265 ὄντων
1402 2222 1557 2267 ἑκατόν

188 2277 480 2348 πεντήκοντα,
509 2274 737 2344 πρόταγμα
766 2277 811 2320 δὲ
840 2275 1008 2320 τούτων
1033 2279 1130 2328 ἴλας
1159 2277 1242 2321 δύο
1274 2278 1559 2350 ξυστοφόρων
1590 2289 1643 2329 10

191 2333 418 2378 ἐπιλέκτων
446 2332 587 2390 βάθος
612 2330 792 2388 ἐχούσας
822 2333 987 2377 ἱππέων
1014 2333 1298 2391 πεντήκοντα.
1356 2337 1429 2379 καὶ
1460 2348 1558 2380 συν·

194 2501 253 2537 77.
277 2502 445 2548 φύλακὰς
462 2507 514 2542 ed.
525 2506 644 2551 Steph.
661 2506 743 2541 Bas.
755 2506 786 2540 F
923 2501 979 2538 79.
1003 2514 1039 2538 τι
1050 2513 1118 2538 om.
1129 2501 1162 2536 T
1180 2502 1263 2541 Bas.
1399 2505 1566 2550 τοιοῦτο]

1299 2560 1350 2584 πα
1378 2561 1402 2584 α

196 2595 371 2629 tomi-ov
387 2596 418 2629 F
552 2598 609 2632 82.
633 2593 864 2655 καταλαβών]
885 2591 1090 2641 περιλαβων
1109 2594 1177 2628 ΤΥ
1190 2594 1286 2636 Bas„
1303 2561 1518 2640 καξαλαβων
1535 2595 1566 2627 F

288 2640 367 2674 338.
401 2640 458 2675 88.
506 2640 675 2688 ἐπέσχον]
717 2642 839 2685 ἐπέσχε
870 2642 932 2675 Fv
1133 2641 1341 2695 διέταττον]
1373 2642 1566 2676 διέτασσον

198 2696 317 2720 omnes
496 2689 552 2722 91.
600 2687 955 2746 κατεστρατήγησαν]
983 2685 1386 2732 καταστρατηγήσαντες
1411 2688 1439 2719 F

198 2731 256 2765 93.
280 2729 316 2776 ἕχ
319 2742 400 2767 ουσι
415 2732 513 2766 wass
500 2734 678 2789 eelingius.
703 2735 786 2769 libri
806 2744 998 2778 αντεχουσι
1144 2732 1179 2767 3.
1210 2735 1470 2772 πεντακοσίους
1493 2742 1564 2765 om.

198 2777 228 2809 V
408 2778 441 2812 7.
489 2778 691 2834 Εὔδαμον]
713 2781 876 2835 εὕδημον
900 2781 943 2821 F,
965 2782 1007 2812 ut
1030 2788 1194 2823 omnesp
1197 2779 1312 2814 .351.
1339 2778 1396 2813 15.

198 2823 255 2858 1⁰.
303 2823 417 2865 εἴλας]
444 2822 522 2866 ἴλας
544 2826 604 2860 hic
626 2830 660 2862 et
683 2831 802 2871 postea
825 2826 931 2862 etiam
957 2824 1020 2859 Fv

1177 2876 1290 2921 87*
