1820 3249
356 168 466 208 1028
739 163 859 203 LlB.
880 161 971 205 XV.
1016 162 1150 205 GAP
1169 167 1238 207 86
1257 167 1326 207 87.

354 292 530 332 πρωτον
554 275 696 349 μάχην
729 277 929 330 συνῆψαν
958 272 1166 330 οὐδεμίαν
1191 274 1327 346 φειδώ
1357 273 1616 345 ποιούμενοι
1643 277 1724 318 τοῦ

271 340 327 376 20
356 339 441 391 ζῆν.
496 334 568 377 καὶ
604 333 654 376 τὸ
685 332 762 385 μὲν
800 335 977 383 πρῶτον
1013 331 1246 383 τύπτοντες
1283 330 1496 386 αλληλους
1534 335 1624 381 τοῖς
1653 330 1724 374 δό-

357 402 483 445 ρασι,
523 390 597 433 καὶ
626 388 697 431 δια
727 386 808 442 τὴν
836 386 1084 457 πυκνότητα
1112 392 1201 430 τῶν
1239 391 1420 458 πληγῶν
1455 387 1509 431 τοὶ
1547 391 1726 430 πλεῖστα

355 448 694 500 συντρίψαντες,
733 446 791 493 εἰς
819 442 899 486 τόν
927 442 1012 487 ἀπὸ
1041 449 1116 500 τῆς
1144 447 1355 514 μαχαίρας
1394 442 1544 499 ἀγῶνα
1573 441 1727 498 κατήν-

354 515 504 573 τησαν.
575 498 917 569 συμπλεκόμενοι
961 500 1007 543 δὲ
1052 505 1144 551 τοῖς
1188 500 1354 556 σώμασι
1399 501 1473 543 καὶ
1517 503 1727 548 παντοίας

271 559 325 600 25
356 559 571 608 διαθέσεις
610 556 871 611 τραυμάτων
918 555 1257 612 ἀπεργαζόμενοι
1305 562 1397 608 τοῖς
1441 560 1604 611 θυμοῖς
1643 553 1726 598 οὐκ

355 619 530 672 ε’ληγον·
573 613 641 656 ἐπὶ
669 612 811 655 πολύν
841 612 886 655 δὲ
903 613 1077 681 χρόνον
1104 618 1196 665 τοῖς
1229 616 1388 664 δεινοῖς
1415 610 1724 682 ἐγκαρτερούν-

353 689 442 716 των
473 670 543 715 δια
579 685 658 724 την
698 667 947 739 ὑπερβολὴν
984 674 1058 724 τῆς
1099 669 1207 723 παρ’
1236 669 1468 739 ἑκατέροις
1510 668 1726 735 ἀνδραγα-

354 731 456 779 θίας
486 726 695 780 οὐδεμίαν
727 725 868 795 ῥοπην
898 724 1192 782 ἀνελάμβανεν
1220 724 1247 782 ἦ
1272 725 1398 782 μάχη.
1441 726 1619 775 ε’καστος
1643 724 1725 778 γὰρ

354 789 434 828 τοῦ
474 788 634 826 παθεῖν
668 797 710 825 τι
748 781 894 825 δεινὸν
923 786 1236 853 καταφρονῶν,
1283 787 1365 825 τοῦ
1407 782 1453 825 δὲ
1492 782 1651 835 δρᾶσαί
1688 796 1729 823 τι

274 842 327 880 30
356 840 557 894 λαμπρὸν
596 839 843 895 ἐφιέμενος,
889 837 1074 908 εὐγενῶς
1111 838 1336 907 ἀνεδέχετο
1374 838 1450 881 τὸν
1500 837 1609 890 υπὲρ
1634 839 1727 906 τῆς

357 897 484 952 δόξης
511 895 719 939 θάνατον.
779 896 958 950 ἰσχυρᾶς
986 895 1032 939 δε
1061 893 1197 950 μάχης
1226 895 1293 938 ἐπὶ
1322 893 1462 938 πολύν
1490 909 1535 937 τε
1564 891 1728 962 χρόνον

355 952 603 1023 γενομένης
618 953 691 995 καὶ
718 955 797 995 τοῦ
829 951 1041 995 κινδύνου
1057 952 1285 1021 μηδεμίαν
1315 951 1457 1006 ῥοπὴν
1486 949 1727 1020 λαμβάνον-

355 1025 452 1062 τος,
496 1009 520 1054 6
559 1008 638 1064 μὲν
670 1007 1016 1080 Ἐπαμεινώνδας
1043 1006 1284 1062 ὑπολαβών
1317 1011 1394 1064 τῆς
1422 1008 1534 1058 ἰδίας
1571 1005 1729 1075 ἀρετῆς

356 1067 646 1135 προςδεῖσθαι
666 1066 755 1134 τήν
784 1065 923 1136 νίκην,
955 1065 1073 1132 ἔγνω
1093 1063 1153 1109 δι’
1183 1065 1342 1108 ἑαυτοῦ
1364 1068 1513 1118 κρῖναι
1535 1062 1613 1105 τὸν
1637 1064 1729 1106 κίν-

274 1119 328 1162 35
359 1127 511 1168 δυνον.
570 1121 706 1172 εὐθὺς
748 1123 830 1165 οὐν
871 1120 1121 1194 ἀναλαβών
1142 1138 1245 1172 τους
1283 1119 1486 1189 ἀρίστους
1525 1119 1597 1162 καὶ
1623 1134 1730 1173 μετα

357 1178 529 1224 τούτων
550 1177 816 1249 συμφράξας
845 1179 1057 1232 εἶςέβαλεν
1084 1178 1145 1229 είς
1165 1178 1325 1234 μέσους
1349 1176 1454 1228 τοὺς
1474 1177 1729 1245 πολεμίους·

357 1234 692 1309 καθηγούμενος
734 1235 780 1278 δὲ
807 1239 888 1278 τοῦ
918 1234 1240 1290 συντάγματος,
1278 1233 1351 1278 καὶ
1390 1249 1565 1287 πρωτος
1603 1229 1732 1275 ἀκον-

357 1295 506 1344 τίσας,
545 1293 668 1363 ε’βαλε
706 1291 785 1335 τόν
822 1289 1070 1348 ἡγούμενον
1107 1307 1197 1334 των
1234 1291 1605 1358 Λακεδαιμονίων.
1664 1285 1732 1331 εὖ·

357 1349 446 1401 θύς
476 1349 522 1392 δὲ
550 1349 623 1392 καὶ
651 1351 739 1392 τῶν
778 1344 922 1391 ἄλλων
960 1350 1019 1398 είς
1056 1352 1200 1403 χεῖρας
1239 1347 1506 1414 ἐρχομένων,
1545 1343 1624 1394 οὓς
1651 1343 1731 1400 μὲν

274 1402 329 1445 40
359 1405 525 1450 ἀνελὼν
566 1403 644 1456 οὓς
683 1405 730 1448 δὲ
769 1403 1147 1460 καταπληξάμενος
1195 1404 1368 1455 διέκοψε
1385 1403 1483 1473 τὴν
1527 1401 1731 1458 φάλαγγα

358 1467 446 1506 τῶν
482 1461 829 1515 πολεμίων.οἱ
882 1461 929 1503 δε
975 1460 1314 1516 Λακεδαιμόνιοι
1350 1458 1400 1503 τὸ
1447 1457 1613 1528 άξίωμα
1650 1459 1733 1500 τοῦ

357 1503 707 1588 ’.Eazayavcb'yffov
735 1517 810 1560 καὶ
832 1515 882 1560 τό
907 1515 1046 1587 βάρος
1074 1521 1154 1560 τοῦ
1182 1517 1280 1570 περὶ
1301 1514 1437 1560 αὐτὸν
1459 1514 1733 1585 συστήματος

358 1574 699 1631 καταπλαγέντες
730 1571 979 1643 ἀνεχώρουν
1007 1574 1054 1618 ἐκ
1060 1577 1157 1644 τῆς
1185 1572 1339 1643 μάχης·
1379 1571 1658 1642 ἐπικειμένων
1686 1570 1735 1613 δὲ

274 1629 328 1672 45
357 1637 446 1677 τῶν
484 1635 692 1675 Βοιωτῶν
728 1631 803 1674 καὶ
831 1629 935 1681 τούς
971 1629 1177 1703 ἐσχάτους
1208 1629 1276 1673 αεὶ
1314 1627 1617 1698 φονευόντων,
1651 1642 1732 1670 νε-

273 1689 330 1727 87
359 1706 479 1761 κρων
509 1686 732 1756 ἐσωρεύθη
759 1691 940 1742 πλῆθος.
998 1689 1042 1730 οἱ
1071 1686 1117 1730 δὲ
1145 1684 1483 1740 Λακεδαιμόνιοι
1510 1687 1732 1737 θεωροῦν-

358 1763 427 1797 τες
451 1743 803 1815 Ἐπαμεινώνδαν
826 1742 1167 1813 προθυμότερον
1189 1744 1488 1795 προπίπτοντα
1506 1745 1567 1799 τῷ
1585 1743 1731 1797 θυμῳ,

360 1801 636 1856 συνέδραμον
674 1798 741 1844 ἐπ’
782 1797 930 1843 αὐτόν.
987 1802 1164 1843 πολλων
1204 1799 1251 1842 δε
1290 1799 1363 1842 καὶ
1392 1802 1574 1841 πυκνῶν
1603 1813 1732 1866 φερο-

277 1857 331 1898 50
360 1859 504 1916 μένων
534 1861 696 1924 βελῶν,
735 1855 788 1899 τὰ
817 1873 897 1928 μεν
924 1855 1110 1908 ἐξένευε,
1148 1872 1203 1899 τα
1240 1855 1286 1899 δὲ
1327 1853 1596 1924 διεκρούετο,
1624 1851 1731 1906 lavo?

362 1917 408 1960 δε
437 1915 484 1959 ἐκ
512 1919 593 1957 τοῦ
625 1913 823 1983 σώματος
861 1912 1044 1966 ἐξαιρῶν
1070 1911 1244 1963 τούτοις
1281 1909 1470 1984 ημύνετο
1502 1909 1607 1962 τοὺς
1644 1909 1733 1954 ἐπι-

360 1971 643 2044 φερομένους.
700 1968 900 2039 ἡρωικῶς
937 1967 980 2013 δ’
1017 1985 1129 2024 υπερ
1154 1985 1231 2039 της
1259 1969 1381 2025 νίκης
1409 1965 1734 2039 αγωνισάμενος

362 2031 539 2100 καιρίαν
574 2028 699 2082 ε’λαβε
736 2025 907 2082 πληγὴν
937 2027 996 2077 είς
1024 2025 1102 2070 τὸν
1139 2024 1335 2080 θώρακα.
1390 2024 1658 2075 κλασθέντος
1687 2022 1735 2066 δὲ

363 2089 443 2129 τοῦ
484 2083 687 2140 δόρατος,
737 2084 812 2126 καὶ
850 2085 933 2126 τοῦ
971 2083 1154 2139 σιδήρου
1191 2081 1555 2150 καταλειφθέντος
1589 2079 1637 2124 ἐν
1672 2081 1734 2136 τῷ

281 2141 335 2184 55
365 2142 552 2215 σώματι,
590 2142 853 2208 παραχρῆμα
882 2139 1004 2183 ἔπεσε
1032 2138 1303 2209 κατισχυθεὶς
1336 2137 1424 2181 υπὸ
1451 2141 1527 2194 τῆς
1554 2139 1734 2193 πληγῆς.

363 2199 462 2253 περὶ
492 2198 539 2241 δε
576 2201 656 2241 τοῦ
688 2196 885 2252 σώματος
913 2194 1182 2268 ἐμπεσούσης
1219 2195 1490 2263 φιλοτιμίας,
1528 2194 1603 2238 καὶ
1629 2197 1736 2237 πολ-

364 2260 457 2299 λῶν
481 2270 572 2309 παρ
631 2252 897 2321 αμφοτέροις
925 2251 1267 2308 ἀναιρεθέντων,
1307 2248 1453 2320 μόγις
1469 2251 1513 2294 οἱ
1551 2253 1738 2320 Θηβαῖοι

365 2316 419 2369 τῆ
461 2311 583 2368 ρώμῃ
620 2314 710 2353 τῶν
751 2307 964 2364 σωμάτων
1000 2309 1256 2378 προέχοντες
1292 2306 1593 2376 κατεπόνησαν
1629 2305 1735 2357 τούς

283 2370 338 2409 60
367 2355 753 2438 Λακεδαιμονίους.
806 2369 949 2422 φυγῆς
978 2366 1024 2409 δὲ
1056 2364 1314 2435 γενομένης,
1355 2365 1400 2407 οἱ
1437 2379 1518 2434 μεν
1547 2362 1736 2407 Βοιωτοὶ

367 2424 537 2481 βραχυν
574 2422 875 2476 ἐπιδιώξαντες
912 2421 1075 2479 χρόνον
1115 2419 1411 2476 ἀνέστρεψαν,
1449 2417 1738 2477 ἀναγκαιότα-

367 2560 425 2595 18.
443 2560 593 2602 πρῶτον
610 2562 805 2616 suspectum
828 2569 902 2593 esse
923 2557 1032 2615 possit
1120 2558 1178 2593 26.
1204 2555 1438 2602 ἑκατέροις]
1423 2554 1596 2599 εκατὲρας
1609 2555 1645 2590 Κ

368 2607 428 2641 27.
452 2604 644 2649 οὐδεμίαν]
662 2602 750 2641 ου’δὲ
769 2606 889 2641 λίανΑ
988 2602 1250 2651 ἀνελάμβανεν]
1273 2603 1474 2650 ἐλάμβανεν
1487 2600 1736 2646 wesseungiue

459 2662 516 2697 71.
533 2663 591 2696 28.
614 2663 765 2719 παθεῖν]
788 2663 918 2697 πεθεῒν
939 2661 974 2694 Κ
1130 2661 1188 2696 31.
1210 2659 1408 2706 γενομένης
1422 2662 1463 2703 Ia,
1487 2659 1616 2695 caeteri
1636 2671 1733 2703 γινο-

368 2707 481 2754 μένης
629 2709 686 2743 45.
710 2707 767 2744 αἐὶ
790 2710 841 2750 F,
864 2706 990 2742 caeteri
1014 2705 1084 2742 αἰεὶ
1238 2708 1294 2742 48.
1318 2708 1589 2752 προπίπτοντοι
1586 2706 1682 2739 Wes
1668 2716 1737 2738 se-

370 2755 522 2800 lingius:
513 2754 626 2788 ·13bri
650 2755 922 2810 προςπίπτοντα
1104 2752 1160 2787 55.
1184 2754 1437 2799 κατισχυθεὶς]
1461 2751 1685 2796 κατισχεθεὶς
1708 2752 1736 2784 Α

530 2801 587 2836 57.
612 2797 850 2847 ἀμφοτέροις]
874 2797 1094 2846 ἀμφοτέρων
1118 2800 1179 2833 FK

1757 781 1800 816 71
