1820 3249
62 1637 108 1692 σε

532 165 656 207 LIB.
695 165 788 206 XV.
850 166 883 204 C
903 166 993 206 ΛΡ.
1024 170 1089 209 75.
1122 171 1188 211 ῒίῖ.
1415 171 1527 212 1017

144 277 255 322 κατὰ
283 277 330 322 δὲ
357 274 642 332 τὴνἙλλάδα
675 273 954 328 Ἀλέξανδρος
990 274 1015 319 ὁ
1049 281 1205 330 Φερῶν
1234 278 1454 332 τύραννος
1483 280 1530 324 ἐν
1560 284 1613 322 70

144 338 198 391 τῇ
229 336 436 390 Θετταλίᾳ
463 334 564 386 περί
601 348 736 375 τινων
767 333 1001 387 ἐγκαλέσας
1040 350 1093 390 τη
1133 332 1255 377 πόλει
1294 341 1383 378 τῶν
1413 341 1531 379 Σκο-

144 391 410 442 τουσσαίων,
449 388 650 432 ἐκάλεσεν
680 386 841 439 αὐτους
872 391 931 440 εἰς
951 388 1190 459 ἐκκλησίαν
1229 391 1303 434 καὶ
1331 406 1496 446 περιστι
1487 393 1533 450 η’·-

145 458 224 497 σας
250 445 354 497 τοὺς
382 443 691 500 μισθοφόρους
717 444 911 496 ἅπαντας
935 443 1176 514 ἀπέσφαξε·
1208 447 1260 489 τά
1287 447 1332 490 δὲ
1353 448 1531 504 σώματα

144 519 234 546 των
263 501 628 572 τετελευτηκότων
667 503 797 558 ῥίψας
834 504 893 551 εἷς
922 501 1002 558 τήν
1040 502 1122 555 πρὸ
1161 507 1250 546 τῶν
1278 509 1429 572 τειχῶν
1461 505 1532 548 τά-

144 575 261 629 φρον
287 557 368 614 τὴν
395 559 525 602 πόλιν
554 558 809 629 διηρπασεν.
841 557 1193 613 Ἐπαμεινωνδας
1224 559 1267 603 6'
1291 558 1313 604 6
1337 564 1530 616 Θηβαῖος
1560 563 1613 604 75

143 616 247 685 μετά
287 614 519 686 δυνάμεως
557 614 754 686 ἐμβαλὼν
794 616 854 666 εἰς
885 616 1223 685 Πελοπόιυησον
1252 617 1357 668 τοὺς
1394 617 1530 691 'Axat-

143 671 222 722 οὓς
247 673 320 715 καί
348 681 469 723 τινας
500 670 632 722 άλλας
671 671 818 723 πόλεις
845 671 1159 727 προςηγάγετο,
1195 672 1357 746 Δύμην
1383 674 1428 717 δὲ
1457 676 1528 718 καὶ

142 727 415 772 Ναύπακτον
451 729 526 772 καὶ
561 731 810 771 Καλυδῶνα
849 730 1192 801 φρουρουμένην
1227 728 1307 772 ὑπ’
1345 729 1529 786 Ἀχαιῶν

139 783 451 841 ἠλευθέρωσεν.
511 784 804 838 ἐστράτευσαν
841 784 886 828 δὲ
915 786 989 829 καὶ
1033 787 1092 836 εἷς
1125 788 1361 829 Θετταλίαν
1390 791 1527 830 Βοιω-
1556 790 1610 829 80

139 843 232 895 τοί,
270 842 344 884 καὶ
391 843 636 885 Πελοπίδαν
682 842 937 896 ἐκομίσαντο
976 841 1088 895 παρ’
1128 841 1215 885 Ἀλε
1201 842 1410 898 Εξάνδρου
1444 847 1529 887 τοῦ

145 901 315 951 Φερῶν
330 897 566 953 τυράννου.
628 901 853 948 Φλιασίοις
882 898 929 940 δὲ
957 899 1301 971 πολεμουμένοις
1329 899 1412 943 υπ’
1441 899 1528 954 Ἀρ-

139 956 268 1024 γείων
299 954 448 1010 Χάρης
485 954 564 999 ὑπ’
609 953 852 1024 Ἀθηναίων
889 956 1103 1010 πεμφθεὶς
1142 955 1381 1013 στρατηγός
1420 974 1526 1012 μετα

140 1010 366 1067 δυνάμεως
395 1012 606 1083 ἐβοήθησε
634 1018 726 1063 τοῖς
757 1013 984 1062 Φλιασίοις
1014 1014 1423 1084 πολιορκουμένοις·
1461 1031 1526 1057 νι-

138 1068 274 1123 κη’σας
304 1069 351 1112 δε
378 1067 479 1120 τούς
509 1067 727 1122 Ἀργείους
757 1069 856 1111 δυσὶ
885 1067 1042 1123 μάχαις
1071 1069 1144 1112 καὶ
1172 1069 1250 1126 τὴν
1279 1069 1523 1124 ἀσφάλειαν
1551 1074 1605 1115 85

138 1124 425 1196 περιποιήσας
453 1130 544 1176 τοῖς
576 1126 802 1175 Φλιασίοις
831 1125 1073 1194 ἐπανῆλθεν
1103 1127 1162 1176 εἰς
1190 1127 1267 1177 τοὶς
1292 1125 1494 1198 Ἀθηνας.

257 1184 348 1225 Τοῦ
379 1180 425 1225 6'
462 1182 735 1226 ἐνιαυσιαίου
767 1180 933 1251 χρόνον
975 1183 1283 1253 διεληλυθότος
1315 1181 1524 1253 Ἀθήνησι
1553 1197 1608 1235 ⁹5ss

138 1254 219 1294 μεν
245 1234 347 1309 ᾗρχε
374 1237 718 1309 Κηφισόδωρος,
759 1239 807 1282 ἐν
832 1236 973 1294 Ρώμη
1015 1237 1058 1282 δ’
1091 1236 1188 1282 ἀντὶ
1217 1244 1307 1282 τῶν
1342 1239 1522 1283 ὑπάτων
1552 1255 1606 1293 90

138 1295 389 1351 χιλιάρχους
425 1294 450 1339 6
491 1297 628 1350 δῆμος
658 1295 863 1348 τέτταρας
891 1295 1143 1363 κατέστησε,
1182 1295 1373 1340 Λεύκιον
1413 1297 1527 1340 Φού-

139 1367 265 1404 ριον,
305 1355 486 1395 Παῦλον
513 1351 736 1404 Μάλλιον,
782 1351 1002 1405 Σερούιον
1031 1355 1307 1397 Σουλπίκιον
1345 1354 1417 1397 καὶ
1449 1359 1526 1397 Σε-

141 1407 299 1462 ρούιον
327 1408 591 1461 Κορνήλιον.
649 1409 716 1452 ἐπὶ
747 1408 793 1451 δὲ
829 1408 998 1451 τούτων
1029 1411 1230 1464 Θεμίσων
1260 1409 1284 1453 6
1308 1408 1527 1470 Ἐρετρίας

141 1480 357 1517 τυραννος
379 1462 591 1518 Ὠρωπον
618 1464 898 1534 κατελάβετο·
930 1464 1091 1521 ταύτην
1121 1466 1167 1509 δὲ
1190 1465 1270 1536 τὴν
1286 1467 1420 1510 πόλιν
1449 1471 1522 1512 ού-

141 1531 224 1564 σαν
248 1519 494 1590 Ἀθηναίων
527 1520 785 1592 παραλόγως
815 1520 1010 1576 ἀπέβαλε.
1050 1526 1140 1564 τῶν
1167 1523 1252 1577 γάρ
1281 1521 1524 1579 Ἀθηναίων
1551 1531 1605 1571 95

140 1575 495 1650 στρατευσάντων
523 1575 586 1620 ἐπ’
617 1577 752 1621 αὐτὸν
777 1578 850 1620 καὶ
872 1577 984 1620 πολὺ
1011 1583 1104 1628 ταῖς
1135 1580 1372 1634 δυνάμεσιν
1394 1580 1522 1636 ὑπερ-

137 1632 349 1687 ἐχόντων,
390 1635 436 1677 οἱ
476 1637 662 1689 Θηβαῖοι
699 1634 996 1704 βοηθήσαντες
1033 1634 1187 1704 αὐτῷ,
1215 1637 1289 1678 καὶ
1327 1643 1520 1690 παραλα-

139 1688 294 1761 βόντες
320 1691 367 1734 ἐν
395 1691 741 1761 παρακαταθήκῃ
769 1691 849 1746 τὴν
878 1688 1018 1741 πόλιν,
1047 1689 1130 1734 οὐκ
1160 1690 1401 1736 ἀπέδωκαν.
1433 1695 1522 1750 ἅμα

139 1746 187 1790 δὲ
216 1745 389 1798 τούτοις
422 1747 735 1817 πραττομένοις
765 1750 890 1805 Κῷοι
913 1746 1180 1815 μετώκησαν
1219 1750 1279 1800 εἰς
1317 1767 1398 1804 την
1435 1756 1519 1794 νῦν
1554 1758 1632 1796 100

140 1803 403 1874 οἰκουμένην
435 1803 564 1847 πόλιν
602 1805 675 1847 καὶ
715 1793 1037 1848 κατεσκεύασαν
1084 1804 1223 1861 αὐτὴν
1263 1803 1516 1861 ἀξιόλογον·

139 1859 311 1916 πλῆθός
338 1876 383 1904 τε
410 1877 494 1916 γαρ
526 1859 705 1930 ἀνδρῶν
746 1863 807 1912 εἷς
832 1859 997 1915 ταύτην
1033 1859 1257 1930 ἡθροίσθη
1295 1864 1365 1907 καὶ
1404 1866 1518 1935 τείχη

138 1920 353 1987 πολυτελῆ
387 1917 713 1988 κατεσκευάσθη
759 1918 833 1962 καὶ
870 1918 1002 1973 λιμήν
1040 1917 1279 1988 ἀξιόλογος.
1345 1919 1432 1964 άπὸ
1471 1922 1519 1964 δὲ

137 1973 309 2019 τούτων
346 1978 434 2018 τῶν
475 1975 647 2030 χρόνων
687 1975 751 2017 ἀεὶ
788 1979 954 2030 μᾶλλον
991 1973 1164 2044 ηὐξήθη
1202 1975 1446 2047 προςόδοις
1473 1994 1519 2021 τε

139 2032 370 2086 δημοσίαις
399 2031 472 2074 καὶ
501 2036 611 2082 τοῖς·
620 2034 709 2074 τῶν
737 2033 923 2075 ἰδιωτῶν
951 2031 1176 2085 πλούτοις,
1210 2034 1285 2075 καὶ
1312 2035 1361 2077 τὸ
1391 2034 1517 2077 σύνο-
1548 2044 1574 2085 5

139 2090 219 2130 λον
247 2087 472 2142 ἐνάμιλλος
500 2087 665 2159 ἐγένετο
694 2094 788 2140 ταῖς
820 2086 1144 2143 πρωτευούσαις
1182 2088 1370 2133 πόλεσιν.
1423 2090 1520 2161 ,ἅμα

140 2143 187 2187 δὲ
214 2143 388 2196 τούτοις
418 2144 731 2199 πραττομένοις
770 2144 795 2188 6
831 2149 921 2188 τῶν
954 2148 1136 2199 Περσων
1173 2146 1378 2215 βασιλευς
1407 2147 1520 2191 dno-

141 2202 307 2254 στείλας
344 2201 544 2258 πρέσβεις
581 2202 720 2247 ἔπεισε
756 2218 861 2254 τους
883 2201 1097 2258 Έλληνας
1133 2202 1236 2254 τοὺς
1276 2220 1356 2260 μεν
1393 2205 1520 2249 πολέ-

139 2333 197 2368 67
221 2332 283 2371 ἐπ’
308 2334 488 2394 ἄρχοντος
512 2358 552 2364 -
585 2339 642 2376 86.
666 2337 731 2379 τάς
761 2335 924 2383 Ἀθήνας
948 2349 1014 2372 om.
1038 2338 1068 2372 L
1273 2339 1330 2375 69.
1349 2337 1520 2383 Ἀλέξαν-

140 2381 240 2426 δρος]
266 2383 476 2430 Κλέανδρος
498 2386 582 2429 IKQ
695 2398 846 2430 φερρων
868 2387 895 2419 F
920 2385 1057 2428 saepius
1239 2385 1298 2420 71.
1327 2389 1519 2423 Σκοτουσ-

139 2428 279 2482 σαίων]
307 2433 597 2466 Σκουτουσαίων
622 2433 638 2466 1
799 2432 856 2468 76.
881 2428 1090 2474 ἐπέσφαξε]
1117 2428 1325 2475 κατέσφαξε
1348 2434 1378 2467 F

187 2473 245 2509 75
272 2472 314 2510 δ’
346 2475 392 2522 ὁ]
424 2479 508 2513 liin-i
533 2476 574 2513 δε
779 2478 836 2511 77.
861 2476 1111 2520 προςηγάγετο
1141 2478 1238 2511 Νοεε
1224 2480 1392 2525 s'eingius
1378 2493 1410 2513 ε
1436 2480 1521 2514 libri

140 2530 396 2624 mma]
429 2523 630 2605 ινιαῗσῖοῗ
633 2527 717 2604 ‘'13⁸“
723 2536 790 2569 ⁰²²⁹
796 2524 934 2604 &⁰233
948 2522 1379 2613 πτέἷῖῖἶὲξᾜωὲέὲξιρας
1401 2526 1521 2605 οωῗῖξ

141 2610 200 2644 91.
230 2611 391 2660 Φούριον
414 2616 501 2659 FK,
527 2617 655 2650 caeteri
682 2614 871 2659 Φρούριον
1053 2616 1110 2649 91.
1138 2616 1336 2661 ΙΡΙάλλιον]
1364 2617 1518 2652 Μάλιον

139 2657 206 2690 FK
391 2661 574 2705 Σερουιον
596 2663 652 2697 bis
674 2674 744 2698 om.
768 2664 827 2697 Ah
1034 2662 1091 2696 93.
1115 2674 1168 2706 γρ.
1199 2663 1367 2708 Θεμίσων
1391 2676 1517 2708 margo

141 2703 190 2744 F,
216 2705 341 2738 caeteri
366 2708 441 2750 Θεμ
444 2709 550 2742 εσίων

230 2750 288 2784 62
312 2751 366 2786 99
391 2753 594 2800 μετῴκισαν
617 2756 647 2789 F
819 2754 852 2789 2.
878 2755 1002 2802 τείχη]
1038 2758 1143 2803 τοίχη
1168 2758 1200 2791 Κ
1384 2756 1417 2791 4.
1443 2753 1512 2798 αἐὶ]

142 2794 212 2832 αἰεὶ
236 2807 355 2831 omues
