1820 3249
268 144 378 183 1260
647 139 766 180 LIB.
799 137 945 181 XVIII.
990 140 1122 182 cAP.
1153 144 1194 183 4.
1224 142 1262 183 5.

267 254 347 310 μιᾷ
376 270 427 310 τη
460 253 635 325 μεγίστη
660 250 769 295 κατὰ
788 251 868 307 τὴν
884 254 1123 306 Αἴγυπτον,
1153 252 1205 302 ὃς
1222 252 1269 295 ἐν
1291 257 1381 302 τοῖς
1405 250 1509 295 ἑπτά
1532 268 1644 302 τινες

268 312 486 365 ttfifflfiwts
505 310 650 364 ἔργοις
669 313 1030 363 καταριθμοῦσιν.
1077 318 1250 379 αναγνα
1255 310 1450 352 σθὲντων
1479 309 1526 351 δὲ
1554 312 1644 351 τῶν

185 381 238 423 45
268 366 615 438 υπομνημάτων,
649 368 693 408 οἱ
726 365 995 416 Μακεδόνες,
1025 369 1177 418 καίπερ
1208 364 1388 409 ιῖιποδεδε
1375 365 1545 419 γιιένοι
1572 382 1644 407 κα

269 427 355 474 λιός
383 424 462 466 τόν
486 421 782 476 Αλέξανδρον,
815 421 932 494 ὅμως
960 421 1126 475 v⁷¹⁷80<52
1129 439 1236 472 κους
1264 423 1337 465 καὶ
1360 424 1644 488 ὃυςεφίκτους

268 480 343 530 τὰς
372 479 615 536 ἐπιβολάς
593 484 792 533 ορῶντες
825 479 1004 532 ἔκριναν
1022 479 1155 533 μηδὲν
1175 495 1264 521 των
1285 479 1521 534 εἰρημένων
1544 489 1643 520 συν-

269 542 418 580 τελεῖν.
477 538 720 591 Περδίκκας
759 535 805 579 δὲ
840 536 889 578 τὸ
927 535 1005 589 μὲν
1044 551 1220 586 πρωτον
1251 535 1356 585 τοὺς
1384 532 1646 603 ταραχώδεις

268 611 355 636 των
385 597 660 647 στρατιωτων
689 592 763 636 καὶ
793 591 987 658 μάλιστα
1008 589 1245 647 ἀλλοτρίως
1276 592 1451 648 εἰοντας
1464 592 1517 634 τὰ
1535 590 1646 646 πρὸς

185 661 239 703 50
271 649 408 693 αυτόν
437 649 706 704 οέπέκτεινεν
735 647 865 699 ὄντας
890 646 1138 702 τριάκοντα
1198 664 1302 704 μετα
1332 650 1378 691 δὲ
1407 652 1543 692 ταῦτα
1571 647 1647 691 καὶ

269 707 528 778 Ῐνῖελέαγρον
563 708 610 749 ἐν
638 710 692 774 τῆ
722 704 868 748 στάσει
897 705 970 748 καὶ
999 705 1206 761 πρεσβείᾳ
1234 704 1452 761 προδότην
1480 720 1647 760 γεγενη-

270 765 428 832 με’νον,
479 761 813 833 ἐπιλαβόμενος
827 762 988 811 οἰκείας
1024 763 1231 831 διαβολῆς
1267 762 1341 804 καὶ
1371 763 1648 830 κατηγορίας,

271 838 330 871 ως
359 819 598 876 ἐπιβουλὴν
627 818 726 862 κατ’
759 815 898 861 αὐτοῦ
927 817 1233 874 πεποιημένον,
1263 817 1484 861 ἐκόλασεν.
1542 833 1648 872 μετα

187 885 240 928 55
272 878 318 921 δὲ
357 882 494 925 ταῦτα
532 877 578 920 ἐν
607 880 701 925 ταῖς
732 874 822 918 ἄνω
853 877 1134 929 σατραπείαις
1163 890 1251 917 των
1279 874 1648 922 κατοικισθέντων

264 934 484 1005 Ἑλλήνων
514 931 821 985 αποστάντων,
858 932 930 975 καὶ
962 931 1149 987 δύναμιν
1180 929 1411 1000 αξιόλογον
1440 941 1650 985 συστησα-

271 992 427 1044 μένων,
459 990 536 1033 ε’να
555 994 644 1032 τῶν
664 989 891 1058 ἐπιφανῶν
915 987 1091 1044 ἀνδρῶν
1109 986 1311 1045 ἐξέπεμψε
1332 986 1532 1032 Πύθωνα
1557 989 1649 1031 δια-

271 1047 577 1119 πολεμήσοντα
605 1045 716 1100 πρὸς
745 1044 923 1096 αὐτούς.

383 1104 527 1165 Ἡμεῖς
562 1103 608 1147 δε
645 1101 758 1156 πρὸς
794 1119 870 1153 τας
900 1099 1141 1156 μελλούσας
1176 1101 1448 1154 ἱστορεῖσθαι
1474 1098 1650 1156 πραξεις

187 1147 242 1187 50
272 1162 437 1204 οἰκεῖον
467 1165 579 1204 ειναι
609 1162 843 1216 νομίζομεν
871 1159 1062 1202 ἐκθεῖναι
1089 1157 1307 1227 πρότερον
1325 1157 1429 1209 τάς
1438 1174 1483 1201 τε
1512 1159 1651 1208 αἰτίας

268 1222 343 1273 τῆς
371 1217 650 1267 αποστασεως
688 1217 761 1259 καὶ
797 1219 872 1272 τῆς
902 1214 1004 1288 ὅλης
1029 1214 1174 1265 Ἀσίας
1199 1231 1279 1270 την
1305 1215 1434 1284 θέσιν
1461 1215 1536 1258 καὶ
1563 1217 1651 1257 τῶν

270 1279 546 1326 σατραπειῶν
576 1290 629 1316 τα
660 1273 840 1343 μεγέθη
850 1273 923 1315 καὶ
953 1272 1028 1322 τὰς
1040 1239 1285 1342 ἰδιότητας.
1331 1271 1446 1315 οὕτω
1453 1288 1554 1340 γαρ
1573 1287 1650 1326 μα-

268 1337 393 1375 λιστα
424 1329 869 1384 εὐπαρακολούθητος
897 1334 990 1379 τοῖς
1027 1326 1404 1383 αναγινωσκουσιν
1439 1326 1466 1383 ἡ
1506 1327 1651 1382 διήγη-

185 1399 239 1442 65
270 1401 335 1440 σις
367 1389 504 1441 ε’σται,
544 1386 630 1440 πρὸ
661 1385 915 1455 οφθαλμῶν
935 1387 1131 1440 τεθείσης
1153 1388 1227 1440 τῆς
1258 1384 1362 1440 ὅλης
1389 1386 1652 1434 τοποθεσίας

269 1447 343 1488 καὶ
383 1449 471 1488 τῶν
513 1442 830 1499 διαστηματων.
891 1441 976 1487 ἀπό
1016 1443 1172 1485 τοίνυν
1200 1445 1282 1484 τοῦ
1311 1441 1421 1484 κατὰ
1451 1442 1652 1484 Κιλικίαν

275 1502 453 1556 Ταύρου
493 1500 666 1555 συνεχες
698 1500 802 1555 ὄρος
832 1499 896 1543 δι’
937 1500 1041 1568 ὅλης
1078 1502 1154 1553 τῆς
1185 1497 1332 1548 Ἀσίας
1362 1498 1500 1554 διήκει
1527 1497 1652 1552 μέχρι

272 1563 352 1602 τοῦ
383 1557 627 1601 Καυκάσου
656 1557 728 1600 καὶ
753 1560 833 1599 τοῦ
862 1556 975 1610 πρὸς
1005 1554 1222 1606 ἀνατολάς
1248 1553 1480 1598 Ωκεανοῦ.
1519 1559 1653 1598 τοῦτο

270 1616 316 1660 δὲ
358 1616 659 1664 παντοδαποῖς
696 1612 968 1669 αναστήμασι
1005 1613 1158 1667 λόφων
1182 1611 1503 1682 διειλημμένον
1541 1613 1655 1661 ἰδίας

183 1683 239 1722 70
268 1671 375 1716 καθ’
415 1672 600 1715 ἕκαστον
637 1671 718 1726 εχει
754 1672 1062 1740 προςηγορίας.
1119 1673 1280 1712 τοῦτον
1309 1669 1354 1712 δὲ
1381 1669 1459 1712 τὸν
1489 1668 1665 1721 τρόπον·

270 1732 329 1780 εἷς
359 1727 439 1772 δύο
470 1729 580 1783 με’ρη
611 1728 920 1783 διαιρουμένης
947 1732 1022 1782 τῆς
1050 1725 1211 1794 ᾈσίας,
1253 1725 1303 1767 τὸ
1332 1726 1411 1780 μὲν
1439 1726 1548 1778 πρός
1577 1741 1654 1774 τας

270 1785 459 1841 ἄρκτους
482 1784 618 1840 αὐτῆς
635 1784 823 1835 νένευκε,
856 1784 905 1826 τό
935 1785 980 1826 δε
1002 1782 1114 1837 πρὸς
1134 1798 1214 1837 την
1234 1784 1520 1838 μεσημβρίαν.
1552 1780 1652 1824 οἷκο-

269 1842 446 1892 λούθως
479 1842 525 1884 δὲ
553 1841 727 1892 τούτοις
755 1846 848 1891 τοῖς
877 1842 1054 1895 κλίμασι
1090 1843 1177 1882 τῶν
1211 1855 1422 1910 ποταμων
1458 1839 1534 1888 τὰς
1576 1837 1651 1890 ῥύ-

272 1911 360 1950 σεις
397 1897 587 1954 ἐχόντων
628 1896 1008 1951 ἄντιπροςώπους,
1053 1898 1097 1938 οἱ
1134 1912 1214 1950 μεν
1253 1897 1312 1946 είς
1341 1912 1420 1968 την
1453 1897 1652 1942 Κασπίαν

186 1962 243 2004 75
272 1957 517 2006 θαλατταν,
555 1971 598 1997 οι
616 1955 673 2024 ,δὲ
704 1956 761 2004 εἷς
791 1954 868 1997 τὸν
899 1953 1113 2005 Εὔξεινον
1143 1952 1343 2002 Πόντον,
1376 1952 1487 1995 ε’νιοι
1517 1950 1559 1995 δ’
1592 1953 1654 2002 είς

272 2013 352 2056 τὸν
383 2011 470 2055 ὑπὸ
501 2011 578 2061 τοὶς
609 2011 798 2064 α’ρκτους
825 2010 1036 2053 Ὠκεανὸν
1066 2009 1374 2063 εξερεύγονται.
1434 2011 1478 2051 οἱ
1501 2008 1554 2051 6²
1579 2024 1651 2050 αν-

273 2071 509 2123 τικείμενοι
538 2067 724 2119 τούτοις,
756 2069 799 2110 οἱ
830 2069 910 2122 μὲν
940 2069 1000 2117 εἰς
1029 2066 1108 2109 τὸν
1137 2083 1246 2108 κατα
1275 2065 1357 2120 τήν
1384 2063 1577 2135 Ἰνδικήν,
1611 2065 1727 2110 05261

274 2125 318 2168 δ’
353 2126 421 2168 ἐπὶ
450 2125 528 2168 τὸν
559 2128 714 2179 συνεχῆ
744 2128 819 2178 τῆς
837 2123 1022 2193 ἠπείρου
1044 2121 1203 2178 ταύτης
1221 2123 1422 2176 κείμενον
1437 2120 1653 2164 Ωκεανὸν

190 2194 244 2233 &0
275 2184 580 2238 ἐκβάλλουσιν,
626 2181 735 2224 ε’νιοι
770 2180 815 2223 6'
849 2183 909 2231 είς
936 2179 1016 2251 τῂν
1045 2178 1320 2247 καλουμένην
1350 2177 1546 2232 ερυθρὰν
1576 2177 1654 2220 θα

273 2245 435 2283 λατταν
474 2238 812 2294 καταφέρονται.
871 2237 1033 2294 ὁμοίως
1061 2237 1107 2281 δὲ
1137 2233 1313 2286 τούτοις
1343 2234 1654 2292 διειλημμένων

215 1089 244 1127 5

268 2421 326 2456 42
375 2419 495 2465 κατα]
527 2422 602 2455 τῶν
627 2434 720 2456 κατα
745 2421 958 2455 Schaeferus
981 2420 1026 2453 ad
1053 2421 1090 2453 Ε.
1115 2420 1228 2453 Ors.et
1254 2414 1652 2453 v.910.1’m·s.ed.3.

431 2468 488 2502 45.
536 2465 847 2512 ἀποδεδεγμένοι]
881 2466 1184 2510 ἀποδεδειγμένοι
1207 2467 1289 2499 Bas.
1474 2462 1530 2496 52.
1577 2460 1655 2496 ἐπι-

269 2511 472 2570 λαβόμενος
496 2513 713 2556 Stephanus:
737 2512 1001 2556 ἐπιβαλόμενος
1024 2514 1116 2554 Bas„
1140 2511 1268 2546 caeteri
1293 2507 1576 2565 επιβαλλόμενος

269 2561 327 2594 55.
374 2557 643 2602 ἀποστάντων]
678 2557 852 2595 απάντων
874 2561 959 2596 Bas.
1152 2559 1209 2592 60.
1258 2558 1419 2601 οἰκεῖον]
1455 2553 1592 2590 οἰκεῖόν
1616 2565 1654 2590 τε

271 2607 301 2640 1·
484 2606 541 2640 62.
590 2605 714 2651 οὕτω]
740 2604 861 2648 ου’τως
883 2607 913 2640 F
1094 2603 1152 2639 64.
1199 2602 1294 2649 πρὸ]
1320 2602 1414 2649 πρὸς
1438 2602 1485 2636 W

1209 2663 1254 2694 ης
1610 2687 1616 2698 ,

272 2699 329 2733 69
374 2697 470 2734 καθ’
485 2698 498 2743 ]
524 2697 618 2743 πρός
641 2700 717 2733 Fw
879 2698 938 2732 70.
987 2695 1260 2741 διαιρουμένων
1283 2697 1313 2730 F
1473 2692 1530 2728 76.
1575 2691 1654 2748 τας]

275 2757 365 2784 τους
390 2746 472 2778 Bas.
656 2746 719 2782 7⁷.
765 2746 816 2788 εἰς
839 2743 906 2780 τόν
930 2745 960 2777 Y
989 2744 1071 2778 Bas.
1084 2767 1093 2787 ‚
1119 2744 1247 2779 caeteri
1271 2743 1323 2785 εἰς
1347 2741 1412 2799 τήν
1596 2736 1655 2773 επὶ

273 2788 364 2836 τὸν]
391 2790 463 2827 ἐπὶ
475 2803 541 2834 την
565 2790 660 2827 Bas.
