1820 3249
485 101 602 144 1⁴13.
634 99 721 143 XV,
769 99 985 145 CAR-24
927 102 985 141 '
1019 103 1086 141 55.
1390 102 1473 140 999

95 212 343 271 ἡγουμένου
371 211 649 282 Ἀρχιδάμου
654 213 733 255 τοῦ
764 207 1031 281 Ἀγησιλάου.
1070 209 1115 252 οἱ
1141 210 1223 263 γάρ
1253 212 1474 261 Σπαρτιά-

96 289 168 315 ται
206 273 480 340 θεωροῦντες
504 268 613 341 τήν
628 267 882 339 ἑτοιμότητα
918 282 1009 309 των
1050 267 1281 309 Βοιωτῶν
1322 266 1394 308 καὶ
1422 264 1471 309 τὸ

94 326 264 382 θράσος
301 326 375 370 καὶ
411 343 492 384 την
532 325 748 370 ἀπόνοιαν
785 321 1120 395 ευλαβούμενοι,
1155 338 1240 393 την
1265 323 1474 378 δευτέραν

94 383 432 428 ἀπεστάλκεισαν
470 380 680 451 δύναμιν,
711 383 783 426 ινα
817 397 876 438 τῳ
907 378 1070 449 πλήθει
1095 395 1185 423 των
1212 376 1471 435 ἀγωνιζομέ-
1500 381 1556 424 40

94 456 184 485 νων
217 439 523 511 περιγένωνται
551 445 627 508 τῆς
655 442 742 483 τῶν
769 439 989 494 πολεμίων
1019 435 1191 508 τόλμης.
1234 440 1470 480 συνελθου-

95 500 184 543 σῶν
214 494 259 540 δ’
288 500 347 548 εἰς
375 495 507 541 ταύτὸ
537 501 627 541 τῶν
656 495 901 565 δυνάμεων
909 492 1086 550 αἰσχρὸν
1109 491 1220 537 εἶναι
1248 491 1472 563 υπέλαβον

93 555 139 598 οἱ
164 552 505 622 Λακεδαιμόνιοι
527 554 713 598 δεδιέναι
739 554 815 604 τὰς
842 555 928 596 τῶν
951 554 1159 595 Βοιωτων
1187 547 1352 605 ἀρετάς
1385 547 1472 592 διό-

90 626 171 666 περ
210 609 288 661 τοὶς
327 609 517 662 σπονδὰς
552 609 660 664 παρ’
696 609 828 654 ουδεν
864 607 1131 679 ἡγησάμενοι
1166 606 1272 663 μετὰ
1308 608 1470 677 πολλῆς
1499 607 1553 652 45

89 667 339 720 προθυμίας
378 665 634 737 ἀνέκαμψαν
663 668 723 718 εἰς
752 670 963 720 Λεῦκτρα.
1015 665 1198 721 ἑτοίμων
1242 662 1289 707 δ’
1327 662 1472 706 ὄντων

89 724 164 768 καὶ
191 739 280 766 των
309 727 518 769 Βοιωτων
545 722 656 781 πρὸς
683 723 766 782 τήν
794 721 948 786 μάχην,
978 722 1198 777 ἐξέταττον
1227 718 1470 779 ἀμφότεροι

87 779 164 833 τοὶς
192 779 411 836 δυνάμεις.

201 838 292 882 Καὶ
319 836 439 893 παρὰ
466 836 545 908 μεν
572 841 664 889 τοῖς
692 837 1056 894 Λακεδαιμονίοις
1087 836 1132 882 οἷ
1158 832 1241 893 ἀφ’
1265 832 1470 888 Ἡρακλέ-
1498 814 1556 914 {33

90 910 170 945 ους
195 894 434 964 γεγονότες
472 893 680 966 ἡγεμόνες
724 895 966 967 ἐτάχθησαν
1005 895 1076 938 ἐπὶ
1122 909 1212 937 των
1258 890 1468 960 κεράτων,

89 949 398 1021 Κλεόμβροτός
422 968 467 995 τε
498 951 522 996 6
551 952 754 1022 βασιλεύς
782 953 854 996 καὶ
880 951 1131 1008 Ἀρχίδαμος
1161 950 1185 994 ὁ
1209 945 1472 1016 Ἀγησιλάου

87 1011 171 1050 τοῦ
199 1007 426 1080 βασιλέως
436 1008 558 1061 υἱός,
586 1008 706 1064 παρὰ
739 1009 784 1052 δὲ
821 1014 915 1060 τοῖς
946 1013 1157 1059 Βοιωτοῖς
1183 1003 1471 1073 Ἐπαμεινών-

89 1065 169 1114 δας
217 1065 308 1122 ἰδία
345 1064 431 1108 τινὶ
471 1065 546 1109 καὶ
592 1069 771 1122 περιττῆ
804 1064 921 1117 τάξει
952 1065 1229 1135 χρησάμενος
1278 1063 1352 1107 διὰ
1392 1064 1470 1118 τῆς

88 1121 201 1172 ἰδίας
244 1108 500 1189 στρατηγίας
536 1124 871 1192 περιεποιησατο
910 1121 992 1192 τῆν
1028 1119 1288 1192 περιβόητον
1326 1119 1466 1173 ‘vl-um}
1496 1122 1553 1166 55

86 1174 364 1249 ἐκλεξάμενος
392 1178 497 1249 γὰρ
506 1178 549 1232 ἐξ
580 1178 752 1235 ἀπάσης
779 1183 855 1236 τῆς
883 1176 1108 1250 δυνάμεως
1126 1178 1232 1229 τούς
1258 1175 1469 1247 ἀρίστους

84 1233 156 1278 ἐπὶ
190 1233 240 1280 τὸ
270 1234 418 1289 ἕτερον
446 1234 577 1306 μέρος
607 1237 780 1308 ἔστησε,
818 1233 921 1291 μεθ’
953 1237 1016 1279 ὠν
1046 1236 1121 1278 καὶ
1161 1232 1293 1285 αὐτὸς
1308 1234 1468 1290 ε’μελλε

85 1293 447 1362 διαγωνίζεσθαι·
493 1310 596 1345 τους
641 1292 686 1337 δ’
730 1291 1077 1344 ἀσθενεστάτους
1118 1291 1190 1335 ἐπὶ
1228 1291 1277 1334 τὸ
1316 1289 1469 1344 ἕτερον

84 1347 216 1402 κέρας
253 1347 383 1400 τάξας
422 1348 711 1405 παρήγγειλεν
748 1348 899 1400 αὐτοῖς
925 1353 1200 1421 φυγομαχεῖν
1241 1347 1315 1392 καὶ
1357 1345 1468 1390 κατὰ

84 1403 165 1460 τῆν
193 1404 360 1474 ἔφοδον
397 1408 485 1450 τῶν
522 1408 742 1460 πολεμίων
778 1407 826 1450 ἐκ
860 1409 945 1450 τοῦ
980 1403 1080 1449 κατ’
1111 1405 1262 1461 ὀλίγον
1290 1401 1468 1474 ὖποχω·
1498 1410 1553 1449 60

87 1465 194 1514 ρεῖν.
239 1460 308 1505 διὸ
338 1462 411 1505 καὶ
439 1463 574 1517 λοξῆν
603 1462 789 1518 ποιήσας
817 1463 897 1519 τὴν
925 1460 1131 1532 φάλαγγα
1159 1465 1220 1532 τῷ
1249 1477 1355 1512 τους
1378 1461 1471 1503 ’ἐπι-

85 1517 267 1569 λέκτους
307 1517 448 1573 ε’χοντι
485 1519 632 1572 κέρατι
670 1519 780 1574 ε’γνω
819 1520 988 1572 κρίνειν
1021 1518 1102 1588 τήν
1129 1507 1285 1588 μάχην.
1333 1534 1391 1568 ως
1421 1514 1466 1559 δ’

87 1574 138 1618 αἴ
171 1589 216 1617 τε
253 1575 482 1630 σάλπιγγες
511 1575 750 1646 ἐσήμαινον
770 1573 892 1645 παρ’
922 1573 1188 1644 ἀμφοτέροις
1217 1574 1266 1617 τό
1295 1579 1468 1641 πολεμι-

84 1629 167 1675 κὸν
195 1631 269 1674 καὶ
296 1631 406 1675 κατά
441 1632 524 1687 τήν
552 1648 733 1686 πρωτην
760 1629 904 1689 ὁρμήν
933 1630 1236 1702 συνηλάλαξαν
1266 1632 1312 1673 αἱ
1340 1627 1467 1673 δυνά·
1495 1631 1550 1674 65

75 1702 201 1757 μεις,
258 1689 326 1732 οι
340 1688 422 1742 μὲν
456 1688 797 1758 Λακεδαιμόνιοι
839 1692 930 1739 τοῖς
977 1687 1157 1741 κέρασιν
1203 1685 1470 1754 ἀμφοτέροις

85 1743 252 1800 ἐπῆγον
296 1745 520 1814 μηνοειδὲς
557 1743 607 1789 τὸ
657 1748 797 1815 σχῆμα
835 1749 918 1814 τῆς
956 1744 1185 1800 φάλαγγος
1204 1741 1470 1813 πεποιηκό-

86 1816 178 1851 τες,
218 1801 262 1844 οἱ
300 1800 346 1844 δε
385 1801 575 1845 Βοιωτοὶ
612 1805 673 1859 τῷ
714 1817 793 1857 μεν
828 1799 959 1860 ἑτέρῳ
998 1801 1149 1854 κέρατι
1188 1798 1469 1869 ὑπεχώρουν

86 1860 148 1913 τῷ
187 1856 233 1900 δε
264 1855 393 1927 ἑτέρῳ
432 1856 584 1928 δρόμῳ
599 1862 848 1931 συνῆπτον
889 1863 983 1908 τοῖς
1030 1858 1267 1912 πολεμίοις.
1326 1873 1386 1906 ως
1418 1854 1469 1898 δὲ

88 1917 293 1984 συνῆψαν
333 1913 538 1985 ἀλλήλοις
574 1915 634 1966 εἰς
670 1920 839 1984 χεῖρας,
878 1914 927 1958 τὸ
953 1930 1033 1969 μεν
1037 1917 1247 1986 πρῶτον
1266 1910 1471 1981 ἐκθύμως
1497 1918 1554 1959 70

86 1969 349 2026 ἀμφοτέρων
378 1969 715 2044 ἀγωνιζομένων
742 1970 982 2026 ίσόῤῥοπος
1024 1988 1080 2027 ην
1107 1970 1145 2042 ἡ
1185 1967 1332 2040 μάχη,
1363 1967 1469 2038 μετά

87 2026 135 2071 δὲ
161 2031 301 2071 ταῦτα
327 2031 418 2071 τῶν
444 2029 545 2082 περὶ
571 2027 650 2075 τὸν
676 2027 1028 2082 Ἐπαμεινώνδαν
1048 2026 1119 2071 διά
1139 2042 1183 2071 τε
1204 2043 1284 2082 την
1307 2023 1468 2097 ἀρετην

24 2090 69 2128 47
86 2083 161 2128 καὶ
199 2082 279 2138 τὴν
315 2084 569 2140 πυκνότητα
606 2087 682 2155 τῆς
710 2084 868 2136 τάξεως
898 2081 1284 2130 πλεονεκτούντων
1311 2081 1470 2127 πολλοὶ

86 2156 177 2184 των
205 2143 577 2210 Πελοποννησίων
606 2139 866 2213 ἀνῃροῦντο
915 2139 970 2185 οὐ
999 2157 1083 2212 γαρ
1119 2139 1339 2195 υπέμενον
1365 2138 1468 2182 ὑπε-

86 2197 239 2267 νέγκαι
263 2196 315 2241 vd
355 2196 492 2265 βάρος
519 2201 596 2253 τῆς
622 2202 712 2242 τῶν
740 2198 971 2242 ἐπιλέκτων
999 2196 1321 2254 ἀνδραγαθίας,
1357 2194 1466 2239 ἀλλὰ
1494 2198 1551 2241 75

87 2257 176 2297 τῶν
212 2251 504 2298 ἀντιστάντων
543 2255 587 2298 οἱ
622 2271 701 2309 μεν
729 2254 931 2306 ε’πιπτον,
972 2257 1016 2298 οἱ
1053 2256 1100 2298 δε
1133 2252 1467 2323 κατετραυματί-

90 2314 272 2369 ζοντο,
281 2308 424 2362 πάσας
460 2309 538 2362 τάς
575 2311 743 2368 πληγάς
782 2312 980 2362 ἐναντίας
1024 2310 1334 2380 λαμβάνοντες.
1383 2308 1466 2360 ε’ως

87 2382 169 2420 μεν
215 2361 300 2410 οὖν
335 2365 359 2410 6
394 2366 593 2423 βασιλεὺς
640 2383 730 2412 των
765 2370 1126 2423 Λακεδαιμονίων
1160 2366 1466 2435 Κλεόμβροτος

89 2423 177 2493 ἔζη
221 2421 412 2496 πρλλους
447 2424 555 2479 ἔχων
590 2424 695 2476 τοὺς
733 2427 1077 2494 συνασπίζοντας
1114 2424 1187 2468 καὶ
1223 2422 1466 2478 προθύμως
1495 2425 1550 2465 80

90 2477 178 2533 πρὸ
206 2478 346 2523 αυτοῦ
383 2479 766 2552 άποθνησκοντας,
803 2479 966 2537 ἄδηλος
1003 2475 1058 2536 ἦν
1085 2479 1131 2550 ἡ
1146 2479 1260 2536 ῥοπή
1291 2482 1367 2549 τῆς
1396 2480 1466 2520 νί-

92 2548 195 2591 κης·
233 2535 326 2580 επεὶ
354 2535 399 2581 δ’
426 2532 556 2592 οὗτος
584 2536 728 2584 πάντα
754 2539 965 2585 κίνδυνον
991 2537 1226 2595 ὑπομένων
1250 2534 1335 2581 οὐκ
1362 2533 1467 2592 ήδύ

91 2692 150 2728 53.
183 2691 463 2740 Ἐπαμινωνδας
485 2701 566 2753 post
588 2695 816 2743 χρησάμενος
839 2699 934 2746 ponit
964 2699 998 2735 Κ
1030 2701 1064 2736 et
1087 2699 1148 2744 qui
1172 2695 1473 2744 Επαμεινώνδας

92 2739 122 2773 l·
308 2741 366 2776 62.
391 2743 443 2790 τῷ
466 2742 574 2790 τους]
600 2758 689 2788 τους
711 2745 740 2781 Α
