1820 3249
531 173 1068 218 1.113.X1X.CAP.24
1098 174 1167 216 25.
1424 178 1528 218 1361

166 297 242 331 σεν
271 287 332 339 εἷς
359 284 612 355 ἆῤῥωστίαν.
671 285 821 354 διόπερ
850 283 1024 353 ἡμέρας
1040 283 1164 336 τινάς
1187 283 1332 355 ἐπέσχε
1357 288 1432 341 τῆς
1450 302 1529 331 πο-

166 345 306 415 ρείας,
336 341 718 412 καταβαρούμενος
744 340 832 385 υπὸ
857 345 936 385 τοῦ
963 340 1159 392 πάθους·
1211 360 1238 398 η
1269 344 1314 385 δε
1344 344 1529 399 δύνααις
1564 353 1639 392 100

165 400 213 443 ἐν
241 399 406 469 ἀθυμίᾳ
433 398 727 467 καθειστήκει,
762 403 851 440 τῶν
879 399 958 470 μὲν
985 399 1200 466 πολεμίων
1230 400 1528 454 προςδοκωμέ-

163 472 255 499 νων
274 456 431 524 ταχέως
453 453 676 506 συνάψειν,
704 458 783 497 τοῦ
806 454 853 498 δ’
876 453 1145 524 ἱκανωτάτου
1167 459 1253 498 τῶν
1277 461 1528 522 στρατηγων

162 511 251 555 ’ὑπὸ
277 517 365 582 τῆς
402 510 539 555 νόσου
578 510 842 565 πιεζομένου.
890 510 957 578 ου’
997 512 1081 566 μὴν
1111 509 1218 554 άλλά
1248 515 1324 554 τοῦ
1352 511 1527 563 πάθους

160 567 409 637 κριθέντος,
448 567 593 622 ἐπειδὴ
627 567 817 638 βραχέως
844 566 982 610 αὐτόν
1009 568 1322 623 προςανέλαβε,
1357 574 1525 639 προῆγε

161 624 265 679 μετὰ
302 628 378 680 τῆς
412 623 634 693 δυνάμεως
673 622 986 692 ἀφηγουμένου
1017 624 1268 667 Πευκέστου
1297 625 1370 667 καὶ
1394 624 1522 668 Ἀντι-
1553 626 1578 667 5

159 682 332 750 γένους,
361 677 496 731 αύτός
528 680 573 723 δὲ
610 683 775 750 φορείῳ
798 679 1085 749 κομιζόμενος
1113 680 1404 735 ἐπηκολούθει
1432 688 1524 733 τοῖς

158 735 450 791 οὐραγοῦσιν,
493 735 611 786 ὅπως
647 735 705 792 μὴ
736 736 807 780 δια
835 737 912 781 τὸν
939 735 1142 792 θόρυβον
1169 737 1243 781 καὶ
1270 754 1350 794 την
1378 749 1523 782 στενο-

154 795 319 863 χωρίαν
346 797 667 863 παρενοχλοῖτο.

263 847 338 900 Ὡς
369 847 411 893 δ’
440 848 602 918 ἡμέρας
633 847 742 892 ὁδόν
771 847 958 904 ἀπέσχον
988 847 1062 918 ἀπ’
1091 848 1289 921 ἀλλήλων
1316 866 1370 893 τα
1398 862 1520 904 στρα-

155 904 330 955 τόπεδα,
359 904 663 957 κατασκόπους
691 905 883 961 ἔπεμψαν
913 905 1174 962 οἷαφότεροι,
1204 906 1276 950 καὶ
1305 907 1522 961 μαθόντες

156 979 209 1006 τα
248 961 396 1031 πλήθη
446 979 519 1006 και
569 979 646 1012 τας
691 962 964 1030 προαιρέσεις
1010 968 1097 1005 τῶν
1134 964 1351 1018 πολεμίων
1393 979 1519 1017 παρε-

157 1017 422 1061 σκευάσαντο
455 1019 534 1073 μὲν
562 1018 670 1071 πρὸς
697 1019 775 1061 τόν
802 1021 1035 1069 κίνδυνον,
1072 1019 1336 1075 διελύθησαν
1367 1020 1412 1062 δὲ
1441 1037 1518 1074 χω-

154 1075 221 1128 ρὶς
244 1074 397 1143 μάχης.
449 1075 793 1129 προβεβλημένοι
816 1074 899 1129 γὰρ
920 1072 1168 1142 ἀμφότεροι
1197 1075 1395 1131 ποταμόν
1424 1094 1518 1120 τινα

153 1131 226 1173 καὶ
263 1129 488 1198 χαράδραν
529 1131 725 1182 ἐξέταξαν
761 1130 841 1191 μὲν
880 1130 956 1180 τὰς
984 1132 1210 1186 δυνάμεις,
1265 1133 1338 1176 διὰ
1369 1133 1413 1176 δὲ
1443 1151 1518 1184 τας
1551 1139 1602 1180 15

150 1190 239 1229 τῶν
273 1185 418 1229 τόπων
457 1188 695 1241 δυςχωρίας
733 1193 816 1230 ούκ
836 1183 1131 1256 ἠδυνήθησαν
1161 1190 1517 1242 διαγωνίσασθαι,

149 1242 706 1297 καταστρατοπεδεύσαντες
745 1241 788 1286 δ’
821 1240 1019 1311 αλλήλων
1050 1241 1134 1286 ἀπὸ
1164 1246 1352 1287 σταδίων
1382 1251 1517 1299 τριῶν

151 1299 220 1342 ἐπὶ
258 1315 339 1355 μεν
370 1298 554 1368 ἡμέρας
571 1298 773 1368 τέτταρας
818 1297 1204 1369 ἀκροβολιζόμενοι
1240 1302 1313 1343 καὶ
1349 1317 1518 1355 προνο-

150 1354 355 1410 μεύοντες
382 1355 464 1426 τήν
494 1352 642 1410 χώραν
664 1355 916 1405 διετέλεσαν,
945 1355 1121 1399 πάντων
1142 1358 1433 1423 σπανίζοντες·
1463 1362 1517 1417 τῆ

149 1411 318 1480 πέμπτῃ
358 1411 405 1455 δ’
443 1411 686 1467 Ἀντίγονος
702 1411 986 1478 πρεσβευτάς
1027 1412 1288 1464 ἐξαπέστειλε
1325 1416 1434 1468 πρός
1471 1433 1515 1458 τε
1544 1423 1600 1462 20

150 1468 252 1518 τούς
281 1466 503 1522 σατράπας
531 1468 605 1511 καὶ
633 1466 737 1518 τούς
764 1467 1040 1519 Μακεδόνας,
1072 1467 1205 1520 άξιων
1229 1468 1417 1524 Εὐμένει
1437 1472 1515 1524 μὲν

148 1542 207 1580 μη
237 1524 468 1594 προςέχειν,
502 1523 639 1582 έαυτῷ
672 1523 718 1568 δε
746 1522 973 1567 πιστεύειν.
1015 1525 1310 1597 συγχωρησειν
1329 1527 1410 1581 γάρ
1431 1528 1515 1583 ἔφη

147 1586 239 1631 τοῖς
267 1580 345 1636 μὲν
376 1569 630 1634 σατράπαις
632 1580 752 1636 ε’χειν
781 1579 859 1631 τοὶς
889 1582 1001 1630 ἰδίας
1031 1584 1308 1636 σατραπείας
1349 1600 1438 1626 των
1467 1587 1514 1652 δ’

91 1683 95 1691 .
147 1635 291 1681 άλλων
331 1642 422 1688 τοῖς
450 1637 530 1692 μὲν
557 1636 706 1693 χώραν
731 1638 893 1692 πολλὴν
923 1636 1101 1688 δώσειν,
1143 1655 1246 1688 τους
1275 1638 1318 1682 δ’
1349 1641 1408 1708 εἰς
1437 1640 1512 1691 τάς
1542 1647 1595 1689 25

146 1695 359 1747 πατρίδας
387 1692 638 1737 άποστελεῖν
667 1693 780 1763 μετὰ
816 1697 941 1748 τιμῆς
977 1695 1050 1737 καὶ
1083 1696 1277 1748 δωρεῶν
1327 1698 1427 1746 τους
1468 1698 1514 1741 δὲ

146 1749 458 1804 στρατεύεσθαι
487 1748 783 1818 βουλομένους
811 1751 1028 1818 διανεμεῖν
1058 1752 1117 1802 εἰς
1145 1752 1222 1802 τας
1250 1751 1412 1807 ἑκάστῳ
1442 1770 1514 1796 κα-

145 1806 372 1862 θηκούσας
406 1808 555 1858 τάξεις.
611 1822 698 1849 των
738 1806 783 1849 δὲ
812 1804 1088 1850 Μακεδόνων
1127 1806 1180 1850 ού
1215 1809 1516 1863 προςεχόντων

145 1868 238 1912 τοῖς
255 1863 414 1932 λόγοις,
445 1862 550 1906 άλλοέ
572 1863 646 1906 καὶ
670 1861 1080 1916 προςαπειλούντων
1104 1869 1196 1914 τοῖς
1217 1868 1513 1937 πρεσβευταῖς,

146 1917 348 1975 Εὐμένης
386 1919 618 1971 παρελθων
652 1918 829 1975 ἐπηνεσέ
868 1935 912 1962 τε
950 1918 1110 1971 αὐτοὺς
1144 1921 1216 1963 καὶ
1235 1920 1389 1989 λόγον
1418 1920 1507 1966 εἶπε
1537 1930 1590 1970 30

145 1978 234 2018 τῶν
262 1975 626 2030 παραδεδομένων
655 1991 732 2030 μεν
761 1976 834 2018 καὶ
862 1979 1074 2027 παλαιῶν,
1105 1976 1188 2019 οὐκ
1218 1974 1438 2029 ανοίκειον
1466 1979 1512 2023 δὲ

144 2035 220 2086 τῆς
247 2031 549 2084 περιστάσεως.
608 2031 690 2087 ε’φη
719 2048 804 2087 γαρ
834 2031 1072 2083 ἐρασθέντα
1101 2032 1256 2076 λέοντα
1268 2034 1511 2103 παρθένου

67 2086 134 2122 337
146 2089 423 2143 διαλεχθῆναι
457 2093 517 2147 τῷ
551 2088 681 2157 πατρὶ
710 2105 786 2158 της
815 2087 945 2144 κόρής
973 2086 1082 2142 ὑπερ
1113 2093 1193 2132 τοῦ
1222 2089 1389 2159 γάμου·
1434 2109 1512 2135 τον

145 2144 191 2187 δὲ
227 2144 392 2198 πατέρα
429 2134 567 2200 λέγειν
611 2143 669 2195 ὦς
710 2161 881 2199 ετοιμος
919 2144 998 2199 μέν
1032 2145 1148 2188 ἐστιν
1187 2145 1314 2217 αὐτῷ
1338 2150 1508 2200 δοῦναι,
1539 2158 1594 2201 35

145 2201 385 2245 δεδοικέναι
414 2202 460 2246 δε
488 2201 590 2253 τούς
620 2200 779 2257 ὄνυχας
807 2202 880 2245 καὶ
908 2218 1013 2253 τους
1041 2200 1418 2260 ὀδόντας,μηποτε
1438 2204 1511 2262 γη’-

145 2357 224 2393 100.
270 2354 374 2403 οῗθυμ
377 2359 416 2407 ία
438 2359 536 2403 FW,
563 2360 689 2394 caeteri
713 2360 758 2405 τῇ
782 2356 928 2407 ἀθυμία
1109 2359 1143 2397 5.
1192 2362 1354 2407 φορείῳ]
1386 2363 1509 2409 φορίῳ

144 2403 178 2436 Τ
201 2404 282 2438 Bne.
463 2406 496 2440 6.
544 2403 770 2451 οὐραγοῦσιν
792 2407 851 2440 Fv
856 2407 922 2447 W,
946 2405 1071 2440 caeteri
1095 2409 1328 2452 θηραγοῦσιν

143 2447 318 2494 11.τά]
342 2447 389 2485 τά
412 2464 449 2486 τε
471 2452 518 2485 W
699 2453 755 2487 18.
801 2451 973 2495 τέτταρας
997 2453 1043 2492 F,
1069 2453 1092 2487 6
1117 2454 1195 2487 Bas.
1189 2479 1212 2494 .,
1238 2453 1365 2487 caeteri
1385 2453 1512 2489 τέσσα-

143 2506 212 2539 ρας
392 2497 447 2530 22.
492 2496 559 2541 μὲν
582 2509 651 2532 om.
674 2499 757 2532 Bas.
916 2499 1121 2541 πιστεύειν]
1144 2500 1331 2536 πιστεῦσαι
1356 2502 1415 2533 Fv
1421 2502 1462 2534 W

235 2540 499 2597 συγχωρήσειν]
524 2548 720 2589 συγχωρεῖν
745 2543 774 2577 F
956 2544 1012 2578 24.
1048 2543 1089 2577 δ’
1115 2545 1144 2577 F
1325 2545 1382 2580 25.
1416 2544 1509 2581 οἷπο-

143 2587 298 2630 στελεῖν]
334 2586 535 2623 ἀποστέλλει
527 2603 560 2622 ιν
583 2591 614 2623 F
814 2589 871 2625 27.
918 2590 1102 2632 διατεμεῖν
1122 2591 1396 2644 JVesseHngius:
1427 2592 1508 2626 libri

143 2632 330 2675 διανέμειν
511 2634 566 2669 28.
606 2633 655 2671 δὲ
680 2633 936 2680 Μακεδόνων]
976 2634 1208 2671 ΙιῙακεδόνων
1233 2636 1273 2672 δὲ
1296 2638 1325 2671 F

142 2678 200 2711 29.
247 2678 309 2712 καὶ
332 2689 401 2712 om.
428 2679 457 2712 F
622 2681 679 2715 3⁰.
725 2683 799 2717 τῶν
822 2683 1137 2737 παραδεδομένων
1160 2701 1205 2708 -
1227 2685 1395 2718 παλαιῶν
1419 2684 1506 2724 Fw,

143 2723 270 2757 caeteri
293 2721 358 2759 τόν
382 2725 684 2770 παραδεδομένον
707 2747 753 2755 -
775 2726 934 2763 παλαιὸν
1070 2728 1128 2765 32.
1176 2727 1395 2774 ἐρασθέντα]
1422 2727 1506 2773 ἐρα-

143 2770 281 2814 σθῆναι
304 2770 335 2804 F

231 2816 312 2851 337.
344 2814 401 2850 35.
449 2816 673 2864 δεδοικέναι]
698 2817 841 2855 δέδοικε
864 2818 942 2853 VW

1179 2879 1237 2919 87
