1820 3249
1 171 5 293 Ι
448 164 734 209 LIB.XV11.
791 162 924 205 cAP.
956 164 1024 204 12.
1055 163 1120 203 13.
1364 161 1476 202 1147

2 295 4 336 ὲ
94 285 183 328 τῶν
215 281 420 353 Θηβαίων
458 280 600 328 ἱππεῖς
637 275 800 346 ὁμοίως
834 278 928 325 τοῖς
956 277 1100 327 πεζοῖς
1132 270 1389 327 συνέτρεχον
1418 272 1478 322 εἰς

2 344 3 348 ’
94 356 176 395 την
211 339 363 391 πόλιν,
409 335 483 380 καὶ
521 333 714 384 πολλοὺς
752 333 831 388 μὲν
866 335 956 375 τῶν
995 332 1120 373 ἰδίων
1148 332 1478 383 συμπατοῦντες

95 396 373 466 διέφθειρον,
418 390 544 436 αὐτοὶ
585 392 631 435 δὲ
667 390 1011 457 τεταραγμένως
1023 389 1270 438 εἰςίππευον
1309 388 1367 435 εἰς
1398 385 1477 441 τήν
1506 384 1561 426 75

95 452 244 505 πόλιν,
290 451 337 495 έν
375 449 422 493 δὲ
458 454 552 499 ταῖς
591 447 804 499 διεξόδοις
843 446 917 488 καὶ
959 444 1146 500 τάφροις
1181 448 1273 493 τοῖς
1301 443 1480 492 οἰκείοις

97 510 247 559 ὅπλοις
291 508 619 578 περιπίπτοντες
657 505 898 547 ἐτελεύτων.
969 503 1012 544 οἱ
1052 501 1097 544 δὲ
1132 500 1212 555 τήν
1254 501 1481 569 Καδμείαν

96 569 398 621 φρουροῦντες
443 562 696 619 ἐκχυθέντες
745 560 792 603 ἐκ
837 563 912 614 τῆς
951 557 1233 625 ἀκροπόλεως
1273 554 1481 624 ἀπήντων

94 628 187 673 τοῖς
240 622 467 691 Θηβαίοις,
526 620 601 664 καὶ
644 617 979 674 τεταραγμένοις
1022 613 1295 664 ἐπιπεσόντες
1338 611 1482 656 πολύν

94 679 275 724 ἐποίουν
305 676 464 747 φόνον.
1511 666 1566 703 80

212 737 300 789 Τῆς
329 735 375 778 δὲ
403 732 569 784 πόλεως
597 735 758 776 τοῦτον
795 730 875 774 τόν
903 728 1072 784 τρόπον
1101 724 1482 782 καταλαμβανομέ-
1511 721 1568 760 13

95 808 175 848 νης
213 792 372 835 πολλαὶ
412 791 485 834 καὶ
521 792 701 833 ποκίλαι
737 786 1010 841 περιστάσεις
1049 785 1171 836 ἐντὸς
1211 788 1300 826 τῶν
1329 785 1483 838 τειχῶν

95 849 306 904 ἐγίνοντο.
365 849 410 891 οἱ
438 864 518 902 μεν
546 845 630 902 γάρ
668 845 921 896 Μακεδόνες
961 843 1033 888 δια
1064 843 1142 897 τὴν
1171 840 1484 909 ὑπερηφανίαν

95 908 179 950 τοῦ
214 903 493 962 κηρύγματος
529 901 790 958 πικρότερον
827 901 856 957 η“
893 901 1240 970 πολεμικώτερον
1279 894 1484 965 προςεφέ-
1513 891 1568 933 85

99 978 233 1018 ροντο
261 967 353 1013 τοῖς
386 963 612 1031 Θηβαίοις,
643 961 717 1005 καὶ
747 975 853 1016 μετα
881 963 1043 1028 πολλῆς
1074 955 1250 1006 ἀπειλῆς
1279 951 1484 1023 ἐπιφερό-

99 1035 226 1076 μενοι
273 1024 366 1070 τοῖς
403 1017 681 1118 ήτυχηκόσινδ
686 1016 899 1088 ἀφειδῶς
941 1014 1138 1070 ἀνῄρουν
1176 1012 1342 1062 πάντας
1377 1026 1484 1060 τους

98 1076 506 1146 περιτυγχάιιοντας.
577 1076 620 1118 οἱ
658 1074 704 1118 δὲ
745 1076 953 1143 Θηβαῖοι
966 1073 1015 1115 τὸ
1053 1068 1368 1127 φιλελεύθερον
1407 1071 1485 1123 τῆς

98 1136 242 1205 ψυχῆς
253 1132 637 1202 διαφυλάττοντες
675 1134 891 1174 τοσοῦτον
927 1128 1103 1184 ἀπεῖχον
1140 1130 1222 1170 τοῦ
1252 1129 1485 1193 φιλοζωεῖν

100 1189 201 1240 ω’ςτ’
246 1189 293 1233 ἐν
330 1195 423 1240 ταῖς
463 1188 726 1243 ἀπαντήσεσι
768 1186 1091 1242 συμπλέκεσθαι
1133 1184 1208 1228 καὶ
1242 1183 1321 1233 τοὶς
1361 1181 1484 1234 παρὰ
1512 1180 1568 1220 90

99 1264 187 1290 των
215 1248 434 1302 πολεμίων
470 1246 738 1289 ἐπισπᾶσθαι
774 1244 960 1300 πληγάς·
1009 1243 1251 1290 εαλωκυίας
1284 1239 1368 1295 γὰρ
1409 1241 1485 1293 τῆς

100 1303 269 1354 πόλεως
297 1303 439 1353 οὐδεὶς
471 1304 677 1372 Θηβαίων
707 1301 883 1357 εωράθη
908 1300 1076 1356 δεηθεὶς
1095 1302 1184 1342 τῶν
1207 1293 1485 1340 Μακεδόνων

101 1363 341 1416 φείσασθαι
367 1363 450 1403 τοῦ
480 1363 568 1416 ζῆν,
601 1358 705 1403 οὐδε
735 1359 1031 1411 προςέπιπτον
1049 1361 1142 1407 τοῖς
1163 1358 1250 1398 τῶν
1273 1351 1487 1407 κρατούν-

10 1447 12 1460 ι
101 1434 190 1461 των
219 1417 417 1486 γόνασιν
434 1415 640 1472 ἀγεννῶς.
700 1414 795 1458 ἀλλ’
836 1415 935 1459 ου’τε
965 1413 1014 1458 τὸ
1046 1417 1123 1469 τῆς
1154 1410 1312 1482 ἀρετῆς
1340 1409 1487 1460 πάθος
1516 1410 1571 1453 95

10 1473 268 1526 ὶ17οἠλεεῖτο
298 1489 419 1527 παρα
449 1478 540 1523 τοῖς
580 1475 806 1528 πολεμίοις
836 1472 938 1515 οὔτε
967 1471 1017 1515 τὸ
1052 1487 1127 1526 της
1155 1468 1340 1538 ἡμέρας
1349 1471 1490 1537 μῆκος

103 1530 227 1586 ἤρκει
255 1529 367 1584 πρός
394 1529 473 1586 τὴν
503 1528 703 1599 ω’μότητα
733 1533 809 1585 τῆς
837 1530 1058 1584 τιμωρίας,
1089 1531 1209 1569 πᾶσα
1240 1526 1286 1568 δε
1313 1523 1340 1580 ἡ
1365 1523 1491 1573 πόλις

104 1588 349 1644 ἐξεφορεῖτο
392 1588 564 1629 παίδων
604 1585 718 1641 ὁμοῦ
754 1587 829 1629 καὶ
865 1585 1103 1639 παρθένων
1142 1582 1387 1638 ελκομένων
1417 1581 1492 1624 καὶ

104 1646 154 1688 τὸ
183 1661 260 1699 της
292 1643 501 1699 τεκούσης
531 1643 710 1695 οἰκτρὸν
741 1642 1046 1712 ἐπιβοωμένων
1078 1640 1245 1709 ὄνομα
1290 1637 1491 1682 καθόλου

104 1701 151 1744 δὲ
177 1705 266 1744 τῶν
298 1702 434 1744 οἴκων
475 1700 559 1743 σὺν
598 1699 720 1750 ὅλαις
756 1705 849 1751 ταῖς
880 1699 1147 1755 συγγενείαις
1178 1695 1491 1749 αρπαζομένων
1525 1696 1604 1734 100

103 1757 329 1812 πάνδημος
370 1756 535 1813 υπῆρχε
571 1762 646 1811 τῆς
682 1755 848 1808 πόλεως
887 1753 1260 1823 ἀνδραποδισμός.
1318 1756 1405 1795 τῶν
1443 1750 1488 1794 δ’

101 1814 477 1869 ὑπολελειμμένων
510 1816 716 1869 Θηβαίων
747 1816 790 1857 οἱ
819 1814 898 1869 μὲν
927 1810 1303 1866 κατατετρωμένοι
1327 1809 1379 1851 τοὶ
1411 1808 1491 1851 σώ-

104 1888 221 1928 ματα
263 1872 338 1915 καὶ
380 1875 724 1927 λιποψυχοῦντες
773 1870 1090 1914 συνεπλέκοντο
1133 1873 1225 1919 τοῖς
1265 1867 1491 1934 πολεμίοις

105 1926 548 1998 συναποθνήσκοντες
575 1946 627 1984 τῃ
659 1932 746 1971 τῶν
777 1929 949 1982 ἐχθρῶν
981 1926 1194 1983 ἀπωλεία,
1239 1941 1282 1967 οι
1313 1923 1360 1967 δὲ
1388 1920 1489 1966 κλά-
1520 1922 1546 1965 5

107 1997 237 2042 σματι
268 1984 466 2039 δόρατος
484 1985 748 2040 ἐρειδόμενοι
779 1985 1007 2056 συνήντων
1026 1988 1118 2034 τοῖς
1139 1978 1490 2050 ἐπιφερομένοις,

106 2043 181 2087 καὶ
221 2040 580 2098 διαγωνιζόμενοι
615 2042 695 2085 τὸν
735 2042 927 2087 ὕστατον
954 2041 1116 2109 ἀγῶνα
1133 2040 1381 2093 προετίμων
1409 2053 1490 2093 την

105 2100 361 2154 ἐλευθερίαν
391 2104 466 2154 τῆς
492 2101 719 2169 σωτηρίας.
776 2104 943 2143 πολλοῦ
975 2098 1021 2142 δε
1056 2095 1203 2153 φόνου
1232 2095 1490 2151 γενομένου,

107 2157 182 2200 καὶ
209 2173 284 2217 της
312 2155 478 2206 πόλεως
507 2157 616 2199 κατα
646 2155 790 2201 πάντα
818 2157 957 2200 τόπον
976 2159 1147 2208 νεκρῶν
1167 2152 1489 2222 πληρουμένης,

108 2230 190 2258 ουκ
217 2217 273 2269 ἡν
311 2213 426 2265 ὅςτις
453 2212 562 2257 ἰδων
592 2211 677 2257 οὐκ
708 2214 764 2258 ἂν
792 2213 945 2271 ἠλέησε
973 2213 1050 2264 τὰς
1079 2211 1232 2281 τύχας
1239 2226 1329 2253 των
1359 2207 1489 2264 ἀκλη-
1525 2207 1574 2246 10

109 2269 320 2324 ρούντων.
379 2270 454 2313 καὶ
478 2287 563 2326 γαρ
594 2275 683 2314 τῶν
702 2272 920 2341 Ἑλλήνων
946 2274 1141 2319 Θεσπιεῖς
1163 2267 1238 2310 καὶ
1261 2270 1494 2316 Πλαταιεῖς

109 2327 173 2371 ἔτι
208 2326 253 2371 δ’
288 2326 563 2397 Ὀρχομένιοι
595 2329 670 2371 καί
707 2345 821 2380 τινες
861 2328 986 2371 ἄλλοι
1015 2330 1106 2369 τῶν
1137 2324 1374 2377 ἀλλοτρίως
1406 2325 1442 2367 δ.-
1451 2340 1495 2364 α

108 2383 318 2439 κειμένων
345 2384 456 2438 πρὸς
484 2401 590 2435 τους
623 2387 867 2456 Θηβαίους,
908 2381 1302 2436 συστρατευόμενοι
1330 2384 1391 2436 τῷ
1422 2383 1497 2450 βα-

113 2443 238 2493 σιλεῖ,
268 2440 509 2485 συνέπεσον
539 2443 599 2496 εἰς
625 2442 704 2499 τὴν
734 2441 878 2497 πόλιν,
908 2442 982 2487 καὶ
1010 2440 1091 2497 τὴν
1122 2441 1239 2483 ἰδίαν
1267 2425 1465 2494 ε’χθραν’
1448 2453 1496 2480 εν

111 2589 168 2623 74.
215 2588 512 2646 τεταραγμένως]
548 2590 810 2647 τεταραγμένοι
842 2591 872 2624 F
1083 2587 1142 2622 79.
1188 2585 1496 2630 τεταραγμένοις]

110 2635 370 2681 τεταραγμένοι
394 2638 422 2671 L
579 2638 636 2677 84.
684 2634 970 2683 υπερηφανίαν]
1006 2631 1249 2680 περιφάνειαν
1272 2634 1333 2667 FL

107 2682 164 2718 93.
213 2683 418 2726 φείσασθαι
441 2694 508 2716 om.
533 2684 561 2717 L

203 2728 282 2763 17⁰.
315 2728 372 2762 ⁴)7.
419 2725 443 2773 ἡ
469 2741 538 2762 mn
564 2731 594 2764 F
786 2729 956 2772 παίδων]
991 2727 1151 2762 παιδίων
1175 2727 1241 2760 TY
1266 2736 1391 2770 margo
1415 2725 1497 2777 3³3²S

294 2775 352 2809 99.
399 2772 568 2810 καθόλου
593 2777 888 2811 Rhodomannus:
913 2775 995 2809 libri
1018 2772 1195 2809 καθόλων
1379 2771 1410 2805 1.
1455 2765 1496 2804 δ’

112 2820 142 2855 F
327 2822 361 2857 3.
409 2824 702 2869 λιποψνχοῦντες
726 2825 756 2859 F
781 2824 876 2866 Bas„
902 2821 1029 2858 caeteri
1053 2819 1363 2865 λειποψυχοῦντες
