1820 3249
0 2787 8 3249 —w-Wffl-

495 184 751 229 LIB.X1X.
812 184 945 226 cAP.
974 188 1044 229 84.
1072 187 1144 230 85.
1394 189 1505 230 1425

139 297 364 370 ἄπρακτον
397 296 532 342 ἐποίει
569 293 649 352 τὴν
685 295 786 365 βίαν
823 294 980 340 αὐτῶν.
1038 297 1159 348 τέλος
1191 295 1239 340 δὲ
1272 299 1361 340 τῶν
1389 299 1503 341 πλεί-

138 369 250 398 στων
273 353 420 399 Ἰνδῶν
444 351 873 398 κατακοντισθέντων
894 352 1169 423 ὑποχειρίους
1198 353 1357 408 συνέβη
1387 355 1503 408 γενέ-

137 417 244 454 σθαι
271 409 434 462 πάντας
461 410 564 460 τούς
591 408 839 463 ἐλέφαντας.
888 411 942 453 οὐ
972 409 1244 460 τελεσθέντος
1274 412 1319 452 οἱ
1345 411 1501 454 πολλοὶ

133 484 224 511 των
249 468 347 522 περὶ
375 466 626 535 Δημήτριον
654 466 818 508 ἱππέων
847 467 1184 520 καταπλαγέντες
1211 467 1323 521 πρὸς
1351 467 1501 522 φυγήν

135 523 369 594 ω’ρμησαν·
410 522 541 574 αὐτὸς
570 523 615 566 δὲ
644 520 735 578 μετ’
766 522 926 577 ὀλίγων
963 521 1264 593 ἀπολειφθείς,
1295 525 1368 566 καὶ
1398 523 1494 566 δεό-
1526 530 1578 573 65

133 596 262 635 μενος
290 579 470 624 ἑκάστου
499 583 650 635 στῆναι
678 580 750 622 καὶ
777 578 834 634 μή
866 584 1116 622 καταλιπεῖν
1144 577 1300 631 αὐτόν,
1332 579 1391 630 ὥς
1421 578 1496 623 οὐ-

135 637 222 688 δεὶς
249 643 464 692 προςεῖχε,
497 640 822 691 συναποχωρεῖν
846 634 1122 691 ἠναγκάζετο.
1163 636 1286 690 μέχρι
1315 637 1405 704 μὲν
1414 639 1496 679 οὐν

134 694 274 750 Γάζης
313 696 355 737 οἱ
386 693 541 737 πολλοὶ
576 696 665 735 τῶν
701 692 864 734 ἱππέων
902 696 1342 743 συνακολουθοῦντες
1378 690 1494 748 ὑπη-

131 766 269 793 κουον
302 750 376 793 καὶ
413 749 677 819 κατέστησαν
715 751 772 800 εἰς
809 747 967 800 τάξεις,
1007 748 1111 799 ὥςτε
1140 749 1304 803 μηδέτα
1335 750 1496 804 ῥᾳδίως
1523 759 1578 799 70

129 810 296 877 τολμᾶν
325 805 556 861 προςάγειν
588 811 676 848 τῶν
707 807 798 861 είκη
829 804 1102 849 διωκόντων·
1138 805 1188 848 τὸ
1223 804 1308 859 γτὶρ
1344 808 1496 848 πεδίον

129 858 385 934 ευρύχωρον
424 862 477 906 ὃν
514 864 586 906 καὶ
616 863 815 932 μαλακον
849 861 1052 928 συνήργει
1090 866 1182 912 τοῖς
1210 863 1496 917 βουλομένοις

127 919 176 964 ἐν
203 919 318 971 τάξει
346 925 567 963 ποιεῖσθαι
606 936 688 975 την
716 918 1002 974 αποχιόρησιν.
1063 920 1317 961 συνείποντο
1349 919 1394 961 δὲ
1423 920 1496 961 καὶ

127 980 268 1029 πεζων
295 978 338 1020 οἱ
369 976 659 1045 βουληθέντες
697 980 835 1019 λιπεῖν
874 975 951 1026 τάς
978 975 1113 1027 τάξεις
1141 974 1214 1018 καὶ
1243 976 1374 1029 χωρὶς
1407 980 1496 1018 τῶν

129 1032 276 1076 ὅπλων
320 1031 546 1084 διασώζειν
588 1032 771 1082 ἑαυτοὺς
813 1031 1044 1086 ἐλαφρούς.
1117 1032 1494 1085 παραλλάττοντος
1523 1038 1576 1079 75

128 1089 174 1132 δὲ
212 1088 353 1132 αὐτοῦ
390 1087 536 1141 Γάζαν
581 1088 680 1142 περὶ
716 1087 855 1156 ηλίου
883 1088 1031 1139 δύσιν,
1083 1086 1370 1138 απολιπόντες
1407 1093 1496 1131 τῶν

127 1145 294 1188 ἱππέων
321 1145 435 1195 τινὲς
462 1148 707 1214 παρῆλθον
721 1146 780 1194 είς
807 1143 886 1199 τήν
914 1143 1056 1192 πόλιν,
1087 1146 1312 1199 εκκομίσαι
1338 1145 1496 1217 βουλό-

127 1218 251 1268 μενοι
279 1218 356 1253 τας
385 1201 640 1252 ἀποσκευάς.
684 1198 971 1255 ἆνοιχθεισων
1001 1204 1084 1243 οὐν
1111 1205 1201 1243 τῶν
1230 1206 1316 1244 πυ]
1320 1218 1394 1252 ων
1421 1202 1496 1245 καὶ

124 1258 321 1314 πλήθους
356 1257 604 1314 υποζυγίων
634 1255 972 1310 ἀθροισθέντος,
1003 1257 1064 1299 ἔτι
1092 1257 1139 1300 δὲ
1167 1257 1352 1301 ἑκάστου
1381 1275 1494 1312 πρω-

124 1332 205 1358 του
235 1314 502 1366 σπεύδοντος
534 1315 754 1369 εξαγαγεῖν
782 1314 835 1357 τοὶ
866 1313 1140 1384 σκευοφόρα,
1171 1318 1386 1358 τοσοῦτον
1418 1315 1491 1358 θό-
1523 1318 1576 1356 80

125 1374 267 1426 ρυβον
304 1372 520 1441 γενέσθαι
547 1370 746 1439 συνέβη
734 1371 831 1425 περὶ
867 1371 945 1420 τοὶς
974 1369 1116 1421 πύλας
1151 1370 1252 1421 ὥςτε
1280 1375 1367 1414 τῶν
1395 1372 1493 1426 περὶ

125 1432 398 1481 Πτολεμαῖον
427 1427 637 1472 ἐπιόντων
666 1428 829 1482 μηδένα
857 1427 1075 1471 δύνασθαι
1105 1429 1276 1482 φθάσαι
1303 1430 1493 1482 συγκλεί-

125 1496 272 1528 σαντα.
335 1484 488 1554 διόπερ
529 1486 810 1535 είςπεσόντων
858 1500 946 1526 των
993 1485 1212 1536 πολεμίων
1251 1501 1372 1534 εντος
1411 1488 1492 1528 τοῦ

122 1543 290 1612 τείχους
321 1541 349 1598 ἡ
380 1541 503 1593 πόλις
547 1540 795 1596 υποχείριος
841 1541 1008 1596 ἐγένετο
1048 1545 1140 1590 τοῖς
1192 1541 1291 1595 περὶ
1331 1544 1491 1585 Πτολε-

119 1604 265 1654 μαῖον.
1521 1597 1575 1638 85

241 1658 328 1725 Τῆς
363 1655 410 1699 δὲ
447 1651 583 1710 μάχης
617 1658 795 1698 τοιοῦτο
833 1652 883 1697 τὸ
915 1653 1043 1704 τέλος
1070 1651 1312 1723 λαβούσης,
1342 1652 1489 1709 Δημή
1518 1655 1576 1695 85

123 1728 245 1766 τριος
274 1713 352 1768 μὲν
382 1712 599 1754 διέτεινεν
613 1712 672 1760 εἰς
688 1710 881 1764 ’Ἄζωτον
909 1711 1007 1763 περὶ
1034 1710 1165 1765 μέσας
1186 1709 1359 1761 νύκτας,
1383 1713 1491 1753 διελ-

124 1770 232 1812 θεὸν
261 1770 489 1819 σταδίους
502 1766 800 1823 ἑβδομήκοντα
845 1785 919 1812 και
946 1769 1220 1837 διακοσίους.
1285 1767 1489 1810 ἐντευθεν

125 1826 172 1869 δὲ
199 1826 366 1879 κήρυκα
401 1824 502 1877 περὶ
535 1841 612 1893 της
646 1828 735 1868 τῶν
770 1829 937 1879 νεκρῶν
974 1821 1236 1876 ἀναιρέσεως
1274 1823 1490 1878 ἐξέπεμψε,
1521 1826 1575 1865 90

125 1882 325 1925 σπεύδων
361 1881 409 1924 ἐκ
449 1882 611 1931 παντὸς
649 1880 815 1935 τρόπου
854 1886 934 1948 τῆς
969 1879 1282 1936 ἐπιβαλλούσης
1320 1884 1493 1936 κηδείας

126 1936 308 1990 ἆξιωσαι
335 1936 451 1988 τούς
466 1938 853 2008 τετελευτηκότας
863 1935 1098 1993 ἐτύγχανον
1121 1937 1203 1991 γὰρ
1231 1939 1274 1979 οἱ
1301 1942 1494 1980 πλεῖστοι

123 1999 214 2038 τῶν
244 1997 387 2051 φίλων
415 1993 704 2051 πεπτωκότες,
735 1996 798 2037 ὠν
825 1988 939 2065 ἦσαν
964 1994 1298 2049 ἐπιφανέστατοι
1323 1993 1494 2037 Πύθων

124 2068 169 2095 τε
198 2050 222 2095 ὁ
252 2052 448 2120 μετέχων
476 2055 550 2106 τῆς
581 2053 836 2123 στρατηγίας
872 2049 939 2094 ἐπ’
969 2052 1065 2105 ἴσης
1095 2050 1212 2107 αὐτῷ
1242 2051 1314 2093 καὶ
1348 2053 1490 2093 Βοίω-

123 2124 203 2159 τος,-
214 2108 355 2152 πολύν
370 2106 537 2178 χρόνον
548 2107 788 2179 συνεζηκὼς
802 2106 1035 2177 Ἀντιγόνῳ
1057 2123 1116 2161 τῳ
1137 2108 1266 2159 πατρὶ
1285 2108 1356 2150 καὶ
1377 2123 1489 2180 ufta·
1518 2106 1572 2148 95

125 2165 307 2220 σχηκώς
318 2181 484 2215 παντος
514 2161 793 2220 ἀπορρητου,
820 2181 941 2208 κατα
961 2164 1006 2207 δὲ
1035 2162 1112 2223 τὴν
1121 2164 1380 2223 παράταξιν
1401 2166 1491 2207 ἒπε-

125 2233 211 2265 σον
224 2237 320 2277 μεν
329 2222 505 2272 πλείους
523 2225 612 2264 τῶν
629 2222 1014 2278 πεντακιςχιλίων,
1022 2236 1085 2263 ων
1110 2223 1223 2277 ἦσαν
1252 2237 1294 2264 οι
1314 2221 1491 2272 πλείους

124 2357 180 2392 71.
203 2357 333 2393 πεδίον
366 2355 580 2412 ευρύχωρον
616 2353 681 2400 ον]
714 2356 782 2392 τοῦ
817 2356 956 2399 χωρίου
987 2354 1028 2391 ε·ι’
1031 2354 1199 2400 ρύχωρον
1230 2358 1338 2391 FVW

168 2404 224 2438 73.
251 2403 316 2444 τοὶς
337 2403 455 2446 τάξεις
478 2405 652 2448 FQTWX
678 2404 757 2437 Bas.
770 2428 779 2444 ‚
815 2403 940 2437 ommi
968 2402 1034 2449 τὴν
1056 2403 1159 2446 τάξιν
1339 2402 1396 2439 75,
1420 2416 1490 2439 πα·

124 2448 406 2494 ραλλάττοντος]
434 2450 515 2484 Ιί1)ι·ἰ
536 2447 855 2494 παραλλάσσοντος
1033 2449 1090 2483 79.
1123 2448 1268 2492 πρώτου
1300 2460 1368 2483 οηι.
1394 2451 1488 2492 Bas„

124 2495 287 2531 asterisco
308 2495 442 2529 notavit
461 2495 657 2539 Stephamls
837 2494 894 2529 So.
916 2494 1085 2539 γενέσθαι
1108 2496 1255 2538 συνέβη]
1276 2496 1416 2530 imertit
1428 2498 1467 2530 F

261 2542 318 2576 82.
351 2543 630 2586 συγκλείσαντα]
667 2539 732 2579 τοὶς
761 2539 879 2580 πύλας
914 2543 1168 2585 συγκλείσαντα
1202 2543 1292 2584 FQ}
1299 2543 1340 2575 W

215 2587 272 2624 86.
300 2589 476 2629 τοιοῦτο]
501 2588 762 2628 τοιοῦτονἪῙ,
787 2588 914 2622 omisso
936 2588 978 2622 τό
1005 2589 1033 2621 F
1220 2588 1277 2622 87.
1302 2587 1488 2631 διέτεινεν]

122 2629 307 2670 υπέτεινεν
331 2635 360 2668 Ε
519 2634 575 2668 90.
599 2633 660 2678 ἐκ]
684 2632 743 2670 ἐπὶ
765 2635 794 2668 F
888 2650 889 2653 ¹
952 2635 1018 2679 τῆς
1041 2632 1302 2680 ἐπιβαλλούσης
1325 2636 1486 2680 κηδείας]

155 2681 198 2736 ᾗς
427 2691 503 2722 ης
609 2692 652 2719 ας
680 2700 681 2707 1

123 2738 190 2780 την
213 2722 479 2784 ἐπιβάλλουσαν
501 2725 667 2768 κηδείαν1
674 2725 703 2759 1⁴*
807 2725 890 2761 ’94.
908 2724 988 2759 libri
1010 2725 1175 2766 Βοιωτὸς
1309 2725 1365 2760 95.
1382 2724 1491 2760 'Avu-

124 2772 219 2816 γόιςο
241 2773 296 2816 τῷ
317 2771 428 2815 πατρι
449 2783 531 2806 om.
541 2772 574 2805 T
593 2772 675 2805 Bas.
699 2800 701 2802 .
727 2803 733 2807 ‚
812 2772 869 2805 97.
882 2784 965 2806 των
988 2772 1281 2817 πεντακιςχιλίων
1303 2771 1489 2807 wesselin-

124 2819 221 2862 gius.
242 2818 321 2852 libri
345 2819 419 2853 τῶν
441 2819 708 2860 πεντακοσίων,
733 2818 982 2854 πεντακοσίων
1001 2818 1032 2852 1⁴*

1157 2832 1218 2928 ιη’
