1820 3249
378 672 521 713 ΤΗΣ
560 669 1240 712 ΕΠΤΑΚΑΙΛΕΚΑΤΗΣ
1523 676 1578 717 25

210 777 393 825 ΤΩΝ
453 777 889 825 ΔΙΟΔΩΡΟ
920 779 965 823 Υ
1012 771 1403 822 ΒΙΒΛΩΝ

141 889 181 922 Η
217 889 458 924 AEYTEPA
499 888 695 924 ΒΙΒΛΟΣ
733 888 774 920 Η
799 887 892 922 “TO
930 886 1225 921 AETTEPON
1270 884 1470 918 TMHMA.

116 1083 324 1168 Δαρεῖος
361 1113 440 1184 μὲν
467 1112 550 1185 γὰρ
582 1111 780 1170 ἡττηθεὶς
810 1110 856 1157 ἐν
884 1116 938 1171 τῇ
968 1113 1066 1166 περὶ
1084 1111 1277 1184 ’Ἄρβηλα
1304 1109 1492 1180 παρατά-
1521 1087 1579 1184 {333

116 1174 178 1225 ξει
206 1171 286 1228 τὴν
316 1187 463 1228 φυγην
491 1170 560 1214 ἐπὶ
588 1173 665 1222 τας
693 1171 783 1214 ἅνω
795 1172 1074 1242 σατραπείας
1097 1170 1345 1224 ἐποιήσατο,
1369 1166 1495 1211 σπεύ-

119 1231 210 1272 δων
248 1232 308 1287 τῷ
348 1227 603 1283 διαστήματι
639 1232 727 1271 τῶν
756 1226 903 1272 τόπων
932 1230 1078 1296 λαβεῖν
1108 1225 1393 1295 ἀναστροφὴν
1421 1225 1493 1269 καὶ

116 1285 278 1342 χρόνον
316 1284 471 1328 ἱκανὸν
508 1286 567 1334 εἰς
604 1284 887 1338 παρασκευὴν
925 1283 1165 1338 δυνάμεως.
1222 1282 1272 1326 τὸ
1303 1282 1382 1337 μὲν
1412 1284 1494 1325 οὐν
1523 1288 1578 1331 35

117 1346 296 1396 πρῶτον
335 1343 394 1392 εἰς
430 1341 669 1396 Ἐκβάτανα
697 1346 780 1412 ἲτῆς
810 1342 986 1397 Μηδίας
1017 1340 1250 1391 διανύσας,
1299 1340 1495 1382 ἐνταῦθα

118 1401 314 1454 διέτριβε,
345 1399 419 1441 καὶ
448 1415 551 1448 τους
580 1399 658 1452 μὲν
691 1399 736 1441 ἐκ
757 1402 832 1453 τῆς
858 1402 999 1452 φυγῆς
1020 1396 1378 1452 ἀνασωζομένους
1399 1394 1495 1439 άνε-

118 1456 284 1528 δὲχετο,
324 1471 429 1505 τους
466 1454 510 1498 δὲ
549 1453 765 1504 ἀνόπλους
805 1454 1058 1507 καθώπλιζε.
1120 1453 1406 1508 μετεπέμπετο
1448 1452 1494 1496 δὲ

115 1514 188 1556 καὶ
219 1512 482 1582 στρατιώτας
510 1510 558 1554 ἐκ
587 1516 677 1553 τῶν
714 1510 1030 1581 πλησιοχώρων
1071 1510 1239 1560 ἐθνῶν,
1280 1511 1353 1553 καὶ
1383 1509 1495 1562 πρός

115 1587 221 1621 τους
258 1569 304 1614 ἐν
336 1568 551 1637 Βάκτροις
581 1569 655 1610 καὶ
691 1574 784 1619 ταῖς
822 1567 913 1610 α’νω
956 1569 1235 1620 σατραπείαις
1272 1565 1494 1619 σατράπας
1523 1569 1579 1613 40

117 1626 190 1670 καὶ
238 1625 506 1695 στρατηγοὺς
546 1625 819 1693 διεπέμπετο,
868 1628 1138 1677 παρακαλῶν
1186 1622 1496 1695 διαφυλάττειν

94 1682 195 1739 ,τὴν
231 1682 341 1735 πρὸς
381 1680 517 1724 αὐτὸν
559 1679 750 1724 εὔνοιαν.
805 1680 1087 1733 Ἀλέξανδρος
1118 1680 1164 1724 δὲ
1194 1680 1297 1751 μετὰ
1328 1679 1407 1734 τὴν
1435 1681 1496 1722 νί-

116 1756 199 1794 κην
236 1737 387 1789 θάψας
422 1737 525 1788 τοὺς
551 1738 903 1807 τετελευτηκότας
933 1737 1111 1792 ἐπέβαλε
1140 1742 1231 1788 τοῖς
1257 1735 1495 1807 Ἀρβηλοις,

115 1797 189 1840 καὶ
217 1794 384 1865 πολλὴν
413 1811 492 1849 μεν
520 1797 644 1849 εὑρεν
676 1793 906 1863 ἀφθονίαν
933 1799 1010 1863 τῆς
1028 1797 1207 1849 τροφῆς,
1239 1791 1322 1836 οὐκ
1343 1792 1493 1848 ὀλίγον
1525 1797 1579 1840 45

118 1852 177 1897 δὲ
195 1851 361 1907 κόσμον
388 1852 462 1903 καὶ
490 1851 627 1905 γάζαν
656 1849 949 1908 βαρβαρικήν,
981 1850 1197 1906 ἀργυρίου
1232 1850 1277 1894 δε
1307 1850 1496 1893 ’τάλαντα

116 1911 334 1978 τριςχίλια.
398 1907 795 1978 συλλογισάμενος
819 1909 865 1952 δὲ
911 1906 990 1962 τήν
1032 1908 1277 1962 μέλλουσαν
1322 1907 1496 1950 ἔσεσθαι

117 1964 301 2022 φθοράν
335 1968 432 2007 τοῦ
456 1964 731 2018 περιέχοντος
770 1964 898 2019 άέρος
935 1964 1007 2008 διά
1037 1963 1087 2007 τὸ
1116 1969 1285 2020 πληθος
1313 1968 1402 2006 τῶν
1431 1980 1496 2006 νε-

116 2027 258 2076 κρῶν,
307 2020 444 2071 εὐθὺς
483 2020 699 2075 ἀνέζευξε,
747 2023 819 2065 καὶ
849 2023 1087 2077 κατήντησε
1117 2021 1223 2076 μετα
1253 2020 1401 2089 πάσης
1418 2025 1495 2078 τῆς

117 2077 343 2148 δυνάμεως
380 2079 440 2128 εἰς
469 2080 725 2132 Βαβυλῶνα.
783 2095 872 2122 των
912 2078 956 2145 δ’
995 2078 1212 2134 ἐγχωρίων
1249 2076 1494 2132 προθύμως
1524 2080 1578 2122 50

117 2134 451 2190 υποόεξαμένων
482 2133 617 2178 αὐτὸν
644 2136 719 2178 καὶ
753 2152 862 2179 κατα
878 2134 954 2186 τάς
975 2135 1268 2203 ἐπισταθμίας
1284 2139 1493 2190 λαμπρῶς

118 2191 361 2235 εστιώντων
400 2191 506 2242 τούς
545 2192 832 2245 Μακεδόνας,
882 2191 1063 2247 ἀνέλαβε
1098 2191 1176 2247 τὴν
1219 2190 1406 2246 δύναμιν
1445 2191 1493 2234 ἐκ

117 2252 192 2304 τῆς
220 2247 590 2319 προγεγενημένης
617 2250 920 2301 ταλαιπωρίας.
977 2249 1151 2299 πλείους
1190 2248 1234 2316 δε
1264 2253 1352 2291 τῶν
1379 2247 1493 2302 τριά-

119 2321 252 2348 κοντα
281 2304 456 2361 ἡμερῶν
484 2304 723 2359 ἐνδιέτριψε
751 2323 802 2362 τη
833 2305 955 2348 πόλει
985 2305 1055 2349 διά
1085 2322 1128 2348 τε
1157 2321 1237 2360 την
1265 2307 1492 2357 δαψίλειαν
1523 2307 1577 2351 55

118 2378 208 2404 των
237 2361 486 2418 ἐπιτηδείων
515 2362 588 2405 καὶ
617 2362 696 2418 τὴν
724 2364 976 2419 φιλοξενίαν
1004 2365 1093 2406 τῶν
1120 2361 1348 2418 ἐγχωρίων.
1389 2362 1496 2418 μετὰ

116 2529 174 2563 26.
207 2529 266 2563 27.
311 2529 377 2573 τῆς
407 2528 529 2566 {ntum
556 2544 629 2566 των
655 2535 709 2566 Δ.-
723 2532 883 2587 βιβλων]
922 2535 968 2575 Δ.
991 2543 1058 2566 του
1084 2528 1309 2566 Σικελιώτου
1333 2531 1398 2574 τῆς
1423 2533 1491 2566 ΙΣ.

116 2577 196 2609 Bas.
355 2576 412 2609 27.
436 2595 480 2601 —
504 2577 559 2611 3⁰.
608 2575 810 2626 ήδευτὲρα
836 2597 879 2605 -
902 2578 1049 2622 τμῆμα]
1085 2578 1134 2618 εἰς
1157 2576 1216 2619 (ἐς
1239 2577 1290 2618 L)
1318 2575 1388 2611 δύο
1415 2578 1494 2621 διη-

116 2621 275 2666 ρημένης
297 2620 339 2656 τὸ
364 2621 534 2664 δεύτερον
558 2623 586 2657 L
611 2625 708 2668 Bas„
734 2626 784 2665 εἰς
804 2623 872 2660 δύο
892 2622 1170 2678 διῃρημένης-τὸ
1189 2622 1289 2662 τέλος
1307 2625 1372 2667 τῆς
1391 2621 1422 2656 α’
1444 2625 1492 2657 1⁴:

114 2669 251 2702 videtur
274 2668 394 2701 omnis
407 2668 533 2701 divisio
558 2670 709 2704 tollenda
732 2683 766 2705 es
770 2683 817 2713 se,
844 2674 881 2703 ut
904 2671 1072 2704 monitum
1096 2676 1147 2704 est
1169 2671 1213 2704 ad
1237 2670 1319 2703 libri
1343 2668 1491 2703 initium.

205 2714 262 2748 31.
309 2727 374 2757 μεν
398 2711 463 2758 γὰρ
489 2726 558 2748 om.
577 2715 642 2749 'lX
666 2717 762 2758 Bas„
786 2716 950 2751 asterisco
973 2717 1109 2751 notavit
1130 2716 1325 2761 Stephanus

112 2759 170 2794 36.
216 2761 372 2805 μηδείας
394 2761 424 2794 F
447 2763 527 2795 Bas.
711 2763 767 2798 39.
816 2761 940 2798 ἐθνων
964 2774 1033 2798 οιιι.
1058 2763 1087 2797 L
