<?xml version="1.0" encoding="UTF-8"?>
<!DOCTYPE html PUBLIC "-//W3C//DTD XHTML 1.0 Transitional//EN"
    "http://www.w3.org/TR/xhtml1/DTD/xhtml1-transitional.dtd">
<html xmlns="http://www.w3.org/1999/xhtml" xml:lang="en" lang="en">
 <head>
  <title>
</title>
<meta http-equiv="Content-Type" content="text/html;charset=utf-8" />
  <meta name='ocr-system' content='tesseract 3.04.00' />
  <meta name='ocr-capabilities' content='ocr_page ocr_carea ocr_par ocr_line ocrx_word'/>
</head>
<body>
  <div class='ocr_page' id='page_1' title='image "./p1bibliothecahisto02dioduoft_0268.png"; bbox 0 0 1820 3249; ppageno 0'>
   <div class='ocr_carea' id='block_1_1' title="bbox 219 125 1237 174">
    <p class='ocr_par' dir='ltr' id='par_1_1' title="bbox 219 125 1237 174">
     <span class='ocr_line' id='line_1_1' title="bbox 219 125 1237 174; baseline -0.006 0"><span class='ocrx_word' id='word_1_1' title='bbox 219 134 330 174; x_wconf 82' lang='lat'>119⁰</span> <span class='ocrx_word' id='word_1_2' title='bbox 576 127 689 170; x_wconf 71' lang='lat' dir='ltr'><em>[AB.</em></span> <span class='ocrx_word' id='word_1_3' title='bbox 728 125 855 167; x_wconf 79' lang='lat' dir='ltr'><strong>XVII.</strong></span> <span class='ocrx_word' id='word_1_4' title='bbox 914 125 1043 168; x_wconf 83' lang='lat' dir='ltr'><strong>GAP.</strong></span> <span class='ocrx_word' id='word_1_5' title='bbox 1073 129 1140 170; x_wconf 82' lang='lat'><em>56.</em></span> <span class='ocrx_word' id='word_1_6' title='bbox 1169 130 1237 170; x_wconf 81' lang='lat'><em>57.</em></span> 
     </span>
    </p>
   </div>
   <div class='ocr_carea' id='block_1_2' title="bbox 135 236 1694 1829">
    <p class='ocr_par' dir='ltr' id='par_1_2' title="bbox 135 236 1694 1828">
     <span class='ocr_line' id='line_1_2' title="bbox 223 236 1600 298; baseline -0.001 -14"><span class='ocrx_word' id='word_1_7' title='bbox 223 258 279 298; x_wconf 80' lang='grc' dir='ltr'><em>ρα</em></span> <span class='ocrx_word' id='word_1_8' title='bbox 309 239 516 294; x_wconf 78' lang='grc' dir='ltr'><strong><em>κριθέντα</em></strong></span> <span class='ocrx_word' id='word_1_9' title='bbox 555 238 653 291; x_wconf 87' lang='grc' dir='ltr'><em>περι</em></span> <span class='ocrx_word' id='word_1_10' title='bbox 693 240 781 281; x_wconf 74' lang='grc' dir='ltr'><em>τῶν</em></span> <span class='ocrx_word' id='word_1_11' title='bbox 810 237 926 282; x_wconf 81' lang='grc' dir='ltr'><em>ὅλων</em></span> <span class='ocrx_word' id='word_1_12' title='bbox 954 236 1199 282; x_wconf 82' lang='grc' dir='ltr'>παύσεσθαι</span> <span class='ocrx_word' id='word_1_13' title='bbox 1227 240 1315 282; x_wconf 75' lang='grc' dir='ltr'><em>τῶν</em></span> <span class='ocrx_word' id='word_1_14' title='bbox 1346 236 1497 282; x_wconf 86' lang='grc' dir='ltr'><em>πόνων</em></span> <span class='ocrx_word' id='word_1_15' title='bbox 1525 239 1600 282; x_wconf 85' lang='grc' dir='ltr'><em>καὶ</em></span> 
     </span>
     <span class='ocr_line' id='line_1_3' title="bbox 142 292 1601 369; baseline -0.004 -23.975"><span class='ocrx_word' id='word_1_16' title='bbox 142 303 195 345; x_wconf 84' lang='grc'><em>75</em></span> <span class='ocrx_word' id='word_1_17' title='bbox 223 298 541 369; x_wconf 79' lang='grc' dir='ltr'><em>πολυχρονίων</em></span> <span class='ocrx_word' id='word_1_18' title='bbox 553 292 785 340; x_wconf 80' lang='grc' dir='ltr'><em>κινδύνων.</em></span> <span class='ocrx_word' id='word_1_19' title='bbox 843 293 898 338; x_wconf 80' lang='grc' dir='ltr'><em>οὐ</em></span> <span class='ocrx_word' id='word_1_20' title='bbox 927 312 1014 350; x_wconf 91' lang='grc' dir='ltr'><em>μην</em></span> <span class='ocrx_word' id='word_1_21' title='bbox 1045 295 1154 339; x_wconf 84' lang='grc' dir='ltr'><em>άλλοὶ</em></span> <span class='ocrx_word' id='word_1_22' title='bbox 1178 296 1477 349; x_wconf 79' lang='grc' dir='ltr'><em>παρακαλέσας</em></span> <span class='ocrx_word' id='word_1_23' title='bbox 1497 296 1601 347; x_wconf 84' lang='grc' dir='ltr'><em>τούς</em></span> 
     </span>
     <span class='ocr_line' id='line_1_4' title="bbox 224 351 1603 410; baseline 0 -13"><span class='ocrx_word' id='word_1_24' title='bbox 224 355 438 410; x_wconf 79' lang='grc' dir='ltr'><em>ἡγεμόνας</em></span> <span class='ocrx_word' id='word_1_25' title='bbox 470 357 560 404; x_wconf 87' lang='grc' dir='ltr'><em>τοῖς</em></span> <span class='ocrx_word' id='word_1_26' title='bbox 591 354 766 402; x_wconf 78' lang='grc' dir='ltr'><em>οἰκείοις</em></span> <span class='ocrx_word' id='word_1_27' title='bbox 795 351 940 407; x_wconf 80' lang='grc' dir='ltr'><em>λόγοις</em></span> <span class='ocrx_word' id='word_1_28' title='bbox 971 353 1041 394; x_wconf 85' lang='grc' dir='ltr'><em>καὶ</em></span> <span class='ocrx_word' id='word_1_29' title='bbox 1073 352 1184 406; x_wconf 75' lang='grc' dir='ltr'><em>πρὸς</em></span> <span class='ocrx_word' id='word_1_30' title='bbox 1213 352 1316 403; x_wconf 80' lang='grc' dir='ltr'><em>τοὺς</em></span> <span class='ocrx_word' id='word_1_31' title='bbox 1346 352 1603 408; x_wconf 79' lang='grc' dir='ltr'><em>ἐπιφερομέ-</em></span> 
     </span>
     <span class='ocr_line' id='line_1_5' title="bbox 223 408 1603 464; baseline -0.001 -10"><span class='ocrx_word' id='word_1_32' title='bbox 223 428 331 462; x_wconf 83' lang='grc' dir='ltr'><em>νους</em></span> <span class='ocrx_word' id='word_1_33' title='bbox 356 410 593 460; x_wconf 82' lang='grc' dir='ltr'><em>κινδύνους</em></span> <span class='ocrx_word' id='word_1_34' title='bbox 624 408 850 462; x_wconf 70' lang='grc' dir='ltr'>εὐθαρσεῖς</span> <span class='ocrx_word' id='word_1_35' title='bbox 869 408 1153 464; x_wconf 82' lang='grc' dir='ltr'><em>καταστησας,</em></span> <span class='ocrx_word' id='word_1_36' title='bbox 1185 414 1348 464; x_wconf 82' lang='grc' dir='ltr'><em>προῆγε</em></span> <span class='ocrx_word' id='word_1_37' title='bbox 1369 427 1449 464; x_wconf 89' lang='grc' dir='ltr'><em>την</em></span> <span class='ocrx_word' id='word_1_38' title='bbox 1474 411 1603 453; x_wconf 86' lang='grc' dir='ltr'><em>δύνα-</em></span> 
     </span>
     <span class='ocr_line' id='line_1_6' title="bbox 230 465 1604 538; baseline -0.001 -27"><span class='ocrx_word' id='word_1_39' title='bbox 230 485 305 538; x_wconf 89' lang='grc' dir='ltr'><em>μιν</em></span> <span class='ocrx_word' id='word_1_40' title='bbox 335 467 677 522; x_wconf 73' lang='grc' dir='ltr'>συντεταγμένην</span> <span class='ocrx_word' id='word_1_41' title='bbox 707 467 776 509; x_wconf 87' lang='grc' dir='ltr'><em>επὶ</em></span> <span class='ocrx_word' id='word_1_42' title='bbox 805 467 908 516; x_wconf 86' lang='grc' dir='ltr'><em>τούς</em></span> <span class='ocrx_word' id='word_1_43' title='bbox 945 465 1210 535; x_wconf 76' lang='grc' dir='ltr'><em>βαρβάρους,</em></span> <span class='ocrx_word' id='word_1_44' title='bbox 1241 484 1332 537; x_wconf 90' lang='grc' dir='ltr'><em>της</em></span> <span class='ocrx_word' id='word_1_45' title='bbox 1346 483 1433 509; x_wconf 87' lang='grc' dir='ltr'><em>των</em></span> <span class='ocrx_word' id='word_1_46' title='bbox 1462 471 1604 525; x_wconf 80' lang='grc' dir='ltr'>πεζῶν</span> 
     </span>
     <span class='ocr_line' id='line_1_7' title="bbox 146 504 1605 600; baseline -0.001 -32"><span class='ocrx_word' id='word_1_47' title='bbox 146 504 199 600; x_wconf 61' lang='grc' dir='ltr'><em>ΞΟ</em></span> <span class='ocrx_word' id='word_1_48' title='bbox 231 524 454 594; x_wconf 78' lang='grc' dir='ltr'><em>φάλαγγος</em></span> <span class='ocrx_word' id='word_1_49' title='bbox 482 541 559 574; x_wconf 88' lang='grc' dir='ltr'><em>τας</em></span> <span class='ocrx_word' id='word_1_50' title='bbox 589 528 676 566; x_wconf 80' lang='grc' dir='ltr'><em>τῶν</em></span> <span class='ocrx_word' id='word_1_51' title='bbox 707 523 869 565; x_wconf 80' lang='grc' dir='ltr'>ἱππέων</span> <span class='ocrx_word' id='word_1_52' title='bbox 898 524 992 573; x_wconf 88' lang='grc' dir='ltr'><em>ι’λας</em></span> <span class='ocrx_word' id='word_1_53' title='bbox 1030 522 1257 576; x_wconf 77' lang='grc' dir='ltr'><em>προτάξας.</em></span> <span class='ocrx_word' id='word_1_54' title='bbox 1315 522 1384 566; x_wconf 78' lang='grc' dir='ltr'><em>ἐπὶ</em></span> <span class='ocrx_word' id='word_1_55' title='bbox 1414 539 1492 583; x_wconf 87' lang='grc' dir='ltr'><em>μεν</em></span> <span class='ocrx_word' id='word_1_56' title='bbox 1522 526 1605 567; x_wconf 81' lang='grc' dir='ltr'><em>οὐν</em></span> 
     </span>
     <span class='ocr_line' id='line_1_8' title="bbox 175 562 1606 636; baseline -0.001 -11"><span class='ocrx_word' id='word_1_57' title='bbox 175 562 201 601; x_wconf 62' lang='lat'>7</span> <span class='ocrx_word' id='word_1_58' title='bbox 230 582 278 625; x_wconf 67' lang='lat' dir='ltr'><em>to*</em></span> <span class='ocrx_word' id='word_1_59' title='bbox 321 584 388 625; x_wconf 86' lang='grc' dir='ltr'><em>δε</em></span> <span class='ocrx_word' id='word_1_60' title='bbox 358 581 463 634; x_wconf 71' lang='grc' dir='ltr'><em>-ςιὸν</em></span> <span class='ocrx_word' id='word_1_61' title='bbox 493 581 622 634; x_wconf 79' lang='grc' dir='ltr'><em>κέρας</em></span> <span class='ocrx_word' id='word_1_62' title='bbox 652 579 767 632; x_wconf 81' lang='grc' dir='ltr'><em>ε’ταξε</em></span> <span class='ocrx_word' id='word_1_63' title='bbox 796 578 875 634; x_wconf 78' lang='grc' dir='ltr'><em>τὴν</em></span> <span class='ocrx_word' id='word_1_64' title='bbox 907 578 1136 633; x_wconf 71' lang='grc' dir='ltr'><em>βασιλικήν</em></span> <span class='ocrx_word' id='word_1_65' title='bbox 1166 581 1225 621; x_wconf 87' lang='grc' dir='ltr'><em>ιλ</em></span> <span class='ocrx_word' id='word_1_66' title='bbox 1214 596 1287 635; x_wconf 88' lang='lat' dir='ltr'><em>7v,</em></span> <span class='ocrx_word' id='word_1_67' title='bbox 1328 581 1380 636; x_wconf 82' lang='grc' dir='ltr'><em>ής</em></span> <span class='ocrx_word' id='word_1_68' title='bbox 1415 596 1496 636; x_wconf 91' lang='grc' dir='ltr'><em>ειχε</em></span> <span class='ocrx_word' id='word_1_69' title='bbox 1525 581 1606 636; x_wconf 71' lang='grc' dir='ltr'><em>την</em></span> 
     </span>
     <span class='ocr_line' id='line_1_9' title="bbox 229 634 1608 708; baseline -0.001 -26"><span class='ocrx_word' id='word_1_70' title='bbox 229 638 466 708; x_wconf 78' lang='grc' dir='ltr'><em>ἡγεμονίαν</em></span> <span class='ocrx_word' id='word_1_71' title='bbox 497 640 677 686; x_wconf 85' lang='grc' dir='ltr'><em>Κλεῖτος</em></span> <span class='ocrx_word' id='word_1_72' title='bbox 707 636 730 679; x_wconf 91' lang='lat'><em>6</em></span> <span class='ocrx_word' id='word_1_73' title='bbox 763 635 892 692; x_wconf 83' lang='grc' dir='ltr'><em>μέλας</em></span> <span class='ocrx_word' id='word_1_74' title='bbox 923 634 1267 704; x_wconf 84' lang='grc' dir='ltr'><em>ὀνομαζόμενος,</em></span> <span class='ocrx_word' id='word_1_75' title='bbox 1306 637 1538 692; x_wconf 82' lang='grc' dir='ltr'><em>ἐχομένους</em></span> <span class='ocrx_word' id='word_1_76' title='bbox 1561 637 1608 681; x_wconf 87' lang='grc' dir='ltr'><em>δε</em></span> 
     </span>
     <span class='ocr_line' id='line_1_10' title="bbox 230 690 1606 762; baseline 0 -24"><span class='ocrx_word' id='word_1_77' title='bbox 230 694 392 751; x_wconf 85' lang='grc' dir='ltr'><em>ταύτης</em></span> <span class='ocrx_word' id='word_1_78' title='bbox 437 695 540 745; x_wconf 87' lang='grc' dir='ltr'><em>τοὺς</em></span> <span class='ocrx_word' id='word_1_79' title='bbox 585 693 742 743; x_wconf 77' lang='grc' dir='ltr'><em>ἄλλους</em></span> <span class='ocrx_word' id='word_1_80' title='bbox 795 694 978 762; x_wconf 85' lang='grc' dir='ltr'><em>φίλους,</em></span> <span class='ocrx_word' id='word_1_81' title='bbox 1037 695 1098 734; x_wconf 82' lang='grc' dir='ltr'><em>ὠν</em></span> <span class='ocrx_word' id='word_1_82' title='bbox 1141 690 1286 747; x_wconf 84' lang='grc' dir='ltr'><em>ηγεῖτο</em></span> <span class='ocrx_word' id='word_1_83' title='bbox 1335 693 1532 745; x_wconf 78' lang='grc' dir='ltr'><em>Φιλώτας</em></span> <span class='ocrx_word' id='word_1_84' title='bbox 1581 693 1606 738; x_wconf 97' lang='lat'><em>6</em></span> 
     </span>
     <span class='ocr_line' id='line_1_11' title="bbox 149 747 1609 822; baseline -0.001 -26"><span class='ocrx_word' id='word_1_85' title='bbox 149 761 203 804; x_wconf 84' lang='lat'><em>85</em></span> <span class='ocrx_word' id='word_1_86' title='bbox 234 752 580 822; x_wconf 84' lang='grc' dir='ltr'><em>Παρμενίωνος,</em></span> <span class='ocrx_word' id='word_1_87' title='bbox 613 750 708 804; x_wconf 79' lang='grc' dir='ltr'><em>ἓξης</em></span> <span class='ocrx_word' id='word_1_88' title='bbox 739 749 783 792; x_wconf 85' lang='grc' dir='ltr'><em>δε</em></span> <span class='ocrx_word' id='word_1_89' title='bbox 813 749 888 798; x_wconf 83' lang='grc' dir='ltr'><em>τὰς</em></span> <span class='ocrx_word' id='word_1_90' title='bbox 926 747 1057 798; x_wconf 77' lang='grc' dir='ltr'><em>ἄλλας</em></span> <span class='ocrx_word' id='word_1_91' title='bbox 1088 750 1321 803; x_wconf 83' lang='grc' dir='ltr'><em>ἱππαρχίας</em></span> <span class='ocrx_word' id='word_1_92' title='bbox 1350 749 1456 792; x_wconf 77' lang='grc' dir='ltr'><em>ἑπτα</em></span> <span class='ocrx_word' id='word_1_93' title='bbox 1492 768 1609 794; x_wconf 85' lang='grc' dir='ltr'><em>τετα-</em></span> 
     </span>
     <span class='ocr_line' id='line_1_12' title="bbox 231 803 1609 878; baseline -0.001 -26"><span class='ocrx_word' id='word_1_94' title='bbox 231 810 413 878; x_wconf 83' lang='grc' dir='ltr'><em>γμένας</em></span> <span class='ocrx_word' id='word_1_95' title='bbox 420 807 507 851; x_wconf 79' lang='grc' dir='ltr'><em>ὑπὸ</em></span> <span class='ocrx_word' id='word_1_96' title='bbox 538 807 614 850; x_wconf 86' lang='grc' dir='ltr'><em>τὸν</em></span> <span class='ocrx_word' id='word_1_97' title='bbox 646 804 780 849; x_wconf 81' lang='grc' dir='ltr'><em>αὐτὸν</em></span> <span class='ocrx_word' id='word_1_98' title='bbox 804 803 1007 860; x_wconf 87' lang='grc' dir='ltr'><em>ηγεμόνα.</em></span> <span class='ocrx_word' id='word_1_99' title='bbox 1051 804 1233 848; x_wconf 82' lang='grc' dir='ltr'><em>ὄπισθεν</em></span> <span class='ocrx_word' id='word_1_100' title='bbox 1253 806 1297 848; x_wconf 83' lang='grc' dir='ltr'><em>δὲ</em></span> <span class='ocrx_word' id='word_1_101' title='bbox 1316 805 1484 849; x_wconf 89' lang='grc' dir='ltr'><em>τούτων</em></span> <span class='ocrx_word' id='word_1_102' title='bbox 1506 807 1609 851; x_wconf 78' lang='grc' dir='ltr'><em>ὑπε-</em></span> 
     </span>
     <span class='ocr_line' id='line_1_13' title="bbox 229 862 1610 931; baseline -0.001 -22"><span class='ocrx_word' id='word_1_103' title='bbox 229 864 339 920; x_wconf 84' lang='grc' dir='ltr'><em>τάγη</em></span> <span class='ocrx_word' id='word_1_104' title='bbox 368 864 417 908; x_wconf 82' lang='grc' dir='ltr'><em>τὸ</em></span> <span class='ocrx_word' id='word_1_105' title='bbox 447 868 536 907; x_wconf 77' lang='grc' dir='ltr'><em>τῶν</em></span> <span class='ocrx_word' id='word_1_106' title='bbox 573 862 911 931; x_wconf 74' lang='grc' dir='ltr'><em>ἀργυρασπίδων</em></span> <span class='ocrx_word' id='word_1_107' title='bbox 940 866 1080 914; x_wconf 82' lang='grc' dir='ltr'>πεζῶν</span> <span class='ocrx_word' id='word_1_108' title='bbox 1108 862 1273 916; x_wconf 82' lang='grc' dir='ltr'><em>τάγμα,</em></span> <span class='ocrx_word' id='word_1_109' title='bbox 1315 863 1529 918; x_wconf 79' lang='grc' dir='ltr'><em>διαφέρον</em></span> <span class='ocrx_word' id='word_1_110' title='bbox 1555 869 1610 921; x_wconf 82' lang='grc' dir='ltr'><em>τῆ</em></span> 
     </span>
     <span class='ocr_line' id='line_1_14' title="bbox 234 917 1610 978; baseline -0.001 -13"><span class='ocrx_word' id='word_1_111' title='bbox 234 938 280 965; x_wconf 90' lang='grc' dir='ltr'><em>τε</em></span> <span class='ocrx_word' id='word_1_112' title='bbox 318 926 405 965; x_wconf 77' lang='grc' dir='ltr'><em>τῶν</em></span> <span class='ocrx_word' id='word_1_113' title='bbox 443 920 590 964; x_wconf 82' lang='grc' dir='ltr'><em>ὅπλων</em></span> <span class='ocrx_word' id='word_1_114' title='bbox 630 917 898 974; x_wconf 78' lang='grc' dir='ltr'><em>λαμπρότητι</em></span> <span class='ocrx_word' id='word_1_115' title='bbox 936 919 1007 961; x_wconf 85' lang='grc' dir='ltr'><em>καὶ</em></span> <span class='ocrx_word' id='word_1_116' title='bbox 1039 922 1091 975; x_wconf 81' lang='grc' dir='ltr'><em>τῆ</em></span> <span class='ocrx_word' id='word_1_117' title='bbox 1129 923 1216 961; x_wconf 79' lang='grc' dir='ltr'><em>τῶν</em></span> <span class='ocrx_word' id='word_1_118' title='bbox 1260 917 1433 974; x_wconf 78' lang='grc' dir='ltr'><em>ἀνδρῶν</em></span> <span class='ocrx_word' id='word_1_119' title='bbox 1461 919 1610 978; x_wconf 83' lang='grc' dir='ltr'><em>άρετη·</em></span> 
     </span>
     <span class='ocr_line' id='line_1_15' title="bbox 151 974 1611 1032; baseline -0.001 -11"><span class='ocrx_word' id='word_1_120' title='bbox 151 987 206 1027; x_wconf 89' lang='grc'><em>90</em></span> <span class='ocrx_word' id='word_1_121' title='bbox 234 979 306 1022; x_wconf 84' lang='grc' dir='ltr'><em>καὶ</em></span> <span class='ocrx_word' id='word_1_122' title='bbox 343 976 513 1021; x_wconf 91' lang='grc' dir='ltr'><em>τούτων</em></span> <span class='ocrx_word' id='word_1_123' title='bbox 549 976 693 1032; x_wconf 81' lang='grc' dir='ltr'><em>ἡγεῖτο</em></span> <span class='ocrx_word' id='word_1_124' title='bbox 725 975 932 1029; x_wconf 82' lang='grc' dir='ltr'><em>Νικάνωρ</em></span> <span class='ocrx_word' id='word_1_125' title='bbox 965 974 988 1018; x_wconf 94' lang='lat'><em>6</em></span> <span class='ocrx_word' id='word_1_126' title='bbox 1022 977 1346 1030; x_wconf 87' lang='grc' dir='ltr'><em>Παρμενίωνος.</em></span> <span class='ocrx_word' id='word_1_127' title='bbox 1405 977 1611 1032; x_wconf 78' lang='grc' dir='ltr'><em>ἐχομένην</em></span> 
     </span>
     <span class='ocr_line' id='line_1_16' title="bbox 235 1031 1608 1104; baseline 0 -27"><span class='ocrx_word' id='word_1_128' title='bbox 235 1035 280 1078; x_wconf 79' lang='grc' dir='ltr'><em>δὲ</em></span> <span class='ocrx_word' id='word_1_129' title='bbox 318 1033 486 1078; x_wconf 82' lang='grc' dir='ltr'><em>τούτων</em></span> <span class='ocrx_word' id='word_1_130' title='bbox 528 1033 673 1089; x_wconf 85' lang='grc' dir='ltr'><em>ε’στησε</em></span> <span class='ocrx_word' id='word_1_131' title='bbox 704 1049 784 1088; x_wconf 87' lang='grc' dir='ltr'><em>την</em></span> <span class='ocrx_word' id='word_1_132' title='bbox 811 1031 1055 1101; x_wconf 78' lang='grc' dir='ltr'><em>Ἐλιμιῶτιν</em></span> <span class='ocrx_word' id='word_1_133' title='bbox 1082 1031 1355 1104; x_wconf 80' lang='grc' dir='ltr'><em>καλουμένην</em></span> <span class='ocrx_word' id='word_1_134' title='bbox 1386 1034 1608 1088; x_wconf 89' lang='grc' dir='ltr'><em>στρατιάν,</em></span> 
     </span>
     <span class='ocr_line' id='line_1_17' title="bbox 232 1087 1611 1162; baseline 0.001 -29"><span class='ocrx_word' id='word_1_135' title='bbox 232 1093 284 1146; x_wconf 84' lang='grc' dir='ltr'><em>ἡς</em></span> <span class='ocrx_word' id='word_1_136' title='bbox 316 1093 476 1142; x_wconf 85' lang='grc' dir='ltr'><em>Κοῖνος</em></span> <span class='ocrx_word' id='word_1_137' title='bbox 505 1091 661 1147; x_wconf 84' lang='grc' dir='ltr'><em>ἡγεῖτο,</em></span> <span class='ocrx_word' id='word_1_138' title='bbox 693 1089 788 1144; x_wconf 79' lang='grc' dir='ltr'><em>ἓξης</em></span> <span class='ocrx_word' id='word_1_139' title='bbox 819 1089 864 1132; x_wconf 80' lang='grc' dir='ltr'><em>δὲ</em></span> <span class='ocrx_word' id='word_1_140' title='bbox 893 1087 971 1145; x_wconf 75' lang='grc' dir='ltr'><em>τήν</em></span> <span class='ocrx_word' id='word_1_141' title='bbox 999 1105 1087 1132; x_wconf 90' lang='grc' dir='ltr'><em>των</em></span> <span class='ocrx_word' id='word_1_142' title='bbox 1111 1088 1327 1142; x_wconf 87' lang='grc' dir='ltr'><em>Ὀρεστων</em></span> <span class='ocrx_word' id='word_1_143' title='bbox 1350 1091 1421 1132; x_wconf 84' lang='grc' dir='ltr'><em>καὶ</em></span> <span class='ocrx_word' id='word_1_144' title='bbox 1428 1095 1611 1162; x_wconf 84' lang='grc' dir='ltr'><em>Λυγκη-</em></span> 
     </span>
     <span class='ocr_line' id='line_1_18' title="bbox 234 1147 1610 1219; baseline 0 -28"><span class='ocrx_word' id='word_1_145' title='bbox 234 1151 348 1192; x_wconf 79' lang='grc' dir='ltr'><em>στιδν</em></span> <span class='ocrx_word' id='word_1_146' title='bbox 376 1147 496 1200; x_wconf 81' lang='grc' dir='ltr'><em>τάξιν</em></span> <span class='ocrx_word' id='word_1_147' title='bbox 532 1148 703 1219; x_wconf 87' lang='grc' dir='ltr'><em>εστησε,</em></span> <span class='ocrx_word' id='word_1_148' title='bbox 744 1147 990 1200; x_wconf 84' lang='grc' dir='ltr'><em>Περδίκκου</em></span> <span class='ocrx_word' id='word_1_149' title='bbox 1019 1162 1100 1202; x_wconf 84' lang='grc' dir='ltr'><em>την</em></span> <span class='ocrx_word' id='word_1_150' title='bbox 1131 1148 1393 1202; x_wconf 85' lang='grc' dir='ltr'><em>στρατηγίαν</em></span> <span class='ocrx_word' id='word_1_151' title='bbox 1408 1147 1610 1208; x_wconf 77' lang='grc' dir='ltr'><em>ἔχοντος.</em></span> 
     </span>
     <span class='ocr_line' id='line_1_19' title="bbox 233 1203 1614 1275; baseline -0.001 -26.999"><span class='ocrx_word' id='word_1_152' title='bbox 233 1205 307 1248; x_wconf 78' lang='grc' dir='ltr'><em>καὶ</em></span> <span class='ocrx_word' id='word_1_153' title='bbox 345 1221 423 1261; x_wconf 90' lang='grc' dir='ltr'><em>την</em></span> <span class='ocrx_word' id='word_1_154' title='bbox 461 1221 539 1259; x_wconf 92' lang='grc' dir='ltr'><em>μεν</em></span> <span class='ocrx_word' id='word_1_155' title='bbox 567 1203 775 1275; x_wconf 78' lang='grc' dir='ltr'><em>ἐχομένην</em></span> <span class='ocrx_word' id='word_1_156' title='bbox 805 1203 1067 1258; x_wconf 86' lang='grc' dir='ltr'><em>στρατηγίαν</em></span> <span class='ocrx_word' id='word_1_157' title='bbox 1097 1203 1355 1257; x_wconf 84' lang='grc' dir='ltr'><em>Μελέαγρος</em></span> <span class='ocrx_word' id='word_1_158' title='bbox 1383 1208 1487 1273; x_wconf 84' lang='grc' dir='ltr'><em>εἰχε,</em></span> <span class='ocrx_word' id='word_1_159' title='bbox 1522 1221 1614 1275; x_wconf 54' lang='grc' dir='ltr'><em>,την</em></span> 
     </span>
     <span class='ocr_line' id='line_1_20' title="bbox 152 1258 1615 1333; baseline -0.001 -26.96"><span class='ocrx_word' id='word_1_160' title='bbox 152 1266 206 1308; x_wconf 89' lang='grc'><em>95</em></span> <span class='ocrx_word' id='word_1_161' title='bbox 238 1262 284 1305; x_wconf 78' lang='grc' dir='ltr'><em>δὲ</em></span> <span class='ocrx_word' id='word_1_162' title='bbox 313 1266 468 1333; x_wconf 83' lang='grc' dir='ltr'><em>συνεχῆ</em></span> <span class='ocrx_word' id='word_1_163' title='bbox 496 1260 655 1329; x_wconf 88' lang='grc' dir='ltr'><em>ταύτης</em></span> <span class='ocrx_word' id='word_1_164' title='bbox 686 1259 1029 1314; x_wconf 86' lang='grc' dir='ltr'><em>Πολυσπέρχων,</em></span> <span class='ocrx_word' id='word_1_165' title='bbox 1066 1259 1338 1314; x_wconf 85' lang='grc' dir='ltr'><em>τεταγμένων</em></span> <span class='ocrx_word' id='word_1_166' title='bbox 1366 1258 1448 1303; x_wconf 85' lang='grc' dir='ltr'><em>υπ’</em></span> <span class='ocrx_word' id='word_1_167' title='bbox 1480 1259 1615 1304; x_wconf 85' lang='grc' dir='ltr'><em>αὐτὸν</em></span> 
     </span>
     <span class='ocr_line' id='line_1_21' title="bbox 233 1315 1615 1386; baseline -0.001 -24"><span class='ocrx_word' id='word_1_168' title='bbox 233 1335 322 1362; x_wconf 88' lang='grc' dir='ltr'><em>των</em></span> <span class='ocrx_word' id='word_1_169' title='bbox 360 1317 695 1374; x_wconf 82' lang='grc' dir='ltr'><em>ὀνομαζομένων</em></span> <span class='ocrx_word' id='word_1_170' title='bbox 733 1318 1018 1386; x_wconf 84' lang='grc' dir='ltr'><em>Στυμφαίων.</em></span> <span class='ocrx_word' id='word_1_171' title='bbox 1085 1318 1300 1366; x_wconf 84' lang='grc' dir='ltr'><em>Φίλιππος</em></span> <span class='ocrx_word' id='word_1_172' title='bbox 1339 1315 1382 1360; x_wconf 91' lang='grc' dir='ltr'><em>δ’</em></span> <span class='ocrx_word' id='word_1_173' title='bbox 1415 1315 1437 1360; x_wconf 90' lang='lat'><em>6</em></span> <span class='ocrx_word' id='word_1_174' title='bbox 1467 1316 1615 1361; x_wconf 86' lang='grc' dir='ltr'><em>Βαλά-</em></span> 
     </span>
     <span class='ocr_line' id='line_1_22' title="bbox 233 1372 1615 1444; baseline -0.001 -25"><span class='ocrx_word' id='word_1_175' title='bbox 233 1391 348 1429; x_wconf 85' lang='grc' dir='ltr'><em>κρου</em></span> <span class='ocrx_word' id='word_1_176' title='bbox 376 1375 467 1444; x_wconf 87' lang='grc' dir='ltr'><em>τὴν</em></span> <span class='ocrx_word' id='word_1_177' title='bbox 486 1378 644 1430; x_wconf 84' lang='grc' dir='ltr'><em>συνεχῆ</em></span> <span class='ocrx_word' id='word_1_178' title='bbox 671 1372 830 1442; x_wconf 87' lang='grc' dir='ltr'><em>ταύτης</em></span> <span class='ocrx_word' id='word_1_179' title='bbox 860 1373 1123 1441; x_wconf 86' lang='grc' dir='ltr'><em>στρατηγίαν</em></span> <span class='ocrx_word' id='word_1_180' title='bbox 1153 1372 1344 1427; x_wconf 83' lang='grc' dir='ltr'><em>ἐπληρου</em></span> <span class='ocrx_word' id='word_1_181' title='bbox 1362 1406 1371 1423; x_wconf 89' lang='grc'><em>,</em></span> <span class='ocrx_word' id='word_1_182' title='bbox 1429 1375 1502 1416; x_wconf 84' lang='grc' dir='ltr'><em>καὶ</em></span> <span class='ocrx_word' id='word_1_183' title='bbox 1539 1379 1615 1430; x_wconf 80' lang='grc' dir='ltr'><em>τῆς</em></span> 
     </span>
     <span class='ocr_line' id='line_1_23' title="bbox 234 1427 1618 1504; baseline -0.001 -29"><span class='ocrx_word' id='word_1_184' title='bbox 234 1449 339 1504; x_wconf 81' lang='grc' dir='ltr'><em>μετα</em></span> <span class='ocrx_word' id='word_1_185' title='bbox 385 1430 550 1486; x_wconf 89' lang='grc' dir='ltr'><em>ταύτην</em></span> <span class='ocrx_word' id='word_1_186' title='bbox 590 1428 814 1484; x_wconf 80' lang='grc' dir='ltr'><em>Κράτερος</em></span> <span class='ocrx_word' id='word_1_187' title='bbox 854 1427 1008 1485; x_wconf 81' lang='grc' dir='ltr'><em>ἡγεῖτο.</em></span> <span class='ocrx_word' id='word_1_188' title='bbox 1079 1445 1167 1471; x_wconf 90' lang='grc' dir='ltr'><em>των</em></span> <span class='ocrx_word' id='word_1_189' title='bbox 1205 1430 1250 1472; x_wconf 79' lang='grc' dir='ltr'><em>δὲ</em></span> <span class='ocrx_word' id='word_1_190' title='bbox 1287 1431 1618 1498; x_wconf 88' lang='grc' dir='ltr'><em>προειρημένων</em></span> 
     </span>
     <span class='ocr_line' id='line_1_24' title="bbox 237 1485 1618 1558; baseline -0.001 -26"><span class='ocrx_word' id='word_1_191' title='bbox 237 1489 402 1532; x_wconf 82' lang='grc' dir='ltr'><em>ἱππέων</em></span> <span class='ocrx_word' id='word_1_192' title='bbox 439 1488 518 1558; x_wconf 81' lang='grc' dir='ltr'><em>τὴν</em></span> <span class='ocrx_word' id='word_1_193' title='bbox 556 1500 710 1543; x_wconf 88' lang='grc' dir='ltr'><em>συνεχη</em></span> <span class='ocrx_word' id='word_1_194' title='bbox 749 1486 870 1538; x_wconf 79' lang='grc' dir='ltr'><em>τάξιν</em></span> <span class='ocrx_word' id='word_1_195' title='bbox 900 1485 1182 1553; x_wconf 82' lang='grc' dir='ltr'><em>άπεπληρουν</em></span> <span class='ocrx_word' id='word_1_196' title='bbox 1211 1504 1253 1529; x_wconf 91' lang='grc' dir='ltr'><em>οι</em></span> <span class='ocrx_word' id='word_1_197' title='bbox 1283 1485 1368 1529; x_wconf 85' lang='grc' dir='ltr'><em>άπὸ</em></span> <span class='ocrx_word' id='word_1_198' title='bbox 1398 1491 1618 1531; x_wconf 87' lang='grc' dir='ltr'><em>Πελοπον-</em></span> 
     </span>
     <span class='ocr_line' id='line_1_25' title="bbox 135 1541 1618 1617; baseline -0.001 -28"><span class='ocrx_word' id='word_1_199' title='bbox 135 1551 210 1590; x_wconf 74' lang='lat'><em>100</em></span> <span class='ocrx_word' id='word_1_200' title='bbox 239 1544 379 1601; x_wconf 81' lang='grc' dir='ltr'><em>νήσου</em></span> <span class='ocrx_word' id='word_1_201' title='bbox 408 1546 481 1589; x_wconf 85' lang='grc' dir='ltr'><em>καὶ</em></span> <span class='ocrx_word' id='word_1_202' title='bbox 507 1543 677 1617; x_wconf 78' lang='grc' dir='ltr'><em>Ἀχαιας</em></span> <span class='ocrx_word' id='word_1_203' title='bbox 707 1541 1098 1597; x_wconf 86' lang='grc' dir='ltr'><em>συστρατεύσαντες</em></span> <span class='ocrx_word' id='word_1_204' title='bbox 1128 1544 1281 1593; x_wconf 82' lang='grc' dir='ltr'><em>ἱππεῖς</em></span> <span class='ocrx_word' id='word_1_205' title='bbox 1312 1543 1386 1586; x_wconf 84' lang='grc' dir='ltr'><em>καὶ</em></span> <span class='ocrx_word' id='word_1_206' title='bbox 1419 1548 1618 1588; x_wconf 74' lang='grc' dir='ltr'><em>Φθιῶται</em></span> 
     </span>
     <span class='ocr_line' id='line_1_26' title="bbox 240 1600 1618 1655; baseline -0.001 -9"><span class='ocrx_word' id='word_1_207' title='bbox 240 1602 313 1646; x_wconf 76' lang='grc' dir='ltr'><em>καὶ</em></span> <span class='ocrx_word' id='word_1_208' title='bbox 342 1606 527 1652; x_wconf 75' lang='grc' dir='ltr'><em>Μαλιεῖς</em></span> <span class='ocrx_word' id='word_1_209' title='bbox 559 1602 619 1645; x_wconf 76' lang='grc' dir='ltr'><em>ἔτι</em></span> <span class='ocrx_word' id='word_1_210' title='bbox 650 1601 695 1644; x_wconf 78' lang='grc' dir='ltr'><em>δὲ</em></span> <span class='ocrx_word' id='word_1_211' title='bbox 727 1601 896 1651; x_wconf 87' lang='grc' dir='ltr'><em>Λοκροὶ</em></span> <span class='ocrx_word' id='word_1_212' title='bbox 925 1600 998 1643; x_wconf 85' lang='grc' dir='ltr'><em>καὶ</em></span> <span class='ocrx_word' id='word_1_213' title='bbox 1033 1603 1221 1651; x_wconf 83' lang='grc' dir='ltr'><em>Φωκεῖς,</em></span> <span class='ocrx_word' id='word_1_214' title='bbox 1253 1602 1316 1642; x_wconf 82' lang='grc' dir='ltr'><em>ὠν</em></span> <span class='ocrx_word' id='word_1_215' title='bbox 1344 1601 1488 1655; x_wconf 81' lang='grc' dir='ltr'><em>ἡγεῖτο</em></span> <span class='ocrx_word' id='word_1_216' title='bbox 1506 1600 1618 1654; x_wconf 83' lang='grc' dir='ltr'><em>Ἐρί-</em></span> 
     </span>
     <span class='ocr_line' id='line_1_27' title="bbox 239 1654 1694 1729; baseline -0.002 -26"><span class='ocrx_word' id='word_1_217' title='bbox 239 1675 364 1714; x_wconf 84' lang='grc' dir='ltr'><em>γυιος</em></span> <span class='ocrx_word' id='word_1_218' title='bbox 393 1658 417 1702; x_wconf 89' lang='lat'><em>6</em></span> <span class='ocrx_word' id='word_1_219' title='bbox 450 1662 763 1729; x_wconf 85' lang='grc' dir='ltr'><em>Μυτιληναῖος.</em></span> <span class='ocrx_word' id='word_1_220' title='bbox 816 1656 911 1710; x_wconf 84' lang='grc' dir='ltr'><em>έξης</em></span> <span class='ocrx_word' id='word_1_221' title='bbox 933 1655 975 1699; x_wconf 87' lang='grc' dir='ltr'><em>δ’</em></span> <span class='ocrx_word' id='word_1_222' title='bbox 997 1654 1267 1710; x_wconf 76' lang='grc' dir='ltr'><em>εἷστήκεισαν</em></span> <span class='ocrx_word' id='word_1_223' title='bbox 1290 1660 1508 1709; x_wconf 82' lang='grc' dir='ltr'><em>Θετταλοί,</em></span> <span class='ocrx_word' id='word_1_224' title='bbox 1541 1655 1694 1700; x_wconf 70' lang='lat' dir='ltr'><em>&lt;Di-205</em></span> 
     </span>
     <span class='ocr_line' id='line_1_28' title="bbox 242 1711 1618 1783; baseline -0.001 -25"><span class='ocrx_word' id='word_1_225' title='bbox 242 1720 403 1759; x_wconf 87' lang='grc' dir='ltr'><em>λιππον</em></span> <span class='ocrx_word' id='word_1_226' title='bbox 441 1732 521 1770; x_wconf 89' lang='grc' dir='ltr'><em>μεν</em></span> <span class='ocrx_word' id='word_1_227' title='bbox 559 1714 725 1783; x_wconf 86' lang='grc' dir='ltr'><em>ε’χοντες</em></span> <span class='ocrx_word' id='word_1_228' title='bbox 760 1711 973 1769; x_wconf 83' lang='grc' dir='ltr'><em>ἡγεμόνα,</em></span> <span class='ocrx_word' id='word_1_229' title='bbox 1027 1712 1206 1783; x_wconf 58' lang='lat' dir='ltr'>oiv69a&#39;q3‘</span> <span class='ocrx_word' id='word_1_230' title='bbox 1242 1713 1288 1756; x_wconf 80' lang='grc' dir='ltr'><em>δὲ</em></span> <span class='ocrx_word' id='word_1_231' title='bbox 1330 1731 1402 1756; x_wconf 89' lang='grc' dir='ltr'><em>και</em></span> <span class='ocrx_word' id='word_1_232' title='bbox 1440 1732 1491 1771; x_wconf 87' lang='grc' dir='ltr'><em>τη</em></span> <span class='ocrx_word' id='word_1_233' title='bbox 1530 1719 1618 1757; x_wconf 80' lang='grc' dir='ltr'><em>τῶν</em></span> 
     </span>
     <span class='ocr_line' id='line_1_29' title="bbox 183 1768 1621 1829; baseline -0.003 -10"><span class='ocrx_word' id='word_1_234' title='bbox 183 1776 209 1819; x_wconf 88' lang='grc'><strong><em>5</em></strong></span> <span class='ocrx_word' id='word_1_235' title='bbox 240 1773 346 1821; x_wconf 82' lang='grc' dir='ltr'><em>ἰλων</em></span> <span class='ocrx_word' id='word_1_236' title='bbox 385 1773 569 1829; x_wconf 76' lang='grc' dir='ltr'><em>ἷππασίᾳ</em></span> <span class='ocrx_word' id='word_1_237' title='bbox 604 1769 718 1816; x_wconf 76' lang='grc' dir='ltr'><em>πολύ</em></span> <span class='ocrx_word' id='word_1_238' title='bbox 755 1770 1012 1826; x_wconf 88' lang='grc' dir='ltr'><em>προέχοντες</em></span> <span class='ocrx_word' id='word_1_239' title='bbox 1048 1786 1138 1812; x_wconf 90' lang='grc' dir='ltr'><em>των</em></span> <span class='ocrx_word' id='word_1_240' title='bbox 1178 1768 1332 1813; x_wconf 77' lang='grc' dir='ltr'><em>ἄλλων.</em></span> <span class='ocrx_word' id='word_1_241' title='bbox 1389 1769 1621 1828; x_wconf 80' lang='grc' dir='ltr'><em>ἐχομένους</em></span> 
     </span>
    </p>
   </div>
   <div class='ocr_carea' id='block_1_3' title="bbox 237 1957 1623 2700">
    <p class='ocr_par' dir='ltr' id='par_1_3' title="bbox 237 1957 1623 2700">
     <span class='ocr_line' id='line_1_30' title="bbox 237 1957 1525 2006; baseline -0.002 -9"><span class='ocrx_word' id='word_1_242' title='bbox 237 1961 296 1997; x_wconf 75' lang='grc'><em>73.</em></span> <span class='ocrx_word' id='word_1_243' title='bbox 343 1961 521 2006; x_wconf 79' lang='grc' dir='ltr'><em>κριθέντα</em></span> <span class='ocrx_word' id='word_1_244' title='bbox 542 1962 626 2006; x_wconf 76' lang='grc' dir='ltr'><em>περὶ</em></span> <span class='ocrx_word' id='word_1_245' title='bbox 650 1963 724 1997; x_wconf 74' lang='grc' dir='ltr'><em>τῶν</em></span> <span class='ocrx_word' id='word_1_246' title='bbox 747 1957 866 2006; x_wconf 75' lang='grc' dir='ltr'><em>ὅλων]</em></span> <span class='ocrx_word' id='word_1_247' title='bbox 903 1960 987 2004; x_wconf 82' lang='grc' dir='ltr'><em>περὶ</em></span> <span class='ocrx_word' id='word_1_248' title='bbox 1011 1961 1085 1995; x_wconf 76' lang='grc' dir='ltr'><em>τῶν</em></span> <span class='ocrx_word' id='word_1_249' title='bbox 1110 1957 1205 1997; x_wconf 80' lang='grc' dir='ltr'><em>ὅλων</em></span> <span class='ocrx_word' id='word_1_250' title='bbox 1229 1960 1438 2002; x_wconf 72' lang='grc' dir='ltr'><em>κριθέντων</em></span> <span class='ocrx_word' id='word_1_251' title='bbox 1462 1962 1525 1995; x_wconf 83' lang='lat' dir='ltr'><em>FL</em></span> 
     </span>
     <span class='ocr_line' id='line_1_31' title="bbox 295 2006 1618 2050; baseline -0.001 -7"><span class='ocrx_word' id='word_1_252' title='bbox 295 2008 354 2043; x_wconf 70' lang='grc'><em>7-1».</em></span> <span class='ocrx_word' id='word_1_253' title='bbox 385 2006 594 2046; x_wconf 76' lang='grc' dir='ltr'><em>παύσεσθαι</em></span> <span class='ocrx_word' id='word_1_254' title='bbox 616 2009 686 2050; x_wconf 86' lang='lat' dir='ltr'><em>FL,</em></span> <span class='ocrx_word' id='word_1_255' title='bbox 711 2008 838 2042; x_wconf 81' lang='lat' dir='ltr'>caeteri</span> <span class='ocrx_word' id='word_1_256' title='bbox 860 2006 1080 2043; x_wconf 76' lang='grc' dir='ltr'><em>παύσασθαι</em></span> <span class='ocrx_word' id='word_1_257' title='bbox 1218 2009 1292 2042; x_wconf 80' lang='grc' dir='ltr'><em>τῶν</em></span> <span class='ocrx_word' id='word_1_258' title='bbox 1316 2007 1468 2050; x_wconf 85' lang='grc' dir='ltr'><em>πόνων]</em></span> <span class='ocrx_word' id='word_1_259' title='bbox 1492 2006 1618 2042; x_wconf 87' lang='grc' dir='ltr'><em>πόνων</em></span> 
     </span>
     <span class='ocr_line' id='line_1_32' title="bbox 237 2052 1620 2099; baseline -0.001 -11"><span class='ocrx_word' id='word_1_260' title='bbox 237 2055 271 2088; x_wconf 92' lang='grc' dir='ltr'><strong>Τ</strong></span> <span class='ocrx_word' id='word_1_261' title='bbox 294 2054 376 2089; x_wconf 80' lang='lat' dir='ltr'><strong>Bas.</strong></span> <span class='ocrx_word' id='word_1_262' title='bbox 547 2057 604 2091; x_wconf 78' lang='lat'><em>76.</em></span> <span class='ocrx_word' id='word_1_263' title='bbox 652 2052 739 2096; x_wconf 80' lang='grc' dir='ltr'><em>τούς</em></span> <span class='ocrx_word' id='word_1_264' title='bbox 761 2066 829 2089; x_wconf 82' lang='grc' dir='ltr'><em>οω.</em></span> <span class='ocrx_word' id='word_1_265' title='bbox 855 2055 938 2089; x_wconf 83' lang='lat' dir='ltr'><strong>Bas.</strong></span> <span class='ocrx_word' id='word_1_266' title='bbox 1109 2053 1168 2088; x_wconf 75' lang='lat'><em>79,</em></span> <span class='ocrx_word' id='word_1_267' title='bbox 1215 2052 1400 2099; x_wconf 77' lang='grc' dir='ltr'><em>προτάξας</em></span> <span class='ocrx_word' id='word_1_268' title='bbox 1423 2058 1503 2098; x_wconf 83' lang='lat' dir='ltr'><strong>post</strong></span> <span class='ocrx_word' id='word_1_269' title='bbox 1526 2054 1620 2099; x_wconf 72' lang='lat'><em>(78.)</em></span> 
     </span>
     <span class='ocr_line' id='line_1_33' title="bbox 240 2099 1621 2182; baseline 0.001 -47"><span class='ocrx_word' id='word_1_270' title='bbox 240 2099 453 2182; x_wconf 57' lang='grc' dir='ltr'><em>βαρβάροένς</em></span> <span class='ocrx_word' id='word_1_271' title='bbox 475 2108 608 2145; x_wconf 78' lang='lat' dir='ltr'><strong>ponunt</strong></span> <span class='ocrx_word' id='word_1_272' title='bbox 629 2103 689 2138; x_wconf 67' lang='lat' dir='ltr'><em>Fu</em></span> <span class='ocrx_word' id='word_1_273' title='bbox 835 2100 915 2141; x_wconf 79' lang='grc' dir='ltr'><em>ἴλας</em></span> <span class='ocrx_word' id='word_1_274' title='bbox 937 2111 1075 2144; x_wconf 82' lang='lat' dir='ltr'>semper</span> <span class='ocrx_word' id='word_1_275' title='bbox 1097 2100 1146 2143; x_wconf 85' lang='lat' dir='ltr'><em>L,</em></span> <span class='ocrx_word' id='word_1_276' title='bbox 1170 2100 1298 2135; x_wconf 78' lang='lat' dir='ltr'><strong>caeteri</strong></span> <span class='ocrx_word' id='word_1_277' title='bbox 1322 2101 1420 2140; x_wconf 75' lang='grc' dir='ltr'><em>εἴλας</em></span> <span class='ocrx_word' id='word_1_278' title='bbox 1563 2100 1621 2136; x_wconf 87' lang='grc'><em>81.</em></span> 
     </span>
     <span class='ocr_line' id='line_1_34' title="bbox 420 2161 503 2184; baseline 0.024 -2"><span class='ocrx_word' id='word_1_279' title='bbox 420 2161 463 2182; x_wconf 89' lang='grc' dir='ltr'><em>τα</em></span> <span class='ocrx_word' id='word_1_280' title='bbox 488 2161 503 2184; x_wconf 89' lang='grc' dir='ltr'><em>ε</em></span> 
     </span>
     <span class='ocr_line' id='line_1_35' title="bbox 240 2149 1438 2250; baseline -0.001 -23"><span class='ocrx_word' id='word_1_281' title='bbox 240 2191 366 2238; x_wconf 69' lang='grc' dir='ltr'><em>ἔταξε]</em></span> <span class='ocrx_word' id='word_1_282' title='bbox 394 2149 519 2238; x_wconf 69' lang='grc' dir='ltr'><em>ἕστηξσε</em></span> <span class='ocrx_word' id='word_1_283' title='bbox 541 2195 573 2228; x_wconf 88' lang='lat' dir='ltr'><strong>F</strong></span> <span class='ocrx_word' id='word_1_284' title='bbox 757 2192 947 2250; x_wconf 85' lang='grc' dir='ltr'><em>βασιλικὴν</em></span> <span class='ocrx_word' id='word_1_285' title='bbox 973 2192 1056 2235; x_wconf 77' lang='grc' dir='ltr'><em>ἴλην</em></span> <span class='ocrx_word' id='word_1_286' title='bbox 1079 2193 1160 2234; x_wconf 81' lang='lat' dir='ltr'><em>FL,</em></span> <span class='ocrx_word' id='word_1_287' title='bbox 1185 2191 1313 2226; x_wconf 72' lang='lat' dir='ltr'><strong>caeteri</strong></span> <span class='ocrx_word' id='word_1_288' title='bbox 1338 2191 1438 2237; x_wconf 75' lang='grc' dir='ltr'><em>εἵλην</em></span> 
     </span>
     <span class='ocr_line' id='line_1_36' title="bbox 240 2217 1620 2295; baseline -0.001 -22"><span class='ocrx_word' id='word_1_289' title='bbox 240 2239 298 2274; x_wconf 79' lang='lat'><em>83.</em></span> <span class='ocrx_word' id='word_1_290' title='bbox 347 2242 503 2295; x_wconf 86' lang='grc' dir='ltr'><em>φίλους]</em></span> <span class='ocrx_word' id='word_1_291' title='bbox 545 2238 693 2282; x_wconf 85' lang='grc' dir='ltr'><em>ετέρους</em></span> <span class='ocrx_word' id='word_1_292' title='bbox 717 2240 762 2277; x_wconf 81' lang='lat' dir='ltr'><em>L,</em></span> <span class='ocrx_word' id='word_1_293' title='bbox 798 2241 885 2274; x_wconf 85' lang='lat' dir='ltr'>unde</span> <span class='ocrx_word' id='word_1_294' title='bbox 909 2238 1078 2282; x_wconf 82' lang='grc' dir='ltr'><em>εταίρους</em></span> <span class='ocrx_word' id='word_1_295' title='bbox 1111 2217 1209 2272; x_wconf 65' lang='lat' dir='ltr'>W’cs</span> <span class='ocrx_word' id='word_1_296' title='bbox 1199 2238 1363 2284; x_wconf 77' lang='lat' dir='ltr'>eHngius</span> <span class='ocrx_word' id='word_1_297' title='bbox 1563 2237 1620 2272; x_wconf 80' lang='lat'><em>87.</em></span> 
     </span>
     <span class='ocr_line' id='line_1_37' title="bbox 240 2281 1623 2331; baseline -0.001 -11"><span class='ocrx_word' id='word_1_298' title='bbox 240 2285 359 2328; x_wconf 77' lang='grc' dir='ltr'><em>πεζων</em></span> <span class='ocrx_word' id='word_1_299' title='bbox 384 2285 438 2321; x_wconf 78' lang='grc' dir='ltr'><em>τά</em></span> <span class='ocrx_word' id='word_1_300' title='bbox 431 2287 526 2331; x_wconf 58' lang='grc' dir='ltr'><em>[μα]</em></span> <span class='ocrx_word' id='word_1_301' title='bbox 560 2300 682 2331; x_wconf 82' lang='grc' dir='ltr'><em>αγημα</em></span> <span class='ocrx_word' id='word_1_302' title='bbox 706 2286 798 2329; x_wconf 80' lang='lat' dir='ltr'><em>FLQ</em></span> <span class='ocrx_word' id='word_1_303' title='bbox 982 2299 1026 2331; x_wconf 84' lang='grc' dir='ltr'><em>τῃ</em></span> <span class='ocrx_word' id='word_1_304' title='bbox 1051 2286 1111 2329; x_wconf 84' lang='grc' dir='ltr'><em>τε]</em></span> <span class='ocrx_word' id='word_1_305' title='bbox 1145 2298 1187 2330; x_wconf 88' lang='grc' dir='ltr'><em>τη</em></span> <span class='ocrx_word' id='word_1_306' title='bbox 1212 2286 1242 2318; x_wconf 90' lang='lat' dir='ltr'><strong>F</strong></span> <span class='ocrx_word' id='word_1_307' title='bbox 1426 2283 1483 2318; x_wconf 80' lang='lat'><em>90·</em></span> <span class='ocrx_word' id='word_1_308' title='bbox 1529 2281 1623 2320; x_wconf 85' lang='grc' dir='ltr'><em>Ἐλι-</em></span> 
     </span>
     <span class='ocr_line' id='line_1_38' title="bbox 239 2329 1621 2377; baseline -0.001 -11"><span class='ocrx_word' id='word_1_309' title='bbox 239 2333 392 2377; x_wconf 80' lang='grc' dir='ltr'><em>μιῶτιν]</em></span> <span class='ocrx_word' id='word_1_310' title='bbox 422 2331 627 2368; x_wconf 79' lang='grc' dir='ltr'><em>Ἑλικιῶτιν</em></span> <span class='ocrx_word' id='word_1_311' title='bbox 650 2334 694 2372; x_wconf 84' lang='grc' dir='ltr'><em>Χ.</em></span> <span class='ocrx_word' id='word_1_312' title='bbox 718 2329 914 2376; x_wconf 67' lang='grc' dir='ltr'><em>ἐλιμιτύτην</em></span> <span class='ocrx_word' id='word_1_313' title='bbox 938 2333 969 2367; x_wconf 94' lang='lat' dir='ltr'><strong>F</strong></span> <span class='ocrx_word' id='word_1_314' title='bbox 1113 2331 1169 2365; x_wconf 84' lang='lat'><em>91.</em></span> <span class='ocrx_word' id='word_1_315' title='bbox 1201 2332 1276 2365; x_wconf 72' lang='grc' dir='ltr'><em>ταῖν</em></span> <span class='ocrx_word' id='word_1_316' title='bbox 1300 2340 1369 2363; x_wconf 90' lang='lat' dir='ltr'><em>om.</em></span> <span class='ocrx_word' id='word_1_317' title='bbox 1394 2331 1424 2364; x_wconf 83' lang='lat' dir='ltr'><strong>F</strong></span> <span class='ocrx_word' id='word_1_318' title='bbox 1561 2331 1621 2366; x_wconf 78' lang='lat'><em>92.</em></span> 
     </span>
     <span class='ocr_line' id='line_1_39' title="bbox 239 2361 1622 2424; baseline -0.001 -12"><span class='ocrx_word' id='word_1_319' title='bbox 239 2378 302 2418; x_wconf 78' lang='grc' dir='ltr'><em>καὶ</em></span> <span class='ocrx_word' id='word_1_320' title='bbox 326 2381 570 2424; x_wconf 80' lang='grc' dir='ltr'><em>Λυγκηστῶν]</em></span> <span class='ocrx_word' id='word_1_321' title='bbox 597 2391 664 2412; x_wconf 86' lang='lat' dir='ltr'><em>om</em></span> <span class='ocrx_word' id='word_1_322' title='bbox 684 2361 710 2412; x_wconf 76' lang='lat' dir='ltr'><em>&#39;L</em></span> <span class='ocrx_word' id='word_1_323' title='bbox 731 2379 788 2412; x_wconf 58' lang='lat' dir='ltr'><em>vel</em></span> <span class='ocrx_word' id='word_1_324' title='bbox 807 2379 840 2411; x_wconf 89' lang='lat' dir='ltr'>T</span> <span class='ocrx_word' id='word_1_325' title='bbox 860 2380 917 2412; x_wconf 60' lang='lat' dir='ltr'><em>tel</em></span> <span class='ocrx_word' id='word_1_326' title='bbox 941 2384 1096 2420; x_wconf 77' lang='lat' dir='ltr'><strong>uterque,</strong></span> <span class='ocrx_word' id='word_1_327' title='bbox 1115 2379 1147 2412; x_wconf 77' lang='lat' dir='ltr'>X</span> <span class='ocrx_word' id='word_1_328' title='bbox 1165 2378 1260 2419; x_wconf 66' lang='lat' dir='ltr'><em>Bas„</em></span> <span class='ocrx_word' id='word_1_329' title='bbox 1280 2377 1433 2419; x_wconf 67' lang='grc' dir='ltr'><em>Οοεμιε,</em></span> <span class='ocrx_word' id='word_1_330' title='bbox 1457 2377 1622 2410; x_wconf 73' lang='lat' dir='ltr'>asterisco</span> 
     </span>
     <span class='ocr_line' id='line_1_40' title="bbox 240 2421 1622 2470; baseline 0 -12"><span class='ocrx_word' id='word_1_331' title='bbox 240 2425 375 2459; x_wconf 73' lang='lat' dir='ltr'>notavit</span> <span class='ocrx_word' id='word_1_332' title='bbox 400 2426 483 2470; x_wconf 75' lang='lat' dir='ltr'><strong>step</strong></span> <span class='ocrx_word' id='word_1_333' title='bbox 485 2427 620 2467; x_wconf 80' lang='lat' dir='ltr'><strong>hanus,</strong></span> <span class='ocrx_word' id='word_1_334' title='bbox 654 2425 780 2458; x_wconf 72' lang='lat' dir='ltr'>caetmi</span> <span class='ocrx_word' id='word_1_335' title='bbox 805 2425 866 2460; x_wconf 82' lang='grc' dir='ltr'><em>καὶ</em></span> <span class='ocrx_word' id='word_1_336' title='bbox 891 2423 1102 2468; x_wconf 81' lang='grc' dir='ltr'><em>Λυγκιστῶν</em></span> <span class='ocrx_word' id='word_1_337' title='bbox 1284 2421 1415 2466; x_wconf 80' lang='grc' dir='ltr'><em>τάξιν]</em></span> <span class='ocrx_word' id='word_1_338' title='bbox 1449 2421 1622 2466; x_wconf 77' lang='grc' dir='ltr'><em>σύνταξιν</em></span> 
     </span>
     <span class='ocr_line' id='line_1_41' title="bbox 240 2438 1623 2526; baseline -0.001 -21"><span class='ocrx_word' id='word_1_339' title='bbox 240 2471 333 2515; x_wconf 77' lang='lat' dir='ltr'><em>FLQ</em></span> <span class='ocrx_word' id='word_1_340' title='bbox 462 2438 538 2508; x_wconf 63' lang='lat' dir='ltr'><strong>P.91</strong></span> <span class='ocrx_word' id='word_1_341' title='bbox 589 2471 884 2515; x_wconf 73' lang='grc' dir='ltr'><em>Πολυσπέρχων]</em></span> <span class='ocrx_word' id='word_1_342' title='bbox 910 2469 1155 2513; x_wconf 75' lang='grc' dir='ltr'><em>Πολυπέρχων</em></span> <span class='ocrx_word' id='word_1_343' title='bbox 1177 2470 1260 2503; x_wconf 74' lang='lat' dir='ltr'><strong>Bas.</strong></span> <span class='ocrx_word' id='word_1_344' title='bbox 1286 2481 1432 2512; x_wconf 79' lang='lat' dir='ltr'><strong>semper,</strong></span> <span class='ocrx_word' id='word_1_345' title='bbox 1452 2470 1623 2526; x_wconf 80' lang='lat' dir='ltr'><em>Polyper-</em></span> 
     </span>
     <span class='ocr_line' id='line_1_42' title="bbox 241 2512 1528 2573; baseline -0.002 -22"><span class='ocrx_word' id='word_1_346' title='bbox 241 2528 303 2551; x_wconf 86' lang='lat' dir='ltr'><em>con</em></span> <span class='ocrx_word' id='word_1_347' title='bbox 326 2517 463 2572; x_wconf 80' lang='lat' dir='ltr'>Cospus</span> <span class='ocrx_word' id='word_1_348' title='bbox 655 2517 711 2550; x_wconf 79' lang='lat'><em>97.</em></span> <span class='ocrx_word' id='word_1_349' title='bbox 759 2517 851 2560; x_wconf 80' lang='grc' dir='ltr'><em>ιιετοὶ</em></span> <span class='ocrx_word' id='word_1_350' title='bbox 875 2516 1014 2561; x_wconf 85' lang='grc' dir='ltr'><em>ταύτην</em></span> <span class='ocrx_word' id='word_1_351' title='bbox 1040 2517 1117 2557; x_wconf 73' lang='lat' dir='ltr'><em>FL,</em></span> <span class='ocrx_word' id='word_1_352' title='bbox 1156 2516 1281 2549; x_wconf 72' lang='lat' dir='ltr'>caeteri</span> <span class='ocrx_word' id='word_1_353' title='bbox 1305 2513 1388 2558; x_wconf 83' lang='grc' dir='ltr'><em>μετ’</em></span> <span class='ocrx_word' id='word_1_354' title='bbox 1412 2512 1528 2573; x_wconf 68' lang='grc' dir='ltr'><em>αὐτὴν</em></span> 
     </span>
     <span class='ocr_line' id='line_1_43' title="bbox 335 2559 1622 2619; baseline -0.002 -21"><span class='ocrx_word' id='word_1_355' title='bbox 335 2561 548 2608; x_wconf 82' lang='grc' dir='ltr'><em>Κράτερος]</em></span> <span class='ocrx_word' id='word_1_356' title='bbox 573 2563 655 2597; x_wconf 79' lang='lat' dir='ltr'>libri</span> <span class='ocrx_word' id='word_1_357' title='bbox 679 2562 866 2619; x_wconf 79' lang='grc' dir='ltr'><em>Κρατερὸς</em></span> <span class='ocrx_word' id='word_1_358' title='bbox 1048 2562 1107 2595; x_wconf 82' lang='lat'><em>99.</em></span> <span class='ocrx_word' id='word_1_359' title='bbox 1153 2559 1413 2607; x_wconf 79' lang='grc' dir='ltr'><em>ἀπεπλήρουν]</em></span> <span class='ocrx_word' id='word_1_360' title='bbox 1439 2559 1622 2605; x_wconf 81' lang='grc' dir='ltr'><em>ἐπλήρουν</em></span> 
     </span>
     <span class='ocr_line' id='line_1_44' title="bbox 241 2607 1623 2655; baseline 0 -12"><span class='ocrx_word' id='word_1_361' title='bbox 241 2608 303 2643; x_wconf 72' lang='lat' dir='ltr'><em>FB</em></span> <span class='ocrx_word' id='word_1_362' title='bbox 487 2610 567 2643; x_wconf 76' lang='lat'><em>100.</em></span> <span class='ocrx_word' id='word_1_363' title='bbox 615 2609 944 2655; x_wconf 85' lang='grc' dir='ltr'><em>συστρατεύσαντες</em></span> <span class='ocrx_word' id='word_1_364' title='bbox 967 2620 1037 2643; x_wconf 88' lang='lat' dir='ltr'><em>om.</em></span> <span class='ocrx_word' id='word_1_365' title='bbox 1061 2608 1122 2641; x_wconf 77' lang='lat' dir='ltr'><em>Fh</em></span> <span class='ocrx_word' id='word_1_366' title='bbox 1314 2609 1348 2642; x_wconf 92' lang='lat'><em>1.</em></span> <span class='ocrx_word' id='word_1_367' title='bbox 1398 2610 1538 2653; x_wconf 82' lang='grc' dir='ltr'><em>Λοκροὶ,</em></span> <span class='ocrx_word' id='word_1_368' title='bbox 1560 2607 1623 2644; x_wconf 84' lang='grc' dir='ltr'><em>καὶ</em></span> 
     </span>
     <span class='ocr_line' id='line_1_45' title="bbox 247 2652 1417 2700; baseline -0.002 -10"><span class='ocrx_word' id='word_1_369' title='bbox 247 2655 412 2699; x_wconf 79' lang='grc' dir='ltr'><em>Φωκεῖς]</em></span> <span class='ocrx_word' id='word_1_370' title='bbox 435 2655 577 2690; x_wconf 77' lang='lat' dir='ltr'><strong>invertit</strong></span> <span class='ocrx_word' id='word_1_371' title='bbox 597 2656 627 2689; x_wconf 80' lang='lat' dir='ltr'><strong>F</strong></span> <span class='ocrx_word' id='word_1_372' title='bbox 810 2656 844 2691; x_wconf 77' lang='lat'><em>2,</em></span> <span class='ocrx_word' id='word_1_373' title='bbox 891 2653 1142 2700; x_wconf 75' lang='grc' dir='ltr'><em>εἱστήκεισαν]</em></span> <span class='ocrx_word' id='word_1_374' title='bbox 1166 2652 1362 2699; x_wconf 84' lang='grc' dir='ltr'><em>εστήκεσαν</em></span> <span class='ocrx_word' id='word_1_375' title='bbox 1385 2655 1417 2688; x_wconf 83' lang='lat' dir='ltr'>F</span> 
     </span>
    </p>
   </div>
   <div class='ocr_carea' id='block_1_4' title="bbox 243 2720 1624 2819">
    <p class='ocr_par' dir='ltr' id='par_1_4' title="bbox 243 2720 1624 2818">
     <span class='ocr_line' id='line_1_46' title="bbox 334 2720 1624 2773; baseline 0 -15"><span class='ocrx_word' id='word_1_376' title='bbox 334 2723 417 2759; x_wconf 79' lang='lat'><strong>205.</strong></span> <span class='ocrx_word' id='word_1_377' title='bbox 447 2724 480 2759; x_wconf 78' lang='grc'>3</span> <span class='ocrx_word' id='word_1_378' title='bbox 529 2721 685 2773; x_wconf 68' lang='grc' dir='ltr'><em>ἀνδρεία</em></span> <span class='ocrx_word' id='word_1_379' title='bbox 711 2722 751 2760; x_wconf 77' lang='grc' dir='ltr'><em>δὲ</em></span> <span class='ocrx_word' id='word_1_380' title='bbox 775 2723 838 2760; x_wconf 81' lang='grc' dir='ltr'><em>και</em></span> <span class='ocrx_word' id='word_1_381' title='bbox 864 2725 919 2767; x_wconf 89' lang='lat' dir='ltr'><em>F,</em></span> <span class='ocrx_word' id='word_1_382' title='bbox 946 2721 1039 2769; x_wconf 76' lang='grc' dir='ltr'><em>ἅνδρ</em></span> <span class='ocrx_word' id='word_1_383' title='bbox 1043 2725 1102 2769; x_wconf 78' lang='grc' dir='ltr'><em>είᾳ</em></span> <span class='ocrx_word' id='word_1_384' title='bbox 1125 2722 1186 2758; x_wconf 79' lang='grc' dir='ltr'><em>καὶ</em></span> <span class='ocrx_word' id='word_1_385' title='bbox 1213 2723 1241 2757; x_wconf 89' lang='lat' dir='ltr'>L</span> <span class='ocrx_word' id='word_1_386' title='bbox 1264 2724 1348 2758; x_wconf 80' lang='lat' dir='ltr'><strong>Bas.</strong></span> <span class='ocrx_word' id='word_1_387' title='bbox 1363 2747 1373 2765; x_wconf 89' lang='lat'><em>‚</em></span> <span class='ocrx_word' id='word_1_388' title='bbox 1405 2722 1533 2758; x_wconf 81' lang='lat' dir='ltr'><strong>caeteri</strong></span> <span class='ocrx_word' id='word_1_389' title='bbox 1557 2720 1624 2758; x_wconf 80' lang='grc' dir='ltr'><em>οἷν-</em></span> 
     </span>
     <span class='ocr_line' id='line_1_47' title="bbox 243 2738 1567 2819; baseline -0.002 -13"><span class='ocrx_word' id='word_1_390' title='bbox 243 2771 351 2819; x_wconf 83' lang='grc' dir='ltr'><em>δρεία</em></span> <span class='ocrx_word' id='word_1_391' title='bbox 377 2769 440 2807; x_wconf 77' lang='grc' dir='ltr'><em>καὶ</em></span> <span class='ocrx_word' id='word_1_392' title='bbox 463 2768 505 2806; x_wconf 74' lang='grc' dir='ltr'><em>δὲ</em></span> <span class='ocrx_word' id='word_1_393' title='bbox 687 2770 722 2807; x_wconf 77' lang='grc'><em>4.</em></span> <span class='ocrx_word' id='word_1_394' title='bbox 770 2771 818 2818; x_wconf 84' lang='grc' dir='ltr'><em>τῇ</em></span> <span class='ocrx_word' id='word_1_395' title='bbox 841 2790 884 2796; x_wconf 90' lang='grc'>-</span> <span class='ocrx_word' id='word_1_396' title='bbox 908 2738 1093 2817; x_wconf 76' lang='grc' dir='ltr'><em>ἱππασίᾳ]</em></span> <span class='ocrx_word' id='word_1_397' title='bbox 1117 2773 1198 2810; x_wconf 85' lang='grc' dir='ltr'><em>ταῖς</em></span> <span class='ocrx_word' id='word_1_398' title='bbox 1221 2789 1265 2795; x_wconf 91' lang='grc'><em>--</em></span> <span class='ocrx_word' id='word_1_399' title='bbox 1290 2770 1482 2811; x_wconf 81' lang='grc' dir='ltr'><em>ιππασίαις</em></span> <span class='ocrx_word' id='word_1_400' title='bbox 1504 2769 1567 2804; x_wconf 82' lang='lat' dir='ltr'><em>FL</em></span> 
     </span>
    </p>
   </div>
  </div>
 </body>
</html>
