1820 3249
280 108 391 148 140⁰
636 100 754 143 ΜΒ.
786 94 900 141 ΧιΧ.
960 100 1092 141 GAP.
1124 102 1190 141 61.
1220 102 1290 141 6⁶2.

204 221 255 264 15
284 214 417 266 αὐτός
434 213 501 258 δε
536 210 655 264 παρὰ
680 210 861 255 Ῥοδίων
889 209 1270 266 μεταπεμψάμενος
1299 213 1435 262 ναῦςἸ
1461 211 1535 254 καὶ
1570 215 1660 255 τῶν

283 274 651 327 ναυπηγηθεισῶν
687 267 764 319 τοὶς
799 270 997 319 πλείστας
1033 269 1322 322 καταρτίσαςᾲ,
1351 267 1580 312 ἐπέπλευσε
1589 272 1663 336 τῇ

290 328 435 387 Τύρῳ.
494 329 863 379 θαλαττοκρατῶν
892 325 946 396 δὲ,
971 324 1043 368 καὶ
1074 324 1347 367 διακωλύων
1360 324 1481 367 σῖτον
1511 323 1664 380 εἰςοέγε-

289 390 395 429 σθαι
429 382 813 452 προςεκαρτέρησε
824 381 902 437 μὲν
932 381 1135 424 ἐνιαυτόν
1164 381 1237 424 καὶ
1265 385 1379 435 τρεῖς
1407 385 1568 451 μῆνας,
1607 383 1666 431 εἷς

292 442 463 485 ἔνδειαν
503 439 548 483 δὲ
593 438 739 495 δεινὴν
788 436 965 494 ἀγαγών
1011 454 1117 487 τους
1167 437 1544 506 έγκατακεκλεισμέ
1547 453 1668 488 νους,

209 505 263 543 20
293 503 385 547 τοῖς
432 496 509 552 μὲν
555 496 673 548 παρὰ
714 496 989 550 Πτολεμαίου
1042 493 1322 546 στρατιώταις
1370 493 1668 565 συνεχώρησεν

294 553 503 597 ἀπελθεῖν
525 551 677 622 ἔχουσι
705 569 758 595 τα
788 552 970 603 ἑαυτῶν,
999 549 1078 605 τὴν
1110 550 1155 593 δὲ
1183 551 1314 593 πόλιν
1343 550 1403 594 δι’
1435 549 1669 621 ὁμολογίας

293 608 564 681 παραλαβών
593 608 797 666 φρουρὰν
825 608 905 666 τήν
934 604 1294 663 διαφυλάξουσαν
1329 609 1388 660 εἰς
1421 607 1558 665 αὐτὴν
1587 609 1671 659 εἶς-

353 685 378 710 α
409 681 466 709 εν.

210 699 265 796 {ff
293 667 349 724 ἦν
380 684 448 765 y'A
411 727 510 792 Αμα
539 721 584 766 δὲ
606 721 780 773 τούτοις
808 719 1121 792 πραττομένοις
1152 723 1422 789 Πτολεμαῖος
1442 737 1521 790 μεν
1542 718 1673 765 οἷκού-

241 769 265 796 ³
299 791 378 831 σας
415 796 469 822 τα
500 780 736 850 δεδογμένα
767 784 858 829 τοῖς
894 776 987 834 μετ’
1023 775 1276 832 Ἀντιγόνου
1313 776 1541 820 Μακεδόσι
1576 779 1674 832 περὶ

297 841 374 892 τῆς
403 835 730 905 τῶνἙλλήνων
761 834 1033 886 ἐλευθερίας,
1065 833 1224 903 ἔγραψε
1254 833 1326 876 καὶ
1357 832 1487 883 αὐτὸς
1514 833 1566 876 τα
1595 849 1675 876 πα-

299 893 538 948 ραπλησια,
571 890 839 960 βουλόμενος
872 890 1033 935 εἰδέναι
1071 889 1176 940 τούς
1200 888 1411 962 ”Ελληνας
1445 888 1511 933 ότι
1541 906 1676 961 φρον-

299 951 403 1001 τίζει
433 952 508 1003 τῆς
547 945 813 1002 αὐτονομίας
851 947 998 990 αὐτῶν
1034 944 1114 1004 οὐχ
1151 948 1285 1002 ἦττον
1308 946 1574 1002 Ἀντιγόνου.
1623 945 1677 989 οὐ

218 1012 273 1051 80
305 1022 389 1060 γαρ
421 1003 584 1074 μικρὰν
622 1005 764 1075 ῥοπὴν
804 1003 992 1072 ὁρῶντες
1031 1005 1172 1047 οὖσαν
1214 1002 1409 1055 ἑκάτεροι
1445 1004 1679 1074 προςλαβέ-

305 1066 412 1105 σθαι
439 1060 520 1116 τήν
558 1064 646 1103 τῶν
669 1059 887 1116 Ελλήνων
917 1059 1117 1109 εύνοιαν,
1148 1061 1436 1115 διημιλλῶντο
1472 1059 1582 1114 πρὸς
1612 1059 1680 1103 ἀλ-

302 1116 465 1189 λήλους
503 1117 601 1185 περὶ
646 1121 720 1173 τῆς
764 1120 823 1168 εἰς
861 1116 1045 1167 τούτους
1077 1114 1333 1171 εὐεργεσίας.
1393 1115 1679 1172 προςελάβετο

305 1173 346 1217 δ’
394 1175 453 1223 είς
491 1172 571 1229 τὴν
605 1176 865 1246 συμμαχίαν
904 1173 977 1216 καὶ
1012 1171 1091 1216 τόν
1132 1177 1208 1228 τῆς
1247 1174 1417 1226 Καρίας
1456 1173 1681 1229 σατραπην

293 1230 559 1284 ’Ἀσανδρον,
601 1230 807 1284 ἰσχύοντα
835 1230 907 1273 καὶ
945 1228 1092 1279 πόλεις
1133 1229 1284 1284 ε’χοντα
1311 1230 1569 1301 τεταγμένας
1596 1231 1661 1287 ὑφ
1669 1230 1759 1274 ’366

225 1289 280 1332 35
310 1286 468 1330 ἑαυτὸν
499 1285 581 1329 οὐκ
622 1285 780 1342 ὀλίγας.
839 1286 1205 1339 προαπεσταλκώς
1233 1285 1294 1328 δε
1311 1291 1402 1337 τοῖς
1439 1287 1486 1329 ἐν
1514 1287 1684 1356 Κύπρῳ

308 1346 534 1412 βασιλεῦσι
563 1344 829 1395 στρατιώτας
856 1344 1116 1397 τριςχιλίους
1139 1342 1342 1396 εξέπεμψε
1371 1341 1469 1386 τότε
1498 1334 1687 1400 δύναμιν

309 1398 474 1453 όιδραν,
505 1399 705 1442 σπεύδων
743 1398 1070 1454 συναναγκάσαι
1104 1398 1209 1449 τούς
1239 1399 1689 1471 ἐναντιοπραγοῦντας

309 1472 452 1499 ποιειν
490 1454 538 1498 τὸ
576 1455 967 1525 προςταττόμενον.
1050 1454 1320 1511 Μυρμιδόνα
1366 1473 1445 1511 μεν
1486 1455 1569 1500 οὖν
1610 1459 1688 1503 τὸν

308 1512 544 1582 Ἀθηναῖον
562 1511 778 1556 ἀπέστειλε
807 1529 910 1582 μετα
941 1516 1218 1567 στρατιωτῶν
1245 1513 1430 1567 μυρίων,
1451 1513 1690 1559 Πολύκλει-

232 1574 286 1618 40
315 1585 393 1612 τον
432 1568 478 1612 δὲ
514 1584 632 1638 μετα
657 1573 770 1612 νεῶν
815 1568 992 1616 ἑκατόν.
1029 1572 1120 1612 τῶν
1158 1569 1204 1612 δὲ
1240 1569 1418 1612 πάντων
1446 1571 1690 1641 στρατηγόν

316 1625 548 1669 Μενέλαον
585 1624 663 1668 τόν
702 1625 906 1680 αδελφόν.
953 1620 1079 1669 οὗτοι
1120 1625 1166 1668 δὲ
1204 1621 1464 1678 πλεύσαντες
1504 1629 1564 1678 εἰς
1602 1627 1689 1672 Κύ-

316 1698 456 1736 προν
494 1680 619 1725 κοῖκεῖ
658 1681 978 1736 καταλαβόντες
1015 1681 1236 1725 Σέλευκον
1248 1699 1375 1751 μετα
1405 1687 1484 1727 τοῦ
1515 1683 1689 1738 στόλου,

317 1738 620 1808 συνήδρευσαν
650 1740 964 1809 βουλευόμενοι
989 1741 1031 1781 τί
1057 1738 1139 1809 χρὴ
1168 1737 1387 1793 πράττειν.
1432 1740 1578 1792 ε’δοξεν
1607 1739 1691 1785 οὖν

319 1794 468 1845 αὐτοῖς
509 1794 805 1839 Πολύκλειτον
845 1812 949 1850 μετα
990 1793 1259 1852 πεντήκοντα
1300 1799 1414 1839 νεῶν
1455 1801 1584 1840 πλεῖν
1630 1801 1691 1851 εἷς

233 1857 288 1900 45
321 1851 663 1923 Πελοπόννησον
699 1853 772 1896 καὶ
813 1854 1088 1906 διαπολεμεῖν
1123 1856 1216 1903 τοῖς
1250 1853 1350 1908 περὶ
1382 1851 1692 1925 Ἀριστόδημον

318 1909 392 1951 καὶ
418 1907 697 1962 Ἀλέξανδρον
739 1909 799 1952 ε’τι
839 1909 883 1952 δὲ
914 1908 1301 1977 Πολυσπέρχοντα,
1342 1911 1609 1966 Μυρμιδόνα
1646 1913 1693 1956 δὲ

318 1965 392 2007 καὶ
420 1964 524 2015 τοὺς
556 1964 705 2016 ξένους
735 1967 793 2016 είς
825 1967 1011 2019 Καρίαν,
1041 1964 1346 2020 βοηθήσοντας
1373 1972 1467 2017 τοῖς
1493 1969 1591 2023 περὶ
1613 1968 1692 2011 τόν

309 2019 556 2074 ’Ἄσανδρον
598 2022 939 2090 πολεμουμένοις
975 2021 1062 2064 ὑπὸ
1095 2025 1369 2094 Πτολεμαίου
1406 2027 1488 2066 τοῦ
1517 2036 1692 2094 στρατη-

238 2082 292 2126 50
321 2081 426 2133 γοῦ,
464 2076 566 2127 τοὺς
595 2077 640 2121 δὲ
675 2078 775 2132 περὶ
803 2077 880 2121 τὸν
909 2078 1130 2121 Σέλευκον
1164 2078 1236 2121 καὶ
1265 2079 1494 2123 Μενέλαον
1522 2079 1692 2124 ὑπολει-

323 2134 514 2191 φθέντας
551 2133 599 2178 εν
637 2134 804 2192 Κύπρῳ
851 2150 957 2192 μετα
994 2134 1317 2191 Νικοκρέοντος
1364 2140 1443 2180 τοῦ
1482 2138 1694 2194 βασιλέως

325 2306 383 2340 16.
429 2306 676 2351 καταρτίσας]
703 2305 931 2350 καταρτήσας
955 2307 984 2340 F
1167 2307 1388 2352 θαλαττοκρ.
1400 2306 1413 2351 ]
1450 2307 1531 2365 librj
1554 2308 1692 2342 θαλασ

325 2351 947 2397 σοκρ.17.εἰςαγεσθαι]
984 2349 1138 2396 ἄγεσθαι
1162 2353 1210 2387 W
1401 2354 1458 2390 19
1505 2353 1696 2397 ἐγκατακε-

323 2397 578 2453 κλεισμένους]
612 2397 1019 2457 ἐγκατακεκλειμμένους
1042 2398 1075 2431 Τ
1098 2399 1180 2432 Bas.
1362 2399 1420 2436 21.
1469 2397 1694 2445 ὁμολογίας]

325 2441 526 2486 ὁμολογίαν
549 2446 630 2478 Bas.
814 2447 895 2480 29.
916 2442 1144 2489 Ἀντιγόνου]
1177 2441 1202 2488 ἢ
1218 2442 1420 2491 Ἀντιγονος
1443 2446 1549 2480 Fvw

324 2490 382 2525 30.
429 2490 724 2536 προςλαβέσθαι]
776 2490 819 2526 τό
857 2491 1131 2539 προς-λαβέσθαι
1171 2491 1202 2525 Ε
1402 2492 1458 2527 33.
1495 2489 1697 2536 ’Ἄσανδρον

326 2536 595 2582 Wesselingius:
619 2537 701 2571 libri
725 2536 970 2582 Κάσσανδρον

416 2603 498 2641 366.
528 2604 586 2639 37.
633 2605 742 2652 τούς]
770 2607 836 2641 τὸν
859 2608 890 2642 Ε
1049 2605 1364 2650 προςταττόμενον
1388 2608 1441 2649 Ε,
1475 2605 1699 2653 προςτασσό-

326 2661 439 2692 μενον
461 2651 590 2685 caeteri
771 2652 827 2687 39.
874 2650 1145 2709 Πολύκλειτον]
1171 2655 1349 2689 Πολεῖτον
1373 2653 1457 2687 Bas.
1641 2653 1697 2686 44.

327 2694 419 2735 μετοὶ
442 2713 486 2722 -
510 2700 639 2738 πλεῖν]
674 2697 739 2740 μὲν
771 2701 874 2735 πλεῖν
909 2696 1001 2742 μετὰ
1032 2697 1259 2743 πεντήκοντα
1293 2700 1387 2736 νεῶν
1420 2700 1450 2734 Ε
1641 2698 1697 2733 48.

326 2739 524 2788 Ἄσανδρον
547 2744 922 2790 wesselingius:1ibri
947 2744 1189 2790 Κάσσανδρον
