1820 3249
485 180 601 224 LIB.
631 180 723 223 XX.
780 180 911 223 GAP.
939 184 1008 224 65
1036 183 1495 225 66.1519

116 294 234 350 παρὰ
257 298 347 338 τῶν
376 295 653 362 στρατιωτῶν
679 292 866 348 βοήθεια
895 298 1175 363 κατεταχεῖτο.
1220 291 1291 337 διὸ
1320 292 1394 336 καὶ
1419 295 1496 349 τῆς

116 353 392 408 παρεμβολῆς
419 350 525 405 ταχὺ
553 348 692 419 πάσης
722 351 1007 419 φλεγομένης,
1036 350 1191 394 πολλοὶ
1220 351 1299 405 μὲν
1329 350 1376 393 ἐν
1405 361 1496 392 στε-

117 414 216 460 ναῖς
249 413 356 480 ταῖς,
383 406 548 457 διόδοις
587 404 915 475 ἀποληφθέντες
955 411 1106 459 ζῶντες
1143 405 1493 475 κατεκαύθησαν,
1523 408 1578 454 95

115 465 192 510 καὶ
215 469 292 520 τῆς
320 465 380 513 εἰς
407 462 512 513 τούς
541 461 840 517 αἰχμαλώτους
871 461 1092 519 ὠμότητος
1125 467 1387 533 παραχρῆμα
1415 463 1494 518 τὴν

116 520 299 566 κόλασιν
324 519 524 575 ὑπέσχον,
551 519 685 590 αὐτῆς
715 523 790 575 τῆς
820 518 1016 574 ἀσεβείας
1044 522 1145 575 ἰ’σην
1173 537 1253 576 την
1281 521 1495 576 τιμωρίαν

39 576 435 647 455πορισαμένης·
466 579 558 626 τοῖς
587 573 630 619 δ’
664 575 711 619 ἐκ
739 579 814 631 τῆς
843 580 1123 632 παρεμβολῆς
1152 577 1408 620 ἐκπίπτουσι
1427 591 1496 631 με
1527 583 1608 623 100

115 635 170 678 τὰ
205 633 407 690 θορύβου
445 632 519 676 καὶ
556 637 762 703 κραυγῆς
792 633 937 685 ἕτερος
975 635 1130 687 μείζων
1169 632 1496 704 ἐπηκολούθησε

115 692 336 741 κίνδυνος.
393 693 484 732 τῶν
522 689 601 743 μὲν
638 690 721 744 γὰρ
751 688 1009 759 Ἀγαθοκλεῖ
1037 689 1391 760 συντεταγμένων
1418 693 1497 732 Λι-
1525 694 1582 733 66

116 747 239 815 βύων
268 748 329 798 εἰς
356 747 727 816 πεντακιςχιλίους
765 744 1029 797 ἀποστάντες
1057 749 1147 789 τῶν
1172 747 1390 815 Ελλήνων
1417 763 1500 789 νυ·-

114 803 216 854 κτός
243 801 523 872 ηὐτομόλουν
551 801 663 856 πρὸς
691 819 796 853 τους
834 802 1102 872 βαρβάρους.
1160 802 1344 853 τούτους
1379 802 1424 846 δὲ
1454 803 1497 845 οἱ
1525 803 1553 846 5

116 860 227 915 πρός
263 859 345 916 τήν
382 858 667 915 κατασκοπην
697 859 1040 929 ἐκπεμφθέντες
1055 859 1114 910 ὡς
1152 858 1273 903 εἶδον
1312 859 1381 903 ἐπὶ
1418 858 1498 915 τήν

115 915 398 987 παρεμβολην
425 919 515 958 τῶν
544 917 869 985 Καρχηδονίων
895 914 1212 971 προςάγοντας,
1241 918 1499 975 νομίσαντες

114 973 198 1030 τήν
234 977 324 1016 τῶν
346 971 576 1042 Ελλήνων
618 973 806 1026 δύναμιν
843 971 1017 1015 ἅπασαν
1047 974 1410 1042 διεσκευασμένην
1441 976 1498 1015 εἰ-

116 1046 214 1081 ναι,
253 1027 362 1085 ταχὺ
401 1033 492 1079 τοῖς
529 1027 810 1097 στρατιώταις
847 1027 1075 1099 ἐδήλωσαν
1111 1046 1194 1085 την
1228 1033 1498 1083 προςιοῦσαν
1529 1033 1580 1072 10

117 1085 320 1140 δύναμιν.
384 1085 670 1135 διαδοθέντος
707 1086 792 1127 οὐν
836 1085 946 1139 πρὸς
987 1085 1183 1136 ἅπαντας
1229 1090 1310 1129 τοῦ
1361 1085 1498 1153 λόγου

114 1141 316 1211 θόρυβος
345 1140 539 1184 ἐνέπιπτε
567 1142 639 1210 καὶ
663 1143 903 1195 προςδοκία
931 1146 1007 1212 τῆς
1034 1147 1125 1185 τῶν
1152 1147 1255 1186 πολε
1249 1145 1371 1197 -μίων
1400 1141 1501 1197 ἐφό-

117 1200 215 1242 δου.
273 1195 461 1241 ἑκάστου
495 1197 542 1240 δὲ
569 1198 649 1254 τὴν
683 1198 902 1253 σωτηρίαν
940 1197 988 1240 ἐν
1015 1203 1068 1267 τῇ
1080 1203 1221 1267 φυγῇ
1250 1199 1499 1253 τιθεμένου,

117 1255 190 1298 καὶ
226 1254 330 1324 μήτε
357 1253 719 1324 παραγγέλματος
756 1254 965 1304 δοθέντος
1000 1253 1088 1297 ὑπὸ
1126 1260 1217 1297 τῶν
1245 1259 1502 1311 στρατηγῶν

117 1309 226 1379 μήτε
258 1310 417 1381 τάξεως
456 1309 592 1366 οὔσης
631 1313 865 1366 μηδεμιᾶς,
907 1312 952 1353 οῖ
993 1311 1232 1366 φεύγοντες
1271 1312 1498 1355 ἐνέπιπτον
1530 1315 1582 1359 15

118 1365 343 1437 ἀλλήλοις·
376 1382 439 1409 ων
466 1383 509 1410 οι
538 1367 618 1421 μὲν
647 1367 720 1410 διὰ
739 1367 786 1409 τό
819 1366 974 1417 σκότος
1005 1369 1048 1410 οι
1070 1368 1115 1411 δε
1146 1368 1219 1411 διὰ
1240 1385 1320 1440 την
1349 1369 1500 1424 ἐ’-κπλη

117 1425 185 1474 ξιν
221 1421 486 1492 αγνοοῦντες
525 1422 631 1473 τούς
670 1425 860 1474 οἰκείους
898 1422 956 1473 ὠς
995 1426 1230 1494 πολεμίους
1260 1425 1498 1481 ἠμύνοντο.

116 1483 286 1523 πολλοῦ
314 1480 362 1522 δὲ
391 1478 538 1550 φόνου
576 1479 836 1548 γινομένου,
877 1480 952 1523 καὶ
987 1484 1063 1535 τῆς
1101 1479 1282 1536 ἀγνοίας
1320 1482 1500 1536 ἐπικρα-

115 1535 299 1592 τούσης,
331 1537 375 1579 οἱ
401 1536 481 1591 μὲν
511 1536 558 1579 ἐν
584 1539 741 1591 χειρῶν
764 1535 887 1604 νόμῳ
919 1537 1251 1605 διεφθαρησαν,
1280 1540 1324 1581 οἱ
1352 1537 1500 1581 δ’ἐκ-

116 1592 413 1650 πεπηδηκότες
443 1591 626 1636 ἄνοπλοι
655 1593 728 1635 καὶ
757 1606 837 1648 την
858 1592 1006 1648 φυγὴν
1027 1595 1287 1649 ποιούμενοι
1316 1594 1389 1638 διὰ
1411 1599 1501 1638 τῶν
1529 1602 1586 1642 20

116 1652 371 1720 δυςχωριῶν
400 1651 817 1720 κατεκρημνίζοντο,
857 1654 933 1703 τῆς
961 1654 1102 1719 ψυχῆς
1131 1650 1398 1722 ἐπτοημένης
1428 1651 1500 1695 δια

115 1705 195 1749 τὸν
226 1705 553 1777 απροςδόκητον
583 1706 752 1776 φόβον·
784 1705 834 1749 τὸ
865 1707 910 1749 δὲ
942 1706 1063 1757 τέλος
1091 1707 1305 1753 πλειόνων
1343 1707 1372 1764 ἢ
1400 1725 1502 1751 πεν-

115 1764 390 1833 τακιςχιλίων
442 1762 728 1818 απολομένων
773 1762 824 1806 τὸ
875 1762 1034 1806 λοιπὸν
1086 1768 1258 1820 πλῆθος
1310 1765 1499 1834 διεσώθη

119 1819 231 1873 πρὸς
259 1819 340 1874 τὴν
369 1820 646 1889 Καρχηδόνα.
707 1820 751 1862 οἱ
780 1817 824 1862 δ’
855 1818 902 1862 ἐν
929 1835 981 1875 τῃ
1011 1818 1135 1863 πόλει
1162 1821 1257 1865 τότε
1287 1822 1366 1876 μὲν
1400 1834 1498 1865 συν-
1528 1836 1584 1879 25

119 1875 457 1946 εξαπατηθέντες
491 1893 545 1931 τη
587 1875 712 1944 φήμῃ
751 1879 838 1918 τῶν
876 1877 1000 1918 ἰδίων
1035 1875 1256 1933 υπέλαβον
1284 1877 1501 1949 ἡττῆσθαι

119 1931 255 2001 μάχῃ
269 1932 345 1975 καὶ
379 1937 456 1988 τῆς
485 1931 711 1986 δυνάμεως
738 1931 789 1974 τὸ
819 1937 1023 1975 πλεῖστον
1064 1934 1351 1988 διεφθάρθαι
1411 1935 1500 1979 διό-

117 2004 197 2059 περ
228 1987 498 2057 ἀγωνιῶντες
537 2005 591 2031 αν
595 1988 731 2045 ε’ῳξαν
758 2005 836 2039 τας
864 1988 1027 2041 πύλας,
1061 1992 1134 2033 καὶ
1164 1991 1270 2045 μετὰ
1296 1993 1499 2048 θορύβου

117 2045 192 2089 καὶ
220 2043 441 2100 πτοήσεως
470 2033 667 2100 ἐδέχοντο
697 2045 802 2095 τοὺς
831 2047 1110 2100 στρατιώτας,
1139 2046 1414 2118 φοβούμενοι
1442 2050 1501 2104 μὴ

117 2106 210 2152 τοῖς
237 2101 430 2157 ἐσχάτοις
460 2103 505 2144 οἱ
531 2101 730 2154 πολέμιοι
760 2103 1105 2152 συνειςπέσωσιν.
1162 2103 1327 2160 ημέρας
1357 2106 1403 2149 δὲ
1433 2122 1498 2161 γε·
1528 2117 1582 2157 30

117 2157 305 2213 νομένης
340 2156 557 2213 μαθόντες
597 2157 782 2215 ταληθὲς
819 2157 945 2214 μόγις
987 2157 1271 2218 απελύθησαν
1306 2166 1380 2218 τῆς
1409 2179 1499 2206 των

117 2217 275 2259 δεινῶν
303 2216 578 2266 προςδοκίας.

239 2272 293 2315 Οἱ
329 2271 376 2315 δὲ
403 2270 505 2327 περὶ
533 2270 612 2315 τὸν
636 2270 900 2328 Ἀγαθοκλέα
931 2287 1041 2316 κατα
1068 2270 1147 2316 τὸν
1176 2271 1313 2318 αὐτὸν
1339 2273 1502 2331 χρόνον

1339 2412 1378 2445 οἳ

211 2449 292 2485 455.
340 2449 399 2486 95.
421 2421 710 2498 ἀπολειφθέντες
733 2454 763 2488 F
946 2453 1003 2487 99.
1028 2450 1146 2497 αὐτῆς
1168 2454 1247 2501 τῆς]
1270 2423 1397 2502 αύτηςς
1409 2457 1439 2491 F

279 2495 346 2541 τήν
383 2509 452 2532 om.
485 2501 516 2534 F
699 2500 735 2534 3.
775 2500 850 2534 τῶν
881 2496 970 2543 μὲν]
1004 2503 1055 2546 τῷ
1097 2501 1176 2534 FW
1371 2503 1407 2537 6.
1450 2500 1499 2538 εἷ-

123 2540 206 2584 δον]
231 2541 314 2576 ἴδον
336 2543 417 2577 Bas.
598 2545 633 2580 7.
656 2545 902 2600 νομίσαντες]
914 2546 974 2581 καὶ
999 2547 1214 2589 νομίσαντες
1235 2548 1316 2582 FW

122 2589 178 2622 15.
203 2584 373 2645 ἀλλήλοις
393 2601 463 2623 om.
487 2590 568 2626 Bas.
753 2592 806 2626 16
840 2589 928 2632 τοὺς
953 2593 1112 2633 οἰκείους
1135 2605 1202 2626 om.
1229 2595 1311 2628 Bas.

123 2634 181 2668 17,
208 2603 292 2677 αἱς]
309 2647 358 2673 ως
379 2648 469 2677 τους
491 2637 573 2670 Bas.
757 2638 977 2682 γινομένου]
1001 2651 1124 2683 γειομ
1116 2638 1200 2674 ’νου
1228 2640 1258 2673 F
1439 2639 1497 2675 23.

123 2678 390 2723 ἀπολλωμένων
423 2686 497 2725 post
529 2683 630 2725 τέλος
663 2684 759 2728 ponit
793 2686 823 2718 F
1029 2685 1085 2723 25
1122 2685 1494 2732 συνεξαπατηθέντες]

126 2724 418 2770 «ἐξαπατηθέντες
452 2729 527 2761 FW
718 2731 775 2765 26.
810 2726 1009 2774 ἡττῆσθαι]
1033 2727 1220 2775 ἡττᾶσθαι
1243 2733 1306 2775 FQ

122 2773 179 2807 3⁰.
201 2771 304 2815 μόγις
327 2773 372 2815 F,
398 2774 525 2807 canani
547 2772 655 2818 μόλις
821 2777 880 2811 3).
904 2777 1011 2821 κατὰ]
1033 2779 1116 2824 περὶ
1142 2778 1207 2812 ΤΥ
1232 2778 1315 2812 Bas.

121 2816 268 2864 χρόνον]
292 2819 423 2863 καιρόν
444 2820 474 2854 F
