1820 3249
634 179 770 222 Lm.
802 180 981 224 xvln.
1393 185 1504 227 1587

117 306 328 349 oppugnat,
368 306 403 335 et
432 288 575 334 eversas
606 299 787 334 militibus
825 299 1003 346 relinquit
1042 299 1267 345 diripiendas
1298 297 1386 350 [¹22]
1423 306 1505 346 post

114 359 205 393 haec
238 357 436 393 Perdiccas
477 356 615 404 duplici
654 356 893 392 matrimonio
925 356 1033 391 simul
1064 357 1248 403 Antipatri
1283 357 1502 401 amicitiam,

113 416 225 450 simul
253 415 359 462 regni
389 413 611 461 adipiscendi
642 424 745 460 spem
775 415 996 448 confirmare
1022 414 1156 449 studet.
1213 415 1421 462 Antigonus
1443 415 1499 448 in·

112 472 294 507 sidiarum
335 482 495 519 gnarus,
535 483 588 505 ne·
623 483 643 505 a
682 471 857 506 Perdicca
897 472 1192 517 opprimeretur,
1232 472 1272 506 in
1313 473 1502 517 Europam

113 530 263 576 aufugit
291 536 329 564 et
357 539 442 563 cum
472 528 667 573 Antipatro
700 540 740 562 se
770 528 964 574 coniungit
995 524 1096 577 [234.
1127 529 1317 575 Antipater
1346 535 1382 563 et
1411 529 1500 563 Cra-

111 592 212 620 terus
249 593 330 621 tum
359 583 526 621 maxime
561 586 600 620 in
633 585 780 619 Aetolos
809 592 1028 630 moverant,
1055 596 1075 618 e
1103 585 1204 620 bello
1239 585 1415 620 Lamiaco
1444 596 1503 620 re·

110 643 256 689 siduo‘s‚
286 642 322 677 vi
351 641 574 688 subigendos
605 638 706 690 [⁹244
738 641 805 676 hos
834 652 954 688 paene
982 641 1101 676 victos
1129 648 1293 689 tenuere,
1325 654 1411 676 cum
1431 643 1508 676 An-

111 698 231 746 tigoni
259 699 420 734 adventu
447 699 816 745 interrumperentur.
854 698 975 733 edocti
1004 698 1048 732 de
1079 699 1276 733 Perdiccae
1299 699 1392 734 dolis
1417 710 1506 733 cum

109 756 250 790 Aetolis
279 768 412 803 pacem
443 762 688 802 componunt,
719 763 756 790 et
785 755 830 789 de
855 755 1033 790 societate
1063 765 1148 789 cum
1178 757 1390 790 Ptolemaeo
1417 767 1506 790 con—

111 818 170 847 tra
200 814 419 849 Perdiccam
443 811 628 860 iungenda
662 813 815 847 consilia
844 813 988 848 ineunt.
1036 813 1231 846 Perdiccas
1259 813 1337 858 ipse
1369 812 1506 847 consti—
1519 828 1596 867 114·

109 871 479 905 tuerat‘Ptolemaeo
518 871 662 904 bellum
700 870 840 904 inferre
874 866 1056 917 [25.].1n
1087 870 1159 905 hoc
1188 876 1335 915 tempus
1373 869 1504 904 incidit
1532 889 1567 927 3ς

110 927 223 961 funus
254 927 468 970 Alexandri,
502 927 697 962 Arrhidaei
730 939 819 961 cura
847 926 1038 971 Babylone
1067 927 1108 960 in
1138 928 1345 973 Aegyptum
1381 926 1505 960 dedu-

111 984 284 1020 cendum.
317 985 461 1019 loculus
491 991 527 1019 et
557 996 688 1018 currus
719 995 804 1018 cum
827 984 1056 1018 ornamentis
1086 983 1307 1018 describitur
1330 980 1504 1032 [26.97.].

110 1052 246 1088 pompa
277 1042 473 1077 comitum.
511 1041 746 1076 Ptolemaeus
776 1052 864 1075 cum
899 1040 1064 1075 exercitu
1093 1041 1244 1075 obviam
1273 1040 1388 1076 venit.
1434 1040 1506 1075 fu-

110 1106 182 1132 nus
208 1098 458 1133 'Alexandriae
486 1099 693 1143 repositum
732 1109 818 1132 cum
864 1098 1120 1144 exsequiarum
1160 1097 1362 1144 magnifico
1393 1109 1507 1144 appa-

109 1161 196 1189 ratu
235 1151 334 1203 [284.
375 1155 572 1189 Perdiccae
611 1157 651 1189 in
694 1157 903 1202 Aegyptum
945 1154 1141 1201 expeditio,
1200 1156 1388 1190 Eumenes
1419 1166 1506 1189 eum

109 1210 259 1246 Ale'eta‘
280 1219 316 1246 et
345 1212 591 1258 Neoptolemo
632 1212 678 1246 ad
712 1211 997 1256 Hellespontum
1039 1211 1234 1257 Antipatro
1274 1218 1311 1246 et
1350 1213 1506 1246 Cratero

111 1268 282 1315 oppositi.
316 1269 379 1303 sed
407 1269 675 1315 Neoptolemus
705 1269 751 1303 ad
782 1269 1018 1313 Antipatrum
1042 1268 1176 1302 deficit.
1206 1269 1400 1314 Antipater
1418 1280 1507 1303 con-

111 1332 168 1360 tra
200 1325 439 1368 Perdiccam,
479 1327 654 1360 Craterus
693 1338 779 1360 cnm
809 1325 1057 1371 Neoptolemo
1097 1326 1271 1359 adversus
1300 1327 1508 1360 Eumenem

111 1389 239 1417 movet
273 1379 375 1431 [294.
408 1383 593 1429 Proelium
625 1384 662 1417 in
707 1382 945 1430 Cappadocia
985 1382 1226 1417 committunt
1256 1383 1429 1418 Craterus
1472 1389 1510 1417 et

110 1441 306 1474 Eumenes.
347 1441 525 1475 Craterus
554 1441 591 1474 in
626 1441 754 1473 dextro
797 1451 914 1474 cornu
946 1439 1142 1473 decertans
1172 1440 1383 1483 occumbit,
1415 1440 1507 1474 eius-

110 1507 183 1542 que
222 1503 359 1543 agmen
387 1497 560 1532 funditur
591 1494 691 1545 [30.].
732 1496 772 1531 in
811 1496 960 1530 sinistro
1000 1497 1076 1531 eius
1105 1507 1223 1530 cornu
1262 1497 1507 1531 obtruncatur

109 1554 374 1600 Neoptolemus
406 1551 506 1602 [31.].
547 1556 732 1589 Eumenes
773 1554 892 1588 victor
932 1553 1064 1600 occisis
1095 1553 1238 1588 duobus
1268 1554 1422 1588 ducibus
1451 1552 1507 1586 vi-

111 1618 190 1645 ctos
212 1610 251 1646 in
280 1611 395 1646 fidem
415 1611 562 1659 recipit,
585 1611 649 1657 qui
678 1619 806 1646 tamen
835 1611 882 1644 ad
911 1611 1146 1656 Antipatrum
1174 1610 1380 1657 aufugiunt
1404 1607 1505 1659 [32].

110 1668 312 1703 Perdiccae
347 1669 526 1717 transitus
553 1669 592 1702 in
626 1671 847 1715 Aegyptum.
894 1667 991 1713 apud
1021 1667 1209 1701 Pelusium
1240 1674 1359 1702 castra
1388 1673 1506 1701 meta-

108 1731 167 1760 tus
201 1726 341 1760 multos
372 1737 391 1760 e
421 1727 497 1760 suis
530 1726 688 1770 amittit,
718 1725 783 1772 qui
814 1725 860 1758 ad
890 1725 1145 1758 Ptolemaeum
1177 1724 1368 1762 deficiunt.
1417 1724 1506 1758 inde

108 1782 154 1817 ad
195 1783 388 1817 castellum
428 1783 667 1817 camelorum
703 1782 943 1829 progreditur
981 1781 1175 1816 Perdiccas
1221 1777 1323 1831 [33.].
1367 1781 1508 1815 castelli

108 1839 338 1886 oppugnatio
379 1852 402 1874 a
431 1840 608 1874 Perdicca
646 1846 815 1885 suscepta
856 1839 1040 1873 acerrima
1077 1838 1248 1885 quidem,
1290 1838 1420 1872 eadem
1450 1845 1507 1873 ta-

109 1908 196 1930 men
215 1894 346 1931 V(ssusa.
387 1904 506 1932 castra
546 1898 724 1932 transfert
753 1897 948 1931 Perdiccas
992 1906 1059 1942 per
1088 1895 1256 1929 medium
1286 1907 1436 1930 amnem
1465 1895 1506 1930 in

109 1954 272 1989 insulam
308 1954 388 1988 Nili
423 1946 532 2003 '[34.].
573 1954 789 1990 transeundi
829 1965 897 2000 per
933 1953 1065 1987 Nilum
1107 1964 1254 1987 summa
1290 1953 1502 1996 difficultas,

110 2022 182 2056 qua
212 2010 410 2046 Perdiccae
449 2023 583 2058 agmen
624 2011 664 2046 in
703 2023 891 2046 summum
933 2010 1031 2044 vitae
1062 2009 1264 2044 discrimen
1302 2010 1505 2044 deductum

107 2074 163 2102 est
194 2064 295 2116 [35.].
324 2068 408 2102 ideo
439 2069 578 2102 milites
608 2068 808 2104 abalienati
838 2080 859 2102 a
888 2067 1069 2103 Perdicca
1099 2078 1240 2113 magno
1271 2078 1429 2101 numero
1459 2066 1507 2102 ad

107 2124 365 2160 Ptolemaeum
394 2131 611 2162 transeunt:
655 2127 796 2172 equites
826 2132 954 2159 autem
983 2124 1083 2158 facta
1114 2124 1388 2170 conspiratione
1419 2125 1508 2159 Per-

109 2181 250 2217 diccam
287 2181 477 2217 occidunt.
525 2195 714 2218 summum
753 2183 953 2229 imperium
991 2192 1079 2215 cum
1116 2192 1250 2227 regum
1290 2182 1408 2216 tutela
1436 2180 1508 2228 Py-

107 2233 216 2273 tho'ni
257 2245 295 2274 et
332 2239 535 2274 Arrhidaeo
576 2241 798 2287 permissum
842 2236 944 2288 [36.].
983 2243 1068 2284 post
1104 2238 1304 2273 Perdiccae
1345 2245 1508 2274 mortem

110 2295 262 2331 demum
290 2297 447 2345 affertur
475 2298 628 2332 nuntius
659 2298 704 2332 de
734 2295 908 2332 Eumenis
938 2295 1108 2333 victoria.
1145 2295 1246 2330 hunc
1278 2307 1364 2330 cum
1395 2296 1506 2330 sociis

109 2353 338 2388 Macedones
367 2354 497 2401 capitis
529 2355 717 2390 damnant.
759 2353 914 2398 Attalus,
943 2351 1010 2399 qui
1039 2352 1238 2387 Perdiccae
1269 2353 1374 2387 classi
1396 2364 1504 2400 prae-

111 2416 213 2451 erat,
253 2411 395 2457 Tyrum
432 2410 527 2458 petit
560 2408 662 2462 [37.].
693 2415 840 2447 Interea
878 2409 998 2444 Aetoli
1037 2409 1188 2444 ahsente
1229 2411 1422 2457 Antipatro
1462 2411 1500 2445 in

107 2466 341 2502 Thessaliam
375 2467 631 2504 incursionem
660 2469 842 2504 fecerunt.
875 2466 1041 2501 Thessali
1073 2467 1215 2512 coacti,
1255 2473 1298 2502 ut
1327 2468 1501 2502 adversus

107 2523 345 2570 Antipatrum
375 2525 593 2560 militarent.
632 2527 695 2561 sed
725 2525 910 2562 Aetoliam
948 2523 1108 2558 vicissim
1145 2525 1311 2559 invasere
1342 2527 1503 2559 Acarna-

107 2591 188 2617 nes.
228 2581 318 2616 dum
356 2582 516 2617 redeunt
555 2583 674 2618 Aetoli
712 2585 759 2619 ad
796 2581 975 2617 tuendam
1005 2581 1188 2627 patriam,
1229 2582 1502 2627 Polysperchon

107 2644 305 2683 recuperat
345 2639 573 2674 Thessaliam
612 2637 716 2689 [38.].
757 2639 980 2676 Arrhidaeus
1012 2645 1048 2672 et
1079 2639 1196 2684 Pytho
1235 2650 1322 2672 cum
1353 2638 1501 2685 regibus

107 2693 146 2728 in
179 2694 326 2740 Syriam
365 2697 549 2742 progressi
579 2698 696 2733 tutela
733 2711 771 2733 se
801 2696 985 2730 abdicant.
1022 2695 1060 2729 in
1092 2705 1221 2729 eorum
1261 2696 1386 2729 locum
1418 2707 1501 2729 suc-

108 2751 219 2786 cessit
257 2752 464 2798 Antipater.
509 2754 540 2787 is
572 2753 674 2788 facta
712 2767 808 2790 nova
845 2752 1122 2799 provinciarum
1166 2752 1500 2792 divisione‚'Anti-

107 2819 207 2853 gono
238 2815 361 2844 autem
392 2810 572 2845 exercitus
600 2812 693 2858 regii
724 2813 948 2859 imperatore
979 2815 1128 2852 creato,
1165 2821 1253 2844 cum
1282 2810 1431 2856 regibus
1460 2809 1500 2842 in

1099 2875 1180 2914 101
1203 2870 1226 2897 *
