1820 3249
484 195 600 236 [ΑΒ.
628 193 738 237 xlx.
797 194 926 234 CAP.
955 197 1022 237 69.
1052 197 1122 237 70
1389 198 1499 238 1409

125 309 291 366 ὀλίγαις
318 299 495 377 ἡμέραις
525 304 588 348 ἐκ
601 306 886 360 Βαβυλῶνος
915 304 1026 359 πρὸς
1056 304 1103 348 δὲ
1129 304 1304 356 τούτοις
1329 305 1500 359 'Av696·
1528 312 1581 351 60

125 367 254 411 νικόν
284 381 328 409 τε
357 365 435 407 τόν
459 361 699 405 Ὀλύνθιον
738 362 812 404 καὶ
847 363 1090 414 Φί,λιππον
1119 360 1317 417 ἄνδραςπ
1351 367 1503 419 ρεσβυ·

125 424 278 478 τὲρους
311 422 385 465 καὶ
422 417 837 478 συνεστρατευκότας
873 422 934 474 τῷ
959 417 1222 488 Ἀλεξάνδρῳ
1253 424 1396 462 πᾶσαν
1424 421 1505 490 τήν

128 480 380 546 στρατείαν·
411 478 468 532 ἠν
496 475 581 531 γάρ
611 475 862 530 Δημητριος
892 476 952 518 ἔτι
980 474 1079 526 νέος
1107 475 1186 531 τὴν
1215 474 1414 530 ηλικίαν,
1446 475 1504 528 ὠς

127 537 183 579 οἶν
211 532 400 604 γεγονώς
439 533 510 587 ἔτη
551 531 633 575 δύο
673 532 781 586 πρὸς
808 536 899 582 τοῖς
934 533 1110 574 εἴκοσιν
1171 531 1304 583 αὐτὸς
1345 533 1390 576 δὲ
1425 533 1504 589 τὴν

127 593 262 648 άλλην
291 589 479 644 δύναμιν
521 588 668 642 ἔλαβε,
704 589 777 631 καὶ
815 588 865 631 τὸ
908 588 986 643 μὲν
1014 591 1192 641 πρῶτον
1219 588 1502 643 ὑπερβάλλων
1531 595 1584 634 65

125 650 205 692 τὸν
232 651 408 702 Ταῦρον
437 645 509 689 καὶ
528 657 773 698 περιπεσων
801 643 913 713 χιόνι
931 649 1069 715 πολλῃ
1101 644 1288 712 συχνοὺς
1318 645 1502 714 α’πέβαλε

125 721 216 749 των
244 706 529 759 στρατιωτῶν.
573 700 640 745 διό
672 701 746 744 καὶ
773 700 906 744 πάλιν
935 699 1208 754 ἀναστρέψας
1234 703 1292 752 εἰς
1321 701 1400 758 τὴν
1426 707 1502 746 Κι-

126 762 283 813 λικίαν,
304 760 378 804 καὶ
401 758 653 814 μεταλαβών
682 758 831 812 ε’τερον
853 759 1026 812 καιρόν,
1046 758 1241 812 διεξῆλθε
1263 757 1342 812 μὲν
1357 732 1502 829 άσφα-

126 817 331 871 λέστερον
370 816 419 859 τὸ
456 831 691 870 προειρημε
674 815 775 858 ἑνον
812 813 936 870 ὅρος,
974 813 1328 870 παραγενόμενος
1364 813 1408 858 δ’
1443 818 1501 867 εἰς
1530 821 1584 860 70

128 873 342 924 Κελαινὰς
369 876 444 927 τῆς
476 875 670 940 Φρυγίας
699 874 826 914 διεῖλε
862 872 911 914 τό
942 872 1236 925 στρατόπεδον
1265 872 1325 922 εἰς
1351 887 1501 928 χειμα-

128 933 242 979 σίαν.
279 928 384 986 μετὰ
426 929 472 972 δὲ
511 934 648 971 ταῦτα
685 930 762 971 τὸν
792 927 950 971 στόλον
990 928 1036 971 ἐκ
1067 929 1273 996 Φοινίκης
1301 929 1501 984 μετεπὲιι-

127 995 241 1039 ψατο
280 987 463 1041 Μηδίου
509 989 857 1053 ναυαρχοῦντος·
910 984 958 1036 ὃς
997 983 1240 1040 περιτυχών
1276 988 1370 1035 ταῖς
1411 989 1502 1028 Πυ-

128 1045 293 1087 δναίων
319 1044 499 1092 ναυσίν,
532 1041 686 1092 οὔσαις
714 1040 946 1096 τριάκοντα
975 1041 1037 1092 ἕξ
1067 1041 1139 1083 καὶ
1167 1043 1502 1112 καταναυμαχή-

128 1113 231 1152 σας,
268 1097 527 1151 αὐτάνδρων
562 1114 673 1140 των
689 1102 875 1148 σκαφῶν
913 1097 1149 1150 ἐκυρίευσε
1204 1097 1294 1140 καὶ
1329 1114 1383 1140 τα
1422 1114 1503 1156 μεν
1531 1096 1585 1136 75

127 1157 225 1212 περὶ
253 1155 358 1211 τήν
362 1153 550 1197 Ελλάδα
570 1154 644 1197 καὶ
664 1153 766 1208 τήν
779 1153 926 1196 Ἀσίαν
953 1170 1000 1196 εν
1028 1152 1203 1205 τούτοις
1225 1150 1299 1208 ἦν.
1336 1174 1340 1179 -

222 1210 367 1256 ’Κατὰ
395 1211 442 1254 δὲ
469 1210 552 1283 τὴν
572 1212 779 1254 Σικελίαν
809 1212 853 1252 οἱ
879 1213 968 1252 τῶν
988 1211 1282 1279 Συρακοσίων
1311 1207 1503 1266 φυγάδες
1531 1194 1586 1250 70

129 1269 427 1325 διατρίβοντες
464 1267 511 1310 ἐν
540 1266 798 1337 Ἀκράγαντι
838 1266 1118 1320 παρεκάλουν
1154 1282 1279 1316 τους
1288 1279 1502 1321 προεστηὸ
1581 1278 1587 1309 Γ

129 1327 268 1376 κότας
297 1329 373 1380 τῆς
400 1322 566 1375 πόλεως
604 1323 660 1380 μὴ
702 1328 915 1376 περιορᾶν
941 1321 1208 1384 Ἀγαθοκλέα
1244 1322 1504 1376 συσκευαζό-
1533 1324 1587 1363 80

130 1388 265 1438 μενον
291 1381 368 1431 τοὶς
396 1380 567 1431 πόλεις·
607 1380 893 1433 αἱρετώτερον
932 1379 1016 1434 γὰρ
1047 1377 1159 1422 εἶναι
1196 1379 1281 1432 πρό
1317 1384 1397 1424 τοῦ
1425 1379 1509 1423 τόν

129 1439 352 1510 τύραννον
379 1436 562 1507 ἰσχυρὸν
597 1438 800 1491 γενέσθαι
830 1439 1122 1504 διαπολεμεῖν
1144 1436 1351 1487 ἑκουσίως
1380 1437 1409 1493 ἢ
1435 1452 1507 1480 πε-

133 1497 411 1565 ρὶμέίναντας
452 1492 592 1536 αυτοῦ
630 1492 710 1550 τὴν
740 1493 920 1548 αὔξησιν
959 1492 1000 1544 ἐξ
1037 1490 1229 1562 ἀνάγκης
1258 1494 1365 1544 πρὸς
1394 1497 1507 1548 ἰσχυ-

132 1552 325 1621 ρότερον
345 1552 690 1604 6zoeymv1an69at
748 1549 968 1601 δοξάντων
1004 1547 1047 1591 δ’
1079 1547 1226 1591 αὐτ-ων
1262 1548 1406 1605 ἀληθῆ
1438 1551 1508 1592 λέ-·

130 1624 246 1678 γειν,
285 1606 315 1650 ὁ
348 1609 443 1677 μὲν
465 1609 600 1676 δῆμος
635 1609 728 1654 τῶν
759 1605 1107 1660 Ἀκραγαντίνων
1144 1604 1387 1660 ἐψηφίσατο
1425 1604 1509 1649 τὸν
1534 1615 1588 1657 85

131 1663 341 1720 πόλεμον·
373 1680 448 1707 και
478 1662 678 1720 Γελῴους
699 1679 786 1718 μεν
814 1663 1185 1716 καὶΜεσσηνίους
1215 1663 1274 1712 εἰς
1301 1661 1387 1718 τὴν
1401 1673 1506 1716 συμ-

132 1723 292 1788 μαχίαν
329 1708 672 1776 προςελάβοντο,
716 1721 776 1770 εἰς
816 1719 864 1763 δὲ
911 1719 990 1789 τὴν
1025 1720 1374 1772 Λακεδαιμονίαν
1418 1723 1515 1762 τῶν.

133 1775 348 1848 φυγάδων
375 1777 496 1828 τινας
525 1777 777 1831 ἐξέπεμψαν,
805 1774 1094 1830 ἐντειλάμενοι
1122 1778 1361 1828 πειρᾶσθαι
1383 1787 1508 1828 στρα-

133 1835 282 1903 τηγᾶν
291 1833 425 1889 ἄγειν
461 1833 565 1876 τόν
576 1833 833 1887 δυνάμενον
860 1831 1128 1901 πραγμάτων
1174 1831 1504 1886 ἀφηγήσασθαι.

132 1906 240 1941 τους
263 1891 359 1946 γὰρ·
372 1889 627 1962 ,πολιτικοὺς
665 1888 926 1932 ὑπωπτευον
959 1905 1020 1939 ως
1057 1887 1186 1938 ὄντας
1216 1890 1407 1940 οἰκείους
1433 1906 1503 1932 τυ-
1533 1898 1588 1939 90

137 1948 367 2000 ραννίδος,
394 1945 497 1997 τοὺς
525 1946 591 1989 δ’·
605 1946 766 1998 ε’ξωθεν
793 1943 1107 2014 ὑπελάμβανον
1134 1946 1309 1995 δικαίως
1338 1960 1517 2002 ποιησε-

137 2009 245 2047 σθαι
281 2003 362 2058 τὴν
399 2019 488 2046 των
528 2002 667 2046 ὅλων
680 2002 943 2057 ἐπιμέλειαν,
975 1999 1403 2058 άναμιμνησκόμενοι
1434 2005 1511 2058 τῆς

139 2060 429 2114 Τιμολέοντος
475 2063 557 2102 τοῦ
587 2060 855 2128 Κορινθίου
897 2059 1278 2127 στρατηγίας.οῑ
1319 2059 1366 2102 δὲ
1407 2075 1512 2114 πεμ-

136 2116 319 2173 φθέντες
350 2115 408 2165 ὥς
437 2114 546 2159 ποθ’
571 2117 688 2172 ἧκον
712 2117 776 2166 εἰς
797 2114 879 2170 τήν
908 2114 1183 2169 Λακωνικήν,
1205 2116 1339 2168 εὐρον
1362 2113 1518 2184 Ἀκρό-

59 2189 270 2224 373wvov
295 2172 373 2216 τὸν
389 2171 676 2242 Κλεομένους
703 2176 784 2216 τοῦ
814 2170 1021 2227 βασιλέως
1049 2171 1148 2214 υῖὸν
1175 2173 1519 2225 n9ogzexocp6w'z
1537 2174 1602 2219 951

138 2232 436 2299 moisi-0191&
477 2230 629 2283 νέων,
651 2229 756 2279 aaz:
764 2228 837 2272 διὰ
863 2232 1004 2272 τοῦτο
1042 2228 1219 2279 ξενικῶν
1228 2228 1521 2296 πραγμάτων.

140 2283 418 2340 ὀρεγόμενον.
490 2290 578 2328 τῶν
613 2285 694 2355 γὰρ
735 2285 1097 2354 Λακεδαιμονίων
1135 2283 1240 2338 μετὰ
1286 2301 1380 2353 την
1403 2285 1512 2339 πρὸς

133 2341 419 2425 Ἀντίπατρον
445 2341 598 2399 μάχην
612 2340 898 2407 ἀπολυόντων
927 2344 1002 2397 τῆς
1032 2339 1202 2397 ἀτιμίας
1230 2339 1335 2393 τούς
1363 2339 1410 2385 ἐκ
1438 2346 1516 2399 τῆς

619 2439 623 2443 .
668 2439 694 2459 Β,

141 2511 198 2546 60.
224 2482 463 2567 Ὀλῦνοιον]
505 2482 701 2577 ὀλυμπίαν
721 2491 778 2547 Ρ
842 2544 845 2545 ⁷
883 2543 885 2545 .
933 2496 1014 2547 62..
1046 2509 1099 2556 τῷ
1131 2522 1214 2546 om.
1231 2510 1262 2546 F
1374 2479 1429 2541 -V
1451 2484 1523 2547 63.

144 2553 215 2601 αν]
243 2553 302 2592 αν’
313 2553 366 2591 ὢν
389 2558 472 2592 Bas.
529 2575 534 2577 ·
659 2559 718 2594 66.
748 2563 900 2603 6v2vo²
890 2555 964 2603 ς]
964 2547 1135 2602 πολλοὺς
1157 2558 1265 2592 wa
1380 2564 1425 2586 ·‘='
1453 2559 1511 2593 74.

143 2605 220 2637 ταῖν
245 2603 423 2647 σκαφῶν]
448 2615 572 2637 αυτων
596 2605 657 2638 Fv
660 2606 705 2638 W
842 2611 845 2614 “
887 2605 944 2639 77.
991 2605 1243 2648 Συρακοσίων
1263 2605 1362 2639 Bas„
1518 2608 1525 2617 ’

144 2650 201 2685 80
248 2648 589 2693 συσκευαζόμενον]
618 2649 948 2692 συνεσκευασμένον
970 2617 1077 2683 ΡῑἿρ
1230 2650 1288 2686 81.
1312 2651 1381 2686 τοῦ
1389 2650 1402 2694 ]
1427 2650 1511 2684 τοῦ·

145 2707 211 2729 τον
235 2695 317 2729 Bas.
499 2695 556 2729 90.
591 2698 844 2752 τυραννίδος]
869 2696 1072 2752 τυραννίδι
1082 2696 1185 2729 vw
1297 2725 1299 2727 .
1342 2697 1399 2746 91.
1447 2695 1524 2741 τὴν·

146 2741 242 2785 των]
265 2742 340 2775 ττόν
362 2741 444 2775 Bae.
625 2742 688 2777 93.
729 2740 780 2783 τός
802 2742 902 2778 ποθ’
916 2745 931 2784 Ι
956 2738 1072 2778 ὁπόθ’
1099 2740 1131 2775 Ρ
1180 2759 1183 2761 -

237 2786 318 2821 373.
348 2786 404 2821 95.
449 2787 730 2829 προςκεκοφότα
758 2789 932 2832 πολλοῖς]
972 2784 1226 2834 προειληφοτα
1246 2785 1407 2841 πολλοῦς
1427 2786 1516 2829 VW,

148 2831 422 2877 προςειληφότα
443 2832 601 2875 πολλονς
627 2834 659 2868 Ρ
1515 2851 1522 2863 ,

1186 2863 1241 2932 90
