1820 3249
584 182 702 226 LIB.
730 179 840 222 XIX.
898 179 1028 222 cAP.
1055 184 1095 223 S.
1124 183 1165 225 9.
1449 181 1562 222 1343

187 295 292 348 τοὺς
320 295 409 366 μὲν
427 293 592 366 ἄνδρας
617 293 692 337 καὶ
719 292 907 348 πατέρας
935 291 1050 344 εἰκὸς
1077 287 1134 348 ἦν
1159 291 1385 336 πείσεσθαι
1412 306 1561 346 γυναι·
1592 305 1646 344 30

188 357 283 397 σιῶν
325 351 478 421 ν’βρεις
519 350 595 394 καὶ
641 350 878 402 παρθένων
917 350 1123 421 αἰσχύνας
1158 347 1563 422 ἀναλογιζομένους

191 407 275 465 ἀφ’
307 410 371 452 ῶν
399 406 505 464 ἡμῖν
539 406 836 460 περιαιρετέον
865 406 953 450 ἐστὶ
989 406 1069 462 τήν
1098 406 1301 450 ἐπίθετον
1330 406 1405 449 καὶ
1434 403 1566 474 συνή-

188 471 251 533 θη
289 469 381 516 τοῖς
421 467 721 536 συγγραφεῦσι
758 464 1005 520 τραγῳδίαν
1041 463 1236 532 μάλιστα
1266 461 1346 519 μὲν
1387 460 1459 504 διὰ
1488 461 1567 504 τὸν

183 526 280 571 ,τῶν
312 520 549 565 παθόντων
587 521 734 571 ἔλεον,
780 507 925 563 ἔπειτα
963 519 1036 562 καὶ
1077 518 1147 562 διοὶ
1189 518 1240 562 τὸ
1278 518 1442 588 μηδένα
1476 521 1567 560 τῶν

191 576 583 646 ἀναγινωσκόντων
624 577 834 645 ἐπιζητεῖν
870 575 1056 644 ἀκοῦσαι
1092 575 1144 619 τοὶ
1185 592 1295 619 κατα
1325 591 1478 630 μέρος,
1518 573 1568 617 ἐν
1597 581 1651 621 ,35

191 635 358 705 ἑτοίμῳ
379 637 455 689 τῆς
481 631 682 688 γνώσεως
700 631 857 703 ούσης.
907 650 948 676 οι
977 633 1060 687 γὰρ
1087 629 1191 687 μεθ’
1218 631 1383 687 ἡμέραν
1409 631 1456 675 ἐν
1474 635 1568 681 ταῖς

189 690 311 741 ὁδοῖς
337 690 411 734 καὶ
439 706 550 734 κατα
577 706 658 759 την
687 687 851 745 ἀγορὰν
880 689 1087 744 σφάττειν
1104 692 1348 742 τολμωντες
1364 705 1470 759 τους
1492 704 1569 757 μή·

188 748 265 791 δὲν
296 744 561 797 ἀδικοῦντας
593 744 647 790 οὐ
677 747 963 817 προςδέονται
999 749 1078 789 τοῦ
1119 744 1394 802 δηλώσοντος
1423 748 1462 787 τί
1491 743 1569 787 νύ-

186 819 307 857 κτωρ
348 804 562 857 ἔπραττον
599 801 705 848 καθ’
746 802 911 854 αὐτους
947 803 995 845 έν
1033 807 1128 852 ταῖς
1167 804 1325 852 οἰκίαις
1364 801 1436 844 καὶ
1476 804 1570 851 πῶς

186 861 511 930 προςεφέροντο
541 860 781 912 παρθένοις
811 858 1030 915 ὀρφαναῖς
1057 859 1129 903 καὶ
1157 859 1365 930 γυναιξὶν
1389 857 1568 941 ἐρήμοις
1597 865 1652 908 40

189 918 272 972 μὲν
301 916 454 967 οὔσαις
482 920 568 960 τῶν
595 916 920 987 βοηθούντων,
943 918 1235 965 πεπτωκυίαις
1264 914 1307 958 δ’
1336 912 1417 957 ὑπ’
1449 915 1569 965 εξου-

189 975 289 1016 σίαν
318 971 621 1028 αὐτοκράτορα
650 977 738 1016 τῶν
750 973 978 1044 ἐχθίστων.
1023 970 1047 1016 6
1079 971 1123 1015 δ’
1151 970 1420 1027 Ἀγαθοκλης
1440 973 1570 1014 δυοῖν

186 1029 363 1084 ἡμερῶν
402 1032 696 1081 διελθουσῶν,
744 1028 890 1084 ἐπειδή
923 1028 1025 1072 ποτ’
1065 1028 1296 1098 ἐπληρώθη
1335 1032 1416 1071 τοῦ
1455 1043 1566 1070 κατα

187 1101 277 1129 των
314 1089 503 1128 πολιτῶν
537 1085 712 1156 φόνου,
757 1086 864 1136 τούς
895 1086 1192 1140 ζωγρηθέντας
1222 1083 1437 1139 αθροίσας
1464 1090 1563 1126 Δει-
1596 1089 1651 1132 45

186 1141 408 1210 νοκράτην
447 1142 526 1197 μὲν
567 1141 709 1211 ἀφῆκε
750 1142 823 1185 διὰ
864 1158 944 1196 την
982 1140 1357 1196 προγεγενημένην
1398 1143 1564 1209 φιλίαν,

186 1201 276 1241 τῶν
296 1197 441 1242 ἄλλων
463 1198 509 1242 δε
532 1205 635 1249 τους
653 1198 732 1254 μὲν
749 1196 1072 1253 ἀλλοτριώτατα
1092 1198 1393 1253 διακειμένους
1412 1195 1567 1250 ανεῖλε,

186 1254 291 1306 τούς
320 1255 366 1298 δὲ
396 1254 580 1306 λοιποὺς
608 1254 890 1311 ἐφυγάδευσε.

305 1311 430 1355 Μετα
466 1311 515 1355 δὲ
553 1317 693 1355 ταῦτα
732 1310 996 1384 συναγαγών
1032 1309 1265 1380 ἐκκλησίαν
1298 1308 1566 1378 κατηγόρησε
1595 1301 1623 1338 9

187 1367 268 1439 μὲν
295 1384 386 1411 των
414 1367 649 1420 ἑξακοσίων
678 1369 752 1412 καὶ
780 1373 856 1438 τῆς
889 1365 970 1412 ὑπ’
1011 1367 1159 1411 αύτων
1195 1368 1569 1423 προγεγενημένης
1598 1356 1651 1397 50

188 1424 468 1481 ὀλιγαρχίας·
509 1426 717 1478 καθαρὰν
756 1425 802 1468 δὲ
841 1426 1000 1494 φήσας
1011 1424 1091 1479 τὴν
1118 1422 1250 1467 πόλιν
1280 1427 1565 1494 πεποιηκέναι

185 1485 275 1524 τῶν
297 1479 614 1525 δυναστεύειν’
598 1481 944 1537 επιχειρούντων,
975 1479 1239 1536 απεφαίνετο
1261 1484 1322 1537 τῷ
1343 1479 1465 1537 δήμῳ
1490 1480 1569 1536 τὴν

187 1535 459 1606 αὐτονομίαν
488 1540 696 1593 εἰλικρινῆ
730 1537 1044 1592 παραδιδόναι,
1088 1540 1161 1580 καὶ
1193 1525 1435 1592 βούλεσθαί
1464 1553 1568 1580 ποτε

187 1611 278 1637 των
325 1593 478 1637 πόνων
524 1594 761 1647 απολυθεὶς
801 1594 1042 1640 ἰδιωτεύειν
1079 1595 1175 1644 ἴσος
1216 1610 1280 1636 ων
1317 1598 1436 1636 πᾶσι.
1495 1593 1570 1637 καὶ
1601 1610 1654 1653 55

110 1655 327 1696 324ταῦτα
336 1651 500 1720 λέγων
537 1652 587 1696 τὸ
622 1653 702 1706 μὲν
730 1653 974 1722 χλαμύδιον
1004 1650 1164 1694 ἑαυτοῦ
1194 1649 1484 1719 περιέσπασε,
1520 1651 1571 1694 τὸ

189 1705 239 1752 δ’
269 1706 443 1778 ἱματιον
470 1709 727 1780 μεταλαβων
757 1707 920 1782 οἷπῄει,
953 1711 1041 1751 τῶν
1069 1711 1241 1750 πολλων
1271 1707 1429 1750 ἑαυτὸν
1458 1704 1573 1750 ἄπο-

189 1766 330 1817 δείξας
360 1763 451 1809 ε’να.
509 1769 646 1808 ταῦτα
674 1763 721 1809 δ’
754 1766 934 1820 ε’πραττε
963 1763 1043 1808 τόν
1073 1762 1312 1835 δημοτικόν
1334 1762 1574 1818 ὑποκρινό-

189 1837 322 1878 μενος
351 1822 426 1865 aaz
458 1826 611 1875 σαφῶς
641 1823 767 1874 εἰδως
807 1822 912 1873 τούς
951 1823 1127 1872 πλείους
1157 1826 1246 1864 τῶν
1276 1820 1574 1876 ἐκκλησιαζόν-

189 1894 278 1921 των
283 1878 605 1948 μετεσχηκότας
625 1883 715 1923 τῶν
744 1878 1042 1949 ἀσεβημάτων,
1074 1879 1147 1921 καὶ
1177 1877 1251 1921 δια
1282 1882 1413 1921 τοῦτο
1444 1877 1570 1933 μηδέ-
1599 1896 1655 1937 60

189 1931 294 1978 ποτ’
334 1932 393 1978 ἀν
426 1936 725 1991 βουληθέντας
764 1935 878 1992 αλλῳ
913 1935 994 1991 τὴν
1033 1936 1295 2005 στρατηγίαν
1306 1934 1569 2004 ἐγχειρίσαι.

189 1988 327 2042 εὐθὺς
354 1995 467 2047 γοῦν
489 1994 534 2036 οἱ
555 1994 927 2063 διαπεφορηκότες
944 1993 996 2036 τοὶ
1018 1996 1107 2035 τῶν
1126 1990 1405 2060 ἠτυχηκότων
1429 1991 1570 2047 ἐβόων

188 2048 248 2118 μὴ
277 2049 571 2092 καταλιπεῖν”
551 2048 750 2101 εαυτούς,
782 2049 890 2094 ἄλλα
907 2050 1228 2121 προςδέξασθαι
1247 2048 1337 2110 τήν
1346 2052 1431 2092 τῶν
1452 2048 1570 2092 ὅλων

189 2104 450 2159 ἐπιμέλειαν.
511 2103 535 2150 ὁ
571 2107 618 2149 δὲ
655 2106 705 2150 τὸ
743 2107 823 2162 μὲν
863 2111 1044 2162 πρῶτον
1080 2105 1265 2162 ἡσυχίαν
1296 2110 1427 2162 εῖχεν,
1476 2103 1568 2148 εἶτα
1598 2119 1654 2162 55

188 2164 271 2205 τοῦ
307 2160 506 2218 πλήθους
555 2162 825 2235 βιαιότερον
841 2164 1094 2220 ἐγκειμένου
1133 2163 1452 2233 πρρςδέξασθαι
1492 2163 1570 2217 μὲν

191 2217 341 2288 εφησε
353 2219 436 2288 τὴν
461 2222 735 2292 στρατηγίαν,
770 2219 830 2288 μὴ
858 2223 1008 2276 μέντοι
1034 2236 1082 2276 γε
1112 2217 1203 2275 μετ’
1237 2218 1381 2263 ἄλλων
1412 2219 1570 2272 ἄρξειν.

192 2272 248 2317 οὐ
285 2291 372 2331 γαρ
407 2273 642 2334 ὑπομενεῖν
681 2280 745 2322 ὠν
773 2277 829 2322 ἂν
858 2278 996 2335 ε’τεροι
1025 2275 1370 2334 παρανομήσωσι
1397 2276 1572 2320 τούτων

192 2409 251 2444 30·
297 2410 512 2456 πείσεσθαι]
551 2411 744 2448 πυθέσθαι
775 2412 918 2456 FQVW
1109 2414 1168 2449 34.
1215 2412 1381 2457 μηδένα]
1423 2411 1574 2457 μηθένα

193 2467 315 2492 omnen
495 2457 842 2505 ἀναγινωσκόντων]
879 2471 1154 2504 αναγινωσκομε
1142 2459 1233 2495 ’νων
1257 2461 1311 2501 F,
1342 2460 1430 2492 inud
1454 2472 1512 2504 γρ.
1536 2460 1574 2494 in

192 2513 520 2596 ωπῆῧῗωδεέδῖν]
546 2506 734 2587 δυεῖνιῌΓν
746 2505 1372 2598 βὲιέθούντωνὸζέρωίίῗιιέὲῗίῗέζοῖ
1387 2507 1574 2597 gazaeve

191 2594 269 2628 Fw
452 2595 506 2630 53.
545 2596 815 2655 παραδιδόναι]
841 2600 1082 2641 παραδονναι
1104 2601 1134 2635 F

285 2639 366 2676 324.
398 2640 456 2676 56.
502 2640 661 2689 ἑαυτοῦ]
688 2641 808 2681 αὐτοῦ
831 2645 864 2679 Τ
887 2647 972 2685 Bas.
1155 2645 1213 2681 57.
1260 2643 1422 2690 ἑαυτὸν]
1458 2639 1573 2678 αὐτόν

192 2731 225 2766 F
408 2731 644 2790 μεταλαβων]
680 2693 896 2782 μετοῇαβων
919 2737 950 2772 F
1131 2737 1191 2774 61.
1237 2735 1378 2782 εύθῦς]
1413 2735 1508 2773 εύθυ
1533 2735 1569 2769 Τ

192 2778 273 2812 Bas.
455 2780 512 2814 67.
561 2777 781 2838 ύπομενεῖν]
818 2783 1017 2828 ὑπομένειν
1042 2794 1161 2819 omnes
1342 2786 1400 2820 68.
1447 2794 1570 2828 παρα·

192 2822 405 2870 νομήσωσι]
437 2827 744 2874 παρανομήσουσι
768 2831 810 2873 F,
834 2835 868 2866 et
890 2841 972 2865 mox
992 2831 1131 2866 τοῦτον
