1820 3249
323 149 434 191 1358
685 145 800 190 Llss.
829 145 940 188 xlx.
993 141 1130 190 c'AP.
1151 146 1227 190 21.
1257 142 1325 190 22.

322 258 368 302 δὲ
403 261 481 314 τῆς
519 261 754 330 διαφορᾶς,
775 257 1021 330 Εὐμένης,
1041 257 1163 314 ὅρων
1193 258 1261 303 ὅτι
1292 257 1588 311 διαιρεθέντος
1614 262 1694 301 τοῦ

322 318 619 368 στρατοπέδου
656 313 754 359 κατ’
797 318 913 360 ἰδίαν
947 316 1155 371 ἑκάτερον
1182 320 1270 358 τῶν
1299 320 1444 385 μερῶν
1474 313 1557 358 οὐκ
1587 313 1696 366 ἀξιό-

321 371 461 440 μαχόν
501 373 609 425 ἐστι,
662 372 932 430 συνεχώρησε
970 379 1061 424 τοῖς
1095 373 1414 429 καταβεβηκόσι
1444 370 1696 425 σατράπαις.

324 428 633 481 ἀναζεύξαντες
684 432 766 472 οὑν
806 429 889 474 ἀπὸ
938 435 1016 472 τοῦ
1059 433 1340 484 Πασιτίγριος
1379 441 1580 484 προῆγον
1621 432 1697 483 τῆς

237 487 291 526 90
324 488 539 538 Περσίδος
569 488 627 536 εἰς
655 486 941 559 Περσέπολιν
950 486 999 529 τό
1030 486 1272 555 βασίλειον
1286 506 1288 509 ·
1314 485 1448 556 οὔσης
1477 489 1553 540 τῆς
1583 482 1697 528 ὁδοι-

320 544 476 595 πορίας
505 543 678 598 ἡμερῶν
709 546 844 587 εἴκοσι
873 544 947 586 καὶ
976 542 1204 596 τεττά-ρων,
1234 547 1285 599 ἡς
1312 545 1367 599 ἡν
1395 547 1422 597 η
1447 542 1598 597 πρώτη
1618 542 1697 597 μὲν

321 597 401 648 ἕως
430 603 516 654 τῆς
532 601 806 655 καλουμένης
835 603 1062 654 κλίμακος
1073 603 1207 655 κοίλη,
1239 598 1530 654 καυματώδης
1560 600 1605 641 δὲ
1623 599 1697 641 καὶ

321 657 589 708 σπανίζουσα
628 662 717 699 τῶν
754 658 1028 712 ἐπιτηδείων,
1075 656 1103 712 ἡ
1143 656 1274 710 λοιπὴ
1305 659 1349 699 δὲ
1381 657 1595 710 μετέωρος
1623 655 1697 698 καὶ

235 711 290 752 95
320 711 398 754 τόν
429 712 537 765 αέρα
566 718 783 763 παντελῶς
812 713 1008 767 ὑγιεινόν
1037 713 1215 772 ἔχουσα
1225 714 1297 754 καὶ
1318 712 1480 781 πλήρης
1499 729 1588 754 των
1608 711 1699 755 ἐπε-

317 770 444 810 τείων
483 786 680 821 καρπων.
742 769 942 820 αὐλῶνάς
986 785 1029 811 τε
1061 786 1144 823 γαρ
1176 773 1257 824 εἱχε
1288 785 1486 819 πυκνους
1515 769 1588 812 καὶ
1624 780 1696 811 συ-

318 827 468 876 σκίους
499 828 571 869 καὶ
603 828 880 879 παραδείσων
910 828 1089 882 φυτείας
1117 830 1338 876 ποικίλας,
1376 826 1437 867 ἔτι
1467 825 1512 868 δὲ
1543 841 1696 868 παντο-

319 883 471 924 δαπῶν
503 884 697 934 δένδρων
727 896 916 937 φυσικας
945 884 1202 937 συναγκείας
1231 883 1306 924 καὶ
1337 882 1482 936 ῥύσεις
1506 879 1695 934 ὑδάτων,

322 937 425 988 ω’ςτε
465 938 567 989 τούς
605 939 952 992 ὁδοιποροῦντας
989 939 1096 994 μετὰ
1135 943 1296 994 πολλῆς
1333 940 1524 998 τέρψεως
1553 938 1696 982 ἐνδια-

211 998 290 1036 100
319 997 485 1049 τρίβειν
523 996 673 1046 τόποις
722 996 914 1052 ἡδίστοις
959 996 1070 1048 πρὸς
1115 996 1376 1038 ἀνάπαυσιν.
1434 1000 1490 1051 ἦν
1536 993 1582 1037 δὲ
1623 995 1697 1038 καὶ

319 1053 434 1101 λείας
464 1054 744 1108 παντοδαπῆς
763 1057 943 1109 πλῆθος
973 1052 1030 1108 ἢν
1047 1052 1428 1108 μεταπειιπομενος
1451 1052 1696 1119 Πευκέστης

318 1124 438 1160 παρα
472 1113 561 1151 τῶν
599 1109 816 1177 ἐγχωρίων
859 1112 1052 1152 διεόιδου
1088 1114 1249 1165 δαψιλη
1280 1115 1372 1159 τοῖς
1401 1121 1695 1162 στρατιωταις,

320 1164 640 1219 ἐκκαλούμενος
672 1167 816 1208 αὐτῶν
842 1166 922 1221 τὴν
948 1165 1138 1209 εὐίοιαν.
1193 1170 1450 1208 κατοικοῦσι
1470 1165 1515 1208 δὲ
1533 1163 1697 1234 ταύτην

262 1222 288 1264 5
318 1238 398 1277 την
430 1238 579 1277 χωραν
608 1227 695 1266 τῶν
727 1226 914 1275 Περσῶν
946 1225 988 1266 οἱ
1017 1222 1336 1278 μαχιμώτατοι,
1376 1222 1533 1271 πάντες
1574 1219 1697 1271 ὄντες

316 1249 489 1329 τοξόται
528 1280 599 1322 καὶ
638 1281 942 1348 σφενδονῆται.
1004 1282 1354 1348 πολυανθρωπία
1385 1295 1428 1321 τε
1457 1278 1571 1321 πολὺ
1605 1280 1696 1320 δια-

317 1335 470 1390 φέρειν
509 1339 737 1391 συμβαίνει
767 1353 846 1408 την
855 1335 1020 1396 χώραν
1054 1336 1217 1390 ταύτην
1252 1340 1340 1378 τῶν
1370 1335 1512 1377 αλλων
1540 1347 1695 1388 σατρα-

231 1393 286 1431 22
316 1396 462 1433 πειῶν.
524 1409 583 1443 ως
629 1392 674 1435 δέ
704 1393 812 1435 ποθ’
844 1396 953 1462 ἡκον
985 1394 1044 1442 εἰς
1075 1392 1348 1447 Περσέπολιν
1375 1393 1427 1435 τό
1459 1394 1694 1446 βασίλειον,

231 1451 286 1490 10
320 1447 568 1503 Πευκέστης
618 1450 718 1503 μέν,
770 1448 833 1491 ὠν
870 1448 1030 1506 ταύτης
1067 1454 1142 1504 τῆς
1177 1448 1322 1503 χώρας
1359 1449 1583 1504 σατράπης
1620 1465 1694 1491 και

311 1504 563 1575 στρατηγός,
591 1509 755 1549 θυσίαν
777 1506 990 1549 ἐπετέλεσε
1020 1511 1322 1562 μεγαλοπρεπῆ
1351 1512 1442 1556 τοῖς
1470 1511 1591 1556 θεοις
1620 1506 1694 1549 καὶ

311 1560 576 1630 Ἀλεξανδρῳ
614 1563 687 1605 καὶ
732 1565 953 1619 Φιλίππῳ,
1006 1563 1390 1633 μεταπεμψάμενος
1428 1563 1474 1606 δὲ
1516 1563 1556 1613 ἐξ
1593 1560 1694 1618 ὅλης

313 1617 470 1690 σχεδον
505 1623 581 1674 τῆς
624 1622 841 1673 Περσίδος
882 1622 1050 1674 ἱερείων
1091 1621 1165 1663 καὶ
1202 1625 1291 1662 τῶν
1332 1620 1475 1662 α’λλων
1515 1623 1605 1662 τῶν
1634 1621 1694 1669 είς

315 1676 501 1730 εὐωχίαν
538 1676 613 1718 καὶ
647 1675 892 1743 πανήγυριν
928 1679 1150 1745 χρησίμων
1189 1681 1358 1732 πλῆθος
1392 1677 1575 1719 εἱστίασε
1613 1691 1694 1730 την

231 1728 284 1771 15
315 1733 515 1786 δύναμιν.
577 1731 794 1788 ἐπληρωσε
825 1734 869 1776 δὲ
902 1751 977 1801 της
1005 1738 1091 1776 τῶν
1120 1732 1504 1803 πανηγυριζόντων
1531 1735 1694 1783 θυσίας

313 1788 504 1839 κύκλους
538 1789 744 1843 τέτταρας
789 1789 909 1841 ἐντός
946 1789 1148 1851 αλληλων
1173 1789 1301 1841 ὄντας
1341 1791 1414 1834 καὶ
1444 1789 1693 1845 περιεχομέ-

312 1861 420 1897 νους
445 1845 538 1916 ὑφ’
581 1845 678 1897 ἑνός
712 1850 791 1889 τοῦ
832 1849 1048 1902 μεγίστου.
1107 1853 1220 1891 εἰναι
1260 1848 1305 1891 δὲ
1346 1846 1580 1915 συνέβαινε
1610 1850 1693 1889 τοῦ

313 1902 392 1957 μέν
421 1902 542 1952 ἐκτὸς
569 1919 650 1959 την
679 1906 937 1958 περίμετρον
967 1905 1071 1947 δέκα
1102 1907 1302 1954 σταδίων
1334 1903 1390 1960 ἣν
1419 1902 1694 1959 ἀνεπ-λήρουν

315 1960 363 2001 οι’
387 1975 431 2002 τε
460 1934 731 2029 μισθοφόροι
762 1962 834 2002 καὶ
867 1961 1106 2029 συμμαχων
1136 1962 1183 2006 τὸ
1212 1965 1394 2016 πληθος,
1425 1977 1505 2003 του
1528 1961 1573 2002 δὲ
1595 1962 1690 2002 δευ-

230 2014 285 2055 20
313 2016 445 2070 τέρου
477 2019 664 2059 σταδίων
694 2015 822 2087 ὀκτω,
855 2018 957 2059 καθ’
981 2018 1044 2088 Ιδν
1074 2017 1269 2074 ὑπηρχον
1292 2020 1338 2060 οί
1357 2034 1400 2060 τε
1424 2015 1689 2072 αργυράσπι-

312 2075 381 2122 δες
420 2073 674 2123 Μακεδόνες
721 2075 794 2116 καὶ
845 2079 933 2116 τῶν
974 2075 1158 2129 ἑταίρων
1198 2077 1240 2117 οἱ
1277 2073 1369 2129 μετ’
1409 2073 1723 2124 Ἀλεξάνδρου’

312 2129 664 2184 στρατεύσαντες,
695 2134 772 2172 τοῦ
804 2128 846 2172 6'
882 2131 993 2201 ἑξῆς
1001 2131 1082 2186 την
1106 2131 1184 2186 μἐν
1203 2131 1483 2185 περιφέρειαν
1502 2132 1689 2173 σταδίων

310 2185 548 2242 τεττάρωνς
594 2187 671 2230 τὸν
709 2187 756 2231 δὲ
794 2186 932 2231 τόπον
969 2187 1334 2245 ἀναπληροῦσθαι
1365 2187 1688 2242 κατακειμένων

308 2333 367 2370 86.
410 2332 605 2380 Εὐμένης]
629 2334 695 2380 μὲν
720 2335 815 2371 addit
838 2337 920 2371 Bas.
1075 2336 1132 2371 87.
1182 2336 1380 2384 ἓκατερον]
1406 2334 1586 2381 ἑκατέρων
1609 2336 1687 2371 VW

493 2382 550 2416 88.
601 2381 700 2426 ἔστι]
739 2382 837 2417 ἔσται
857 2383 886 2416 Ρ
1081 2384 1137 2418 89.
1187 2379 1278 2428 οὖν]
1315 2397 1383 2428 γαρ
1410 2385 1437 2417 [⁴
1627 2382 1685 2416 91.

308 2426 371 2460 καὶ
395 2430 575 2472 τεττάρων
595 2429 646 2473 F,
673 2430 800 2464 canteri
824 2428 1008 2473 τεσσάρων
1191 2431 1248 2464 9).
1298 2429 1482 2471 suasim]
1508 2427 1685 2488 ἐφεστίων

308 2473 372 2506 ΧΥ
397 2474 477 2508 Bas.
636 2457 705 2509 ⁷97.
755 2478 996 2520 συναγκείας]
1021 2478 1234 2521 συιαῃείας
1258 2477 1290 2509 Τ
1460 2475 1517 2510 98.
1564 2474 1686 2518 ῥύσεις

306 2520 603 2555 Rhodonmnnus:
628 2523 710 2556 libri
735 2523 862 2567 φύσεις
1045 2523 1077 2556 4.
1126 2524 1212 2568 τίν]
1241 2522 1365 2557 αυταῖν
1393 2522 1460 2566 τ’ἡν
1485 2523 1513 2555 Ρ

307 2565 340 2598 8.
388 2565 486 2600 ποθ’
496 2568 507 2610 ]
545 2581 630 2604 ποτε
656 2569 684 2602 Ρ
869 2569 904 2602 9.
954 2563 1004 2603 ὧν
1029 2567 1166 2614 ταύτης
1194 2583 1259 2614 της
1290 2570 1429 2616 χώρας]
1474 2569 1540 2610 τῆς
1562 2579 1684 2612 χωρας

305 2608 444 2655 ταύτης
468 2611 519 2647 ὢν
546 2616 573 2646 F
758 2614 946 2661 σατράπης
969 2615 1030 2651 καὶ
1055 2617 1286 2651 01n.Fer
1412 2622 1416 2624 '
1461 2615 1517 2649 15.
1566 2614 1684 2668 τέττα-

307 2671 374 2701 ρας
399 2660 450 2700 Ρ,
476 2661 498 2693 6
523 2661 604 2694 Bas.
615 2686 626 2702 ‚
650 2674 685 2697 τε
681 2660 826 2703 ’σσαρας
850 2664 978 2697 meteri
1161 2664 1217 2697 17.
1262 2664 1332 2698 τοῦ
1354 2660 1397 2707 μὲ
1390 2675 1428 2695 --ν
1445 2660 1571 2705 ἐντὸς]
1595 2672 1683 2699 τους

304 2703 372 2748 μὲν
397 2703 501 2746 ἐκτός
524 2707 559 2739 Ρ
736 2709 793 2743 18.
839 2704 886 2750 ἢν
911 2706 943 2744 ἆ.
955 2710 966 2754 ]
1003 2706 1038 2743 οἳ.
1065 2707 1105 2744 δε
1132 2709 1239 2743 wa
1422 2709 1478 2743 21.
1525 2706 1682 2749 εταίρων

305 2752 363 2794 W,
389 2752 516 2786 caeteri
539 2751 673 2795 ετέρων
845 2755 903 2790 22.
949 2757 1044 2800 τοῦ]
1067 2769 1157 2796 τους
1178 2757 1208 2790 E
1391 2755 1448 2790 23.
1497 2751 1681 2798 τεττάρων

305 2798 346 2841 F,
372 2800 395 2833 δ
417 2800 514 2843 Bas„
541 2800 669 2835 caeteri
693 2797 875 2846 τεσσάρων
