1820 3249
323 141 435 182 141⁰
680 136 796 177 LIB.
824 135 932 179 XIX.
992 136 1124 178 CAP.
1152 137 1222 181 70.
1251 140 1318 180 71

322 250 452 322 ἥττης
489 247 804 299 διασωθέντας,
841 245 974 316 μόνος
1002 246 1177 318 ἐνέστη
1185 250 1248 305 τῷ
1282 247 1475 304 δόγματι.
1539 248 1690 318 διόπερ

215 312 296 351 100
325 307 461 352 αύτὸν
500 307 670 376 συνέβη
701 305 776 348 καὶ
812 310 901 348 τῶν
940 305 1084 347 ἄλλων
1122 303 1205 349 οὐκ
1240 303 1401 373 ὀλίγοις
1433 305 1691 375 προςκόψαι,

324 364 510 420 μάλιστα
550 361 590 406 6
625 366 690 412 οἱς
727 364 783 417 ἦν
811 365 900 404 τῶν
928 360 1078 415 νόμων
1104 362 1157 404 τα
1185 360 1417 432 πρόςτιμα·
1452 363 1578 405 οὑτοι
1605 380 1691 417 γαρ

325 419 643 489 συστραφέντες
671 417 836 486 πληγάς
862 434 905 461 τε
928 416 1201 488 ἐνεφόρησαν
1232 418 1360 488 αὐτῷ
1377 419 1450 461 καὶ
1473 419 1693 490 διετέλουν

323 475 688 547 ἐπιβουλεύοντες.
755 475 827 518 διὰ
863 479 1000 517 ταῦτα
1037 475 1090 530 δη
1120 477 1296 545 ξενικης
1335 474 1570 530 ἡγεμονίας
1600 476 1693 519 ἐπι-

266 535 293 577 5
322 538 502 588 θυμῶν,
534 532 725 587 ἀσμένως
753 529 975 600 ὑπήκουσε
1004 536 1095 581 τοῖς
1120 530 1479 586 Ἀκραγαντίνοις.
1538 531 1618 601 τήν
1649 532 1693 576 δ’

320 589 570 659 ἀποδημίαν
606 588 847 658 ποιησαμετ
851 605 899 638 ος
935 586 1040 630 ἄνευ
1078 590 1153 642 τῆς
1191 592 1280 630 τῶν
1317 587 1491 660 ἐφόρων
1507 586 1694 656 γνώμης

322 645 491 716 οἷνήχθη
534 646 691 690 ναυσὶν
728 644 917 699 ὀλίγαις,
967 642 1026 694 ῶς
1063 645 1246 697 διαίρων
1284 644 1351 687 ἐπ’
1392 643 1692 699 Ἀκράγαντος.

321 703 569 759 α’πενεχθεὶς
612 702 652 746 δ’
692 701 775 744 ὑπ’
806 699 979 755 ἀνέμων
1016 701 1077 750 εἷς
1112 700 1190 743 τὸν
1222 698 1398 754 Ἀδρίαν
1427 706 1584 771 κατῆρε
1614 717 1694 755 μεν

321 761 381 810 εἰς
418 761 498 816 τήν
537 762 626 803 τῶν
652 757 1009 827 Ἀπολλωνιατῶν
1047 755 1210 811 χώραν,
1239 758 1500 813 καταλαβών
1537 759 1583 802 δὲ
1612 758 1693 814 τήν

238 822 289 862 10
318 816 446 860 πόλιν
474 814 850 882 πολιορκουμένην
878 812 964 855 ὑπὸ
999 815 1223 856 Γλαυκίου
1253 817 1333 856 τοῦ
1363 815 1573 869 βασιλέως
1603 820 1693 858 τῶν

315 871 540 927 Ἰλλυριῶν
584 873 707 916 ε’λυσε
754 870 834 925 τὴν
873 872 1152 924 πολιορκίαν,
1194 871 1347 920 πείσας
1392 870 1470 913 τὸν
1513 872 1693 926 βασιλέα

319 929 548 985 συνθήκας
580 927 847 998 ποιήσασθαι
882 925 993 981 πρὲς
1022 942 1126 976 τους
1151 925 1498 978 Ἀπολλωνιάτας.
1550 928 1694 973 ἐντεῦ-

316 993 398 1030 θεν
429 986 474 1030 δὲ
503 984 694 1035 πλεύσας
723 986 781 1033 εἰς
817 984 1039 1038 Τάραντα,
1080 983 1152 1026 καὶ
1183 984 1486 1036 παρακαλέσας
1514 983 1592 1028 τὸν
1621 987 1692 1040 δῆ-

316 1060 403 1099 μον
422 1045 767 1093 συνελευθεροῦν
785 1042 1105 1093 Συρακοσίους,
1132 1040 1268 1083 ε’πεισε
1274 1042 1564 1111 ψηφίσασθαι
1586 1058 1691 1084 ναυ-

234 1105 285 1148 15
317 1100 387 1142 σὶν
416 1102 552 1144 ε’ίκοσι
578 1102 772 1155 βοηθεῖν.
831 1096 905 1140 δια
933 1113 1016 1152 γαρ
1047 1097 1127 1152 τὴν
1151 1096 1407 1165 συγγένειαν
1435 1098 1509 1141 καὶ
1537 1098 1586 1140 τό
1617 1102 1692 1154 τῆς

318 1157 458 1208 οἰκίας
495 1159 634 1212 σχῆμα
665 1153 938 1209 προςενόουν
979 1159 1072 1204 τοῖς
1110 1151 1259 1209 λόγοις
1297 1154 1437 1197 αὐτοῦ
1471 1156 1618 1198 πίστιν
1644 1171 1690 1197 τε

231 1220 285 1260 71
313 1212 504 1283 μεγάλην
542 1213 616 1256 καὶ
655 1212 804 1283 βάρος.
860 1213 950 1253 τῶν
979 1210 1025 1254 δὲ
1058 1212 1338 1262 Ταραντίνων
1372 1211 1468 1264 περὶ
1504 1211 1585 1261 τὴν
1613 1227 1691 1254 πα-

317 1270 532 1325 ρασκευὴν
560 1267 702 1312 ὄντων
731 1266 860 1318 αὐτὸς
889 1267 1212 1318 συνεκπλεύσας
1242 1269 1302 1318 εἰς
1322 1265 1399 1310 τὸν
1425 1265 1692 1322 Ἀκράγαντα

229 1334 286 1374 20
316 1328 532 1396 παρέλαβε
570 1325 651 1381 τὴν
679 1325 965 1378 στρατηγίαν,
1004 1323 1077 1366 καὶ
1105 1322 1154 1366 τό
1186 1322 1263 1378 μὲν
1291 1327 1466 1378 πρῶτον
1494 1326 1692 1394 μετεωρί-

314 1395 394 1435 σας
445 1400 499 1426 τα
549 1382 698 1451 πλήθη
742 1380 945 1437 μεγάλαις
994 1379 1134 1423 ἐλπίσι
1180 1379 1478 1434 παρεστήσατο
1526 1380 1691 1430 πάντας

313 1442 562 1494 προςδοκᾶν
599 1438 820 1493 σύντομον
855 1435 1094 1480 κατάλυσιν
1133 1440 1218 1480 τοῦ
1244 1435 1477 1492 τυράννου.
1535 1440 1616 1481 τοῦ
1646 1437 1693 1482 δὲ

313 1495 480 1566 χρόνου
513 1495 748 1548 προϊόντος
776 1496 933 1548 πρᾶξιν
961 1493 1045 1564 μὲν
1069 1492 1279 1549 οὐδεμίαν
1308 1493 1410 1537 οὔτε
1437 1497 1514 1548 τῆς
1541 1495 1692 1548 πατρί-

228 1558 282 1604 25
316 1556 394 1605 δος
425 1551 525 1597 οὕτε
552 1556 628 1608 τῆς
651 1552 750 1605 περὶ
789 1550 838 1594 τό
866 1550 993 1606 γένος
1019 1549 1282 1620 ἐπιφανείας
1309 1549 1435 1603 ἀξίαν
1462 1550 1691 1606 διεπράξαν

310 1627 385 1662 το,
423 1608 685 1654 τούναντίον
715 1608 762 1652 δὲ
791 1607 984 1677 φονικὸς
1003 1605 1066 1650 ῶν
1093 1607 1168 1651 καὶ
1201 1611 1292 1650 τῶν
1320 1607 1550 1677 τυράννων
1575 1607 1688 1663 ω’μό-

310 1683 435 1735 τερος
472 1664 741 1721 προςέκοπτε
775 1670 866 1714 τοῖς
901 1663 1100 1719 πλήθεσι.
1168 1663 1279 1733 πρὸς
1317 1664 1363 1708 δὲ
1399 1663 1572 1716 τούτοις
1593 1664 1687 1734 τήν

309 1724 498 1793 πάτριον
538 1723 709 1766 δίαιταν
743 1720 972 1790 μετέβαλε,
1006 1721 1080 1763 καὶ
1118 1726 1212 1772 ταῖς
1245 1719 1426 1777 ηδοναῖς
1453 1719 1688 1794 ἐνετρύφη-

312 1792 387 1824 σεν
429 1779 570 1830 οὕτως
606 1778 794 1834 οἷσελγῶς
832 1776 936 1829 ω’ςτε
976 1776 1152 1847 Πέρσην
1193 1775 1305 1821 εἶναι
1343 1780 1488 1823 δοκεῖν
1527 1778 1600 1822 καὶ
1631 1775 1686 1821 οὐ

223 1851 278 1892 30
310 1836 606 1908 Σπαρτιάτην.
666 1836 756 1879 έπει
790 1835 836 1878 δὲ
883 1838 972 1877 τῶν
1008 1833 1238 1889 προςόδων
1281 1833 1331 1878 τὸ
1369 1839 1516 1878 πλεῖον
1552 1835 1687 1890 μέρος

309 1892 505 1964 ανήλωσε
543 1909 597 1935 τα
635 1909 715 1947 μεν
742 1890 1079 1947 πολιτευόμενος
1116 1892 1169 1935 τὰ
1207 1891 1253 1935 δὲ
1284 1890 1686 1962 διανοσφιζόμενος,

306 1950 428 2001 τέλος
456 1950 789 2002 Σωσίστρατον,
820 1948 1165 2003 ἐπιφανέστατον
1192 1952 1282 1991 τῶν
1318 1947 1552 2003 φυγάδων,
1582 1953 1686 1992 πολ-

307 2006 432 2057 λάκις
462 2004 691 2059 δυνάμεων
720 2004 1082 2075 ἀφηγησάμενον,
1110 2004 1179 2047 ἐπὶ
1205 2004 1255 2048 τὸ
1286 2007 1463 2048 δεῖπνον
1489 2009 1683 2058 παραλα-

309 2063 402 2117 βῶν
442 2061 788 2131 ἐδολοφόνησεν,
828 2060 1054 2115 ἐγκαλέσαι
1094 2061 1174 2114 μὲν
1211 2061 1357 2110 απλῶς
1393 2059 1495 2104 οὐδ’
1529 2059 1683 2105 ὁτιοῦν
1725 2066 1729 2069 ’

224 2127 279 2171 35
308 2120 438 2175 ἔχων,
469 2118 669 2161 ἐκποδῶν
698 2117 743 2161 δὲ
772 2117 1044 2172 ποιήσασθαι
1073 2117 1310 2171 δραστικόν
1340 2114 1483 2171 ανδρα
1511 2118 1583 2160 καὶ
1612 2119 1684 2161 δν-

306 2176 501 2233 νοὲμενον
529 2174 793 2231 ἐφεδρεῦσαι
823 2179 915 2226 τοῖς
944 2176 1090 2226 κακῶς
1119 2173 1453 2230 προϊσταμένοις
1482 2180 1559 2231 τῆς
1585 2190 1681 2231 ηγε-

304 2321 384 2356 100.
434 2317 579 2365 αύτόν]
614 2319 718 2368 αὐτῷ
748 2322 778 2355 F
970 2322 1005 2357 2.
1052 2333 1089 2357 τε
1120 2331 1190 2355 om.
1224 2319 1255 2353 F
1446 2308 1680 2364 ἐνεφόρησαν

304 2369 348 2409 Χ,
373 2366 659 2413 ενεφορήθησαν
684 2357 714 2403 Y
738 2369 834 2410 Bas„
857 2369 984 2403 caeteri
1009 2366 1270 2411 συνεφόρησαν
1454 2366 1509 2400 15.
1559 2367 1680 2406 οἰκίας

304 2425 374 2447 om-
398 2414 480 2448 Bas.
640 2415 697 2450 16.
745 2416 970 2458 προςενόονν
994 2415 1094 2447 TXY
1118 2414 1222 2455 Bas„
1255 2411 1381 2446 caeteri
1405 2410 1676 2455 προςέπεσθαιε

303 2460 384 2494 fort.
408 2457 633 2503 προςένεμον
809 2460 864 2494 18.
913 2460 1016 2504 περὶ]
1041 2458 1135 2493 κατά
1159 2459 1189 2492 F
1345 2458 1402 2492 21.
1449 2459 1675 2504 προςδοκοῖν]

302 2505 519 2547 προςδοκῶν
543 2507 572 2538 F
755 2505 813 2541 22.
861 2519 927 2541 του
953 2505 1164 2549 τυράννου]
1189 2505 1264 2538 τῶν
1288 2502 1481 2549 τυράννων
1505 2506 1536 2548 Q

302 2551 358 2585 25.
406 2565 482 2586 των
505 2549 721 2596 τυράννων]
746 2551 940 2595 τυράννων
964 2555 1045 2589 Bas.
1206 2550 1263 2584 27
1310 2550 1489 2606 πάτριον]
1513 2551 1674 2593 πατρίαν

301 2597 385 2630 Bas.
504 2598 694 2653 μετέβαλε]
722 2597 935 2655 μετεβάλετο
960 2600 987 2632 Ζ
1115 2595 1172 2630 28.
1197 2595 1464 2653 ἐνετρύφησεν]
1489 2595 1674 2641 ἐνετρύφα

297 2643 407 2676 Fvw
499 2641 680 2688 ασελγῶς]
707 2643 866 2694 οἷσελγων
891 2645 966 2678 FW
1040 2643 1120 2678 30.
1139 2639 1339 2686 ανήλωσε]
1362 2641 1529 2677 οἷνάλωσε
1552 2644 1581 2675 V

298 2686 596 2733 πολιτευόμενος]
625 2687 956 2733 πολυτελευόμενος
983 2691 1028 2727 Ζ
1056 2690 1146 2723 unde
1169 2687 1482 2731 πολυτελούμενος
1506 2688 1672 2727 Vale.‘1us,

298 2745 395 2768 mero
419 2735 551 2769 librarii
575 2748 692 2769 errore
716 2738 891 2780 decepms:
917 2749 948 2770 v.
976 2737 1018 2770 ad
1044 2737 1111 2768 vot.
1130 2735 1157 2768 I.
1183 2747 1217 2777 p.
1230 2735 1311 2768 362.
1336 2735 1391 2769 10.
1491 2735 1548 2769 31.
1571 2734 1672 2775 τέλος

297 2780 356 2824 W,
383 2781 511 2815 caeteri
538 2779 638 2822 τέλος
662 2781 702 2818 δὲ
792 2783 849 2817 35.
866 2780 1106 2827 ποιήσασθαι]
1135 2781 1222 2815 adde
1245 2779 1469 2825 βουλόμενος
