1820 3249
337 107 448 149 1086
701 104 816 146 LIB.
846 102 953 147 XVI.
1003 103 1133 146 ΟΑΡ.
1166 107 1231 149 47.
1261 107 1329 149 48.

335 216 548 286 μαχίμους
604 213 712 270 παρ’
760 215 910 266 αυτοῖς
960 214 1314 284 ὀνομαζομένους
1359 214 1695 287 ἓξαιίιςμυρίους,

332 274 443 326 πρὸς
483 273 529 316 δὲ
565 271 736 323 τούτοις
771 275 937 316 πλοίων
971 275 1194 341 ποταμίων
1230 270 1340 338 πρὸς
1376 271 1452 322 τὰς
1479 272 1585 314 κατά
1613 275 1689 316 τὸν
1708 273 1772 308 119

333 332 496 373 Νεῖλον
525 328 662 399 μάχας
699 329 771 372 καὶ
811 328 1062 383 συμπλοκὰς
1091 328 1283 370 εὐθέτων
1308 327 1489 370 ἄπιστον
1516 333 1697 399 πληθος.

247 386 303 428 60
333 383 538 440 ωχύρωτο
584 384 625 428 6'
678 384 794 444 αὐτῷ
840 386 911 429 καὶ
947 384 973 440 ἦ
1011 384 1120 438 πρὸς
1149 383 1233 451 τήν
1267 383 1470 440 Ἀραβίαν
1508 385 1698 427 νεύουσα

329 442 497 496 πλευρά
529 446 609 484 τοῦ
639 445 855 494 ποταμοῦ,
900 457 1068 484 πεπυκι·
1072 457 1158 496 ωμε
1148 457 1213 497 νη
1243 443 1523 496 πολίσμασιν,
1563 441 1622 484 ἔτι
1652 442 1705 485 δὲ’

330 500 567 553 τειχίσμασι
600 499 672 541 καὶ
707 498 869 553 τάφρο·
872 515 892 548 ς
921 502 1038 540 πᾶσα
1067 497 1351 566 διειλημμένη.
1411 498 1520 552 ε’χων
1550 496 1596 540 δὲ
1625 499 1698 540 καὶ

246 583 302 622 43
331 555 405 605 τὰς
442 554 572 604 ἄλλας
608 566 883 608 παρασκευας
919 554 1057 603 πάσας
1086 553 1196 607 πρὸς
1221 554 1299 596 τόν
1327 553 1517 609 πόλεμον
1547 553 1696 605 ἱκανάς

244 638 301 680 65
333 610 404 654 διά
434 611 514 666 τήν
541 612 657 653 ἰδίαν
687 611 896 680 ἀβουλίαν
925 609 1029 664 ταχὺ
1060 617 1150 661 τοῖς
1179 611 1299 660 ὅλοις
1323 610 1530 653 ἔπταισεν.
1582 612 1696 653 ιιίτία

333 667 372 712 δ’
404 667 567 737 ἐγένετο
597 683 671 721 της
699 668 829 723 η’ττης
858 665 1038 721 μάλισθ’
1071 665 1096 721 ἡ
1126 670 1206 710 τοῦ
1224 671 1490 736 στρατηγεῖν
1521 665 1697 736 άπειρία

329 724 404 773 καὶ
428 723 477 767 τὸ
507 728 849 791 προνενικῆσθαι
878 722 981 772 τοὺς
1013 723 1186 776 Πέρσας
1209 721 1290 766 ὑπ’
1320 721 1457 765 αὐτοῦ
1487 722 1596 766 κατὰ
1617 724 1697 792 την

329 780 415 832 πρὸ
449 778 609 834 ταύτης
645 780 932 835 γεγενημένην
971 791 1123 831 στρατε
1127 782 1207 822 ίαν.
1250 778 1453 848 ἓσχηκως
1481 778 1565 833 γὰρ
1593 781 1697 830 τοὺς

327 837 424 880 τότε
454 836 719 890 στρατηγοὺς
747 836 970 890 ἐπιφανεῖς
1001 835 1163 889 α’νδρας
1192 834 1265 878 καὶ
1294 835 1583 905 διαφέροντας
1604 835 1697 890 άρε-

245 900 299 939 70
328 910 379 949 τῃ
409 909 455 936 τε
475 893 549 935 καὶ
572 892 770 949 άγχινοία
793 896 1066 950 στρατηγικη,
1095 890 1369 960 Διόφαντον
1373 892 1449 934 τὸν
1467 890 1697 947 Ἀθηναῖον

327 950 400 994 καὶ
419 948 593 1017 Λάμιον
620 949 697 992 τὸν
713 948 1012 1018 Σπαρτιάτην,
1043 949 1115 992 διὰ
1143 948 1311 991 τούτων
1342 945 1512 991 άπαντα
1533 949 1697 1004 κατώρ-

326 1011 464 1049 θωσε·
508 1004 604 1048 τότε
635 1004 680 1049 δ’
708 1005 1034 1061 ὑπολαμβάνων
1062 1004 1219 1048 ἑαυτὸν
1248 1003 1403 1047 ἱκανὸν
1431 1002 1542 1048 εἶναι
1571 1016 1696 1060 στρα-

326 1062 459 1134 τηγὸν
488 1060 635 1105 οὐδενὶ
663 1065 737 1115 τῆς
765 1062 995 1117 ἡγεμονίας
1021 1063 1258 1116 μετεδίδου,
1289 1061 1362 1104 καὶ
1392 1061 1463 1104 διὰ
1479 1062 1559 1118 την
1580 1061 1696 1105 άπει-

240 1127 296 1169 75
328 1122 430 1174 ρίαν
459 1118 590 1162 οὐδὲν
614 1116 810 1188 ἠδύνατο
841 1118 1042 1172 πράττειν
1070 1122 1158 1161 τῶν
1186 1117 1232 1160 έν
1262 1121 1324 1174 τῷ
1344 1117 1525 1186 ,πολέμῳ
1546 1121 1675 1174 χρησί
1675 1145 1696 1149 -

324 1192 432 1231 μων.
490 1176 541 1218 τά
580 1175 659 1230 μὲν
699 1179 782 1218 οὐν
810 1177 1054 1246 πολίσματα
1082 1179 1302 1246 φρουραῖς
1331 1162 1572 1245 ἀξιολόγοις
1602 1178 1693 1218 δια·

321 1232 469 1287 λαβὼν
489 1231 830 1286 παρεφύλαττεν,
863 1230 993 1281 αὐτὸς
1013 1231 1058 1273 δε
1077 1236 1164 1274 τῶν
1184 1232 1433 1285 Αἰγυπτίων
1457 1232 1567 1286 ἔχων
1586 1248 1693 1285 τρις-

321 1291 531 1360 μυρίους,
534 1293 622 1332 τῶν
642 1287 684 1331 δ’
700 1288 917 1342 Ελλήνων
933 1289 1310 1354 πεντακιςχιλίους,
1338 1303 1427 1329 των
1446 1288 1491 1330 δὲ
1511 1289 1692 1342 Λιβύων

321 1345 425 1396 τούς
452 1344 633 1400 ἡμίσεις,
664 1350 757 1395 ταῖς
770 1342 1107 1414 εὐκαιροτάταις
1128 1348 1215 1386 τῶν
1237 1345 1441 1398 εἰςβολῶν
1470 1343 1692 1399 ἐφήδρευε.

238 1411 291 1451 80
321 1401 524 1457 τοιαύτης
553 1401 599 1444 δὲ
627 1400 735 1456 παρ’
757 1399 1018 1456 ἀμφοτέροις
1040 1400 1172 1455 οὔσης
1193 1403 1268 1468 τῆς
1286 1400 1529 1451 διατάξεως,
1558 1401 1693 1445 Νικό-

322 1470 502 1512 στρατος
533 1474 613 1515 μεν
641 1457 665 1501 ὁ
696 1462 784 1500 τῶν
796 1458 998 1528 Ἀργείων
1015 1455 1261 1525 στρατηγὸς
1267 1455 1374 1511 ἔχων
1392 1455 1605 1526 ἡγεμόνας
1619 1460 1694 1501 Αἰ-

320 1516 550 1571 γυπτίους,
581 1517 641 1557 ὡν
657 1509 771 1585 ἦσαν
792 1513 952 1583 ὅμηροι
970 1515 1119 1564 παῖδες
1147 1512 1266 1567 παρά
1294 1518 1384 1563 τοῖς
1414 1512 1603 1567 Πέρσαις
1621 1515 1695 1558 καὶ

319 1576 545 1640 γυναῖκες,
572 1573 838 1626 παρέπλευσε
854 1570 958 1641 μετὰ
975 1574 1055 1613 τοῦ
1076 1569 1234 1612 στόλου
1252 1568 1323 1612 διά
1341 1585 1459 1619 τινος
1476 1570 1694 1626 διώρυγος

236 1637 289 1680 85
320 1630 380 1679 είς
397 1627 536 1671 τόπον
556 1627 867 1698 κεκρυμμένον.
903 1625 1136 1682 ἐκβιβάσας
1157 1625 1203 1668 δὲ
1223 1625 1324 1676 τούς
1338 1627 1601 1678 στρατιώτας
1618 1630 1691 1671 καὶ

317 1684 598 1752 παρεμβολήν
614 1683 943 1751 ὀχυρωσάμενος
960 1681 1437 1737 κατεστρατοπέδευσεν.
1491 1685 1534 1726 οἱ
1553 1684 1598 1727 δε
1616 1684 1693 1728 τόν

317 1742 519 1814 πλησίον
531 1739 670 1784 τόπον
698 1740 1110 1794 παραφυλάττοντες
1138 1737 1414 1794 μισθοφόροι
1441 1743 1530 1782 τῶν
1558 1742 1693 1794 Λίγυ-

317 1800 457 1841 πτίων
487 1814 545 1847 ως
574 1797 766 1866 ᾔσθοντο
796 1796 888 1867 τὴν
904 1800 993 1838 τῶν
1021 1796 1241 1865 πολεμίων
1267 1797 1526 1850 παρουσίαν,
1556 1795 1692 1848 εὐθὺς

318 1853 584 1927 ἐξεβοηθουν
614 1852 736 1904 ὄντες
764 1851 846 1896 οὐκ
872 1852 1075 1902 ἐλάττους
1091 1855 1178 1894 τῶν
1183 1850 1539 1920 ἑπτακιςχιλίων.
1576 1854 1690 1909 ε’χων

231 1926 285 1968 90
317 1909 362 1957 δ’
396 1910 541 1954 aum-521
573 1910 654 1967 τήν
678 1909 918 1980 ἡγεμονίαν
942 1909 1141 1959 Κλεινίας
1172 1905 1195 1951 ὁ
1224 1911 1354 1967 Κῲος
1383 1909 1582 1962 συνέταξε
1608 1911 1690 1966 την

316 1968 506 2024 δύναμιν
537 1968 596 2018 εἰς
629 1967 780 2023 μάχην.
839 1965 1181 2036 ἀντιταχθέντων
1210 1965 1257 2008 δε
1284 1981 1374 2008 των
1401 1970 1689 2010 καταπεπλευ-

315 2045 367 2072 κο
373 2042 460 2070 των
488 2025 654 2078 ἐγένετο
684 2022 874 2093 καρτερά
901 2022 1027 2079 μάχη,
1058 2020 1166 2065 καθ’
1194 2019 1252 2078 ἢν
1281 2023 1325 2065 οἱ
1344 2037 1449 2077 μετα
1467 2039 1557 2065 των
1578 2026 1688 2078 Περ-

317 2088 411 2128 σων
438 2081 642 2155 “Έλληνες
678 2078 994 2134 ἀγωνισάμενοι
1026 2082 1233 2133 λαμπρῶς
1268 2077 1346 2121 τόν
1373 2094 1417 2120 τε
1448 2079 1713 2135 στρατηγὸν

229 2152 284 2195 95
315 2140 526 2185 Κλεινίαν
550 2136 797 2193 ἐφόνευσαν
825 2137 900 2180 καὶ
926 2152 1015 2179 των
1045 2135 1187 2178 ἄλλων
1216 2139 1488 2189 στρατιωτων
1517 2138 1689 2179 κατέκο-

312 2206 405 2251 ψαν
433 2196 606 2246 πλείους
634 2197 723 2237 τῶν
750 2193 1128 2264 πεντακιςχιλίων.
1169 2190 1451 2246 Νεκτανεβως
1479 2191 1522 2235 6'
1551 2192 1575 2235 6
1598 2209 1687 2236 των

312 2253 567 2322 Αἰγυπτίων
608 2248 813 2307 βασιλευς
849 2248 1042 2321 ἀκούσας
1077 2245 1166 2317 τήν
1185 2251 1273 2291 τῶν
1311 2248 1435 2290 ἰδίων
1471 2247 1686 2293 ἀπώλειαν

311 2309 581 2365 κατεπλάγη,
611 2309 794 2362 νομίσας
829 2306 903 2350 καὶ
930 2308 1014 2375 την
1042 2304 1199 2360 λοιπὴν
1226 2307 1316 2347 τῶν
1346 2307 1529 2357 Περσῶν
1559 2305 1685 2348 δύνα-

312 2384 390 2438 μιν
443 2367 602 2423 ῥαδίως
640 2363 949 2432 διαβήσεσθαι
965 2361 1044 2406 τόν
1083 2359 1294 2428 ποταμόν.
1361 2360 1603 2434 υπολαβων
1637 2362 1684 2405 δὲ

203 2433 283 2472 100
312 2424 418 2475 τοὺς
465 2422 699 2477 πολεμίους
747 2419 852 2477 μετά
890 2418 1030 2476 πάσης
1068 2422 1143 2474 τῆς
1179 2416 1402 2474 δυνάμεως
1438 2417 1507 2462 ἐπ’
1547 2435 1684 2476 αυτην

405 2558 485 2594 119.
517 2557 573 2591 61.
619 2555 838 2600 τειχίσμασι]
863 2553 1061 2606 τειχίσματι
1083 2552 1124 2595 L,
1147 2553 1274 2595 τειχεσι
1298 2554 1329 2597 Q
1512 2554 1569 2589 62.
1615 2553 1681 2595 τὰς

313 2605 435 2649 αλλας]
464 2601 576 2642 ἄλλοις
597 2603 680 2636 Bas.
860 2599 918 2634 65.
952 2595 1108 2642 μάλισθ
1131 2600 1159 2632 F
1183 2600 1276 2640 Bas„
1301 2599 1428 2633 caeteri
1450 2597 1606 2644 μάλιστα

403 2651 462 2685 68.
507 2661 595 2689 τους
625 2647 730 2691 τότε]
769 2644 858 2685 τούς
890 2656 928 2679 τε
959 2646 1023 2678 FX
1087 2669 1091 2673 ›
1213 2645 1269 2678 72.
1329 2642 1369 2680 δ’
1402 2646 1433 2679 F
1622 2645 1680 2679 90.

313 2699 371 2735 94.
407 2697 575 2736 Κλείνιος
593 2712 636 2719 --
650 2693 840 2736 Κλείνιον]
867 2691 1035 2730 Κλεινίας
1057 2693 1093 2724 et
1116 2692 1287 2726 Κλεινίαν
1309 2691 1442 2727 restitui
1465 2703 1506 2728 ex
1523 2691 1680 2726 Gemisto

494 2741 551 2777 93.
598 2737 885 2785 ἀγωνισάμενοι]
908 2734 1222 2783 ἐπαγωνισάμενοι
1245 2738 1275 2771 [a
