1820 3249
301 164 387 203 968
663 162 697 202 L
707 162 724 203 1
734 162 780 204 B.
807 162 899 206 XV.
951 165 986 205 C
996 165 1030 206 A
1042 164 1086 206 Ρ.
1114 168 1182 208 23.
1194 168 1326 209 —25.

220 281 272 319 20
302 271 500 328 ὑπῆρχον
530 273 602 317 διὰ
621 274 712 345 τὴν
742 273 933 332 δύναμιν
970 279 1047 331 τῆς
1075 275 1322 332 ἡγεμονίας.
1363 274 1517 330 διόπερ
1549 277 1593 319 οἱ
1619 276 1690 332 μέ-

301 340 442 383 γιστοι
471 333 557 372 τῶν
586 330 681 374 τότε
713 334 965 384 δυναστῶν,
1011 332 1120 387 λέγω
1159 333 1206 376 δὲ
1245 334 1324 376 τόν
1354 337 1537 386 Περσῶν
1567 336 1688 389 βασι-

301 385 376 429 λέα
405 387 479 430 καὶ
517 386 594 430 τόν
622 390 826 439 Σικελίας
863 388 1086 445 δυνάστην
1112 389 1378 441 Διονύσιον,
1419 388 1687 444 ἐθεράπευον

300 441 379 498 τὴν
430 447 726 498 Σπαρτιατῶν
774 443 1014 517 ἡγεμονίαν
1070 447 1143 489 καὶ
1183 425 1431 502 συμμαχέειν
1475 447 1688 491 ἔσπευδον

303 500 591 543 συντίθεσθαι
618 501 734 556 πρός
761 501 934 552 αὐτούς

409 555 504 600 Επ’
545 557 755 629 α’ρχοντος
793 557 837 602 δ’
866 557 1082 627 Αθήνησι
1125 559 1335 627 Νίκωνος
1374 556 1579 611 Ῥωμαῖοι
1615 576 1687 613 χι-

300 611 506 671 λιαρχους
533 617 577 665 ἓξ
609 613 704 658 ἀντὶ
733 631 822 658 των
850 613 1031 658 υπάτων
1060 616 1341 671 κατέστησαν,
1372 615 1565 658 Λεύκιον
1598 619 1687 658 Πα-

299 672 474 724 πίριον,
528 671 669 717 Ιάϊον
715 671 990 728 Κορνήλιον,
1039 672 1230 714 Λεύκιον
1275 671 1500 722 Μάλλιον,
1551 671 1687 714 Γάϊον

301 729 576 781 Σερουίλιον
610 727 855 782 Οὐαλέριον
885 729 1037 771 Αὐλον
1066 729 1140 771 καὶ
1171 728 1364 771 Κόιντον
1402 727 1582 799 Φάβιον.
1617 729 1686 771 ἐπὶ

216 788 270 827 30
301 783 346 826 δὲ
381 785 563 828 τούτων
581 786 881 854 Καρχηδόνιοι
922 787 1255 839 στρατεύσαντες
1293 787 1351 836 εἰς
1388 787 1467 840 τὴν
1501 783 1685 828 Ιταλίαν

297 844 389 911 τοῖς
428 859 476 896 μ
464 858 506 883 ν
549 840 852 892 Ἱππωιιατάις
891 840 1215 889 ἐκπεπτωκόσιν
1269 840 1315 884 ἐκ
1355 846 1430 896 τῆς
1474 844 1684 895 πατρίδος

296 899 481 940 αποκατε
474 897 648 954 ’στησαν
676 900 755 954 τὴν
783 898 936 950 πόλιν,
975 899 1053 942 καὶ
1085 897 1251 949 πάντας
1280 897 1384 949 τούς
1414 898 1684 954 πεφευγότας

296 955 616 1024 συναγαγόντες
647 955 813 1011 πολλην
832 955 1073 1009 ἐπιμέλειαν
1097 960 1242 997 αὐτῶν
1265 954 1537 1023 ἐποιησαντο.
1577 955 1682 1010 μετὰ

295 1010 341 1054 δὲ
379 1015 514 1054 ταῦτα
550 1017 750 1070 λοιιιικῆς
793 1012 930 1056 νόσου
969 1017 1061 1063 τοῖς
1098 1016 1353 1055 κατοικοῦσι
1391 1011 1472 1066 τήν
1511 1015 1683 1067 Καρχη-

213 1069 265 1112 35
297 1067 407 1110 δόνα
435 1084 566 1124 γενοιι
554 1071 692 1126 ἔνης,
732 1069 805 1112 καὶ
845 1086 918 1124 της
946 1068 1084 1112 νόσου
1124 1069 1289 1138 πολλὴν
1321 1069 1516 1111 ἐπίτασιν
1556 1085 1681 1123 εχου-

296 1135 395 1193 σης,
446 1128 594 1169 πολλοὶ
637 1130 726 1169 τῶν
771 1129 1086 1195 Καρχηδονίων
1125 1125 1451 1194 διεφθάρησαν,
1489 1125 1565 1168 καὶ
1599 1125 1680 1181 τὴν

294 1179 529 1245 ἡγειιονίαν
569 1181 882 1226 ἐκινδύνευσαν
922 1181 1175 1253 ἀποβαλεῖν.
1235 1184 1281 1225 οί
1315 1198 1359 1225 τε
1397 1199 1482 1252 γαρ
1520 1183 1680 1237 Λίβυες

294 1240 706 1307 καταφρονήσαντες
736 1239 884 1283 αὐτῶν
904 1238 1181 1296 ἀπέστησαν,
1216 1241 1264 1282 οἳ
1288 1255 1332 1282 τε
1363 1241 1441 1294 τὴν
1466 1238 1679 1291 Σαρδόνα

293 1300 618 1368 κατοικοῦντες,
656 1298 912 1350 νομίσαντες
931 1297 1061 1367 ε’χειν
1099 1295 1257 1351 καιρὸν
1292 1297 1402 1339 κατὰ
1432 1300 1521 1338 τῶν
1553 1298 1679 1349 Καρ-

208 1350 262 1392 40
291 1353 533 1407 χηδονίων,
582 1353 826 1409 ἀπέστησαν
864 1352 940 1396 ἀπ’
980 1352 1126 1397 αὐτῶν
1171 1354 1244 1397 καὶ
1289 1351 1680 1423 συμφρονήσαντες

290 1408 497 1453 ἐπέθεντο
527 1415 619 1461 τοῖς
654 1412 987 1480 Καρχηδονίοις
1026 1411 1192 1465 ἐγένετο
1232 1409 1278 1453 δε
1306 1410 1404 1464 περὶ
1432 1408 1511 1452 τὸν
1541 1407 1679 1452 αὐτὸν

291 1466 451 1520 καιρὸν
498 1467 772 1523 θεόπεμπτός
809 1484 873 1517 τις
921 1466 1073 1523 ατυχία
1120 1483 1230 1510 κατα
1279 1483 1359 1521 την
1400 1465 1678 1526 Καρχηδόνα.

290 1523 472 1595 ταραχαὶ
510 1540 595 1584 γαρ
632 1525 705 1567 καὶ
751 1523 887 1579 φόβοι
925 1525 998 1566 καὶ
1038 1523 1217 1567 πανικοὶ
1253 1518 1446 1579 θόρυβόι
1484 1528 1676 1578 συνεχεῖς

204 1576 256 1620 45
289 1578 482 1649 ἐγίνοντο
530 1597 640 1629 κατα
679 1580 758 1636 τὴν
797 1580 927 1624 πόλιν
971 1579 1239 1634 παράδοξοι,
1279 1580 1351 1623 καὶ
1397 1579 1552 1622 πολλοὶ
1595 1580 1675 1634 μὲν

286 1652 393 1693 μετα
423 1641 512 1679 τῶν
543 1637 691 1682 ὅπλων
707 1637 937 1710 ἐξεπήδων
966 1637 1013 1680 ἐκ
1042 1641 1130 1681 τῶν
1157 1639 1331 1688 οἰκιῶν,
1364 1635 1423 1686 ὦς
1454 1638 1674 1699 πολεμίων

286 1693 640 1744 εἰςπεπτωκότων
683 1696 742 1745 εἰς
783 1695 864 1749 τὴν
904 1693 1055 1746 πόλιν,
1101 1695 1176 1737 καὶ
1196 1692 1323 1762 πρὸς
1361 1691 1575 1762 αλληλους
1614 1710 1674 1744 ως

285 1751 522 1805 πολεμίους
551 1753 916 1805 διαπολεμοῦντες
953 1750 1031 1802 οὓς
1059 1767 1163 1821 μεν
1179 1748 1379 1806 οένήρουν
1417 1749 1495 1800 οὺς
1525 1750 1569 1792 δὲ
1599 1766 1672 1792 κα-

284 1808 631 1862 τετραυματιςζοι
674 1808 797 1859 τέλος
827 1808 872 1851 δὲ
901 1809 1079 1858 θυσίαις
1117 1806 1166 1851 τὸ
1208 1811 1334 1850 θεῖον
1374 1805 1672 1861 έξιλασάμενοι

201 1868 256 1908 50
287 1864 359 1906 καὶ
389 1866 603 1920 μεγίστων
641 1881 791 1908 κακῶν
829 1863 1164 1920 ἀπαλλαγέντες,
1198 1863 1313 1934 ταχύ
1351 1864 1425 1909 καὶ
1461 1864 1565 1914 τοὺς
1593 1865 1671 1906 Λί-

284 1924 402 1991 βυας
424 1921 777 1976 κατεπολέμησαν
807 1921 880 1964 καὶ
908 1921 986 1977 τὴν
1016 1939 1029 1964 ι
1047 1933 1154 1977 ησον
1184 1918 1489 1990 ἀνεκτήσαντο.

197 1979 253 2020 25
391 1977 485 2025 Ἐπ’
517 1977 729 2034 ἄρχοντος
758 1977 802 2021 δ’
816 1977 1056 2051 Ἀθήνησι
1071 1980 1353 2021 Ναυσινίκου
1378 1975 1581 2031 Ῥωμαῖοι
1609 1993 1669 2032 χι-

282 2033 502 2090 λιαρχους
510 2037 732 2090 τέτταρας
736 2033 830 2078 ἀντὶ
859 2040 948 2078 τῶν
969 2034 1149 2078 ὑπάτων
1171 2034 1451 2102 κατέστησαν,
1476 2033 1668 2084 Μαρκον

198 2092 250 2134 55
281 2091 535 2158 Κορνήλιον
566 2093 638 2144 καὶ
668 2094 930 2151 Σερουίλιον
964 2091 1183 2149 Κόϊντον,
1228 2089 1423 2146 Μαρκον
1470 2090 1668 2146 Φούριον

217 580 243 618 10
217 520 242 560 10

247 576 271 617 01
247 522 273 559 ιι,-

274 2240 332 2276 22.
360 2238 620 2287 Σπαρτιατῶν]
647 2244 721 2278 τῶν
740 2243 988 2286 Σπαρτιατῶν
1008 2242 1090 2276 FIK
1267 2239 1326 2276 25.
1365 2240 1563 2282 Na'noevog]
1590 2240 1666 2274 Mi-

274 2300 392 2327 κωνος
416 2290 444 2324 [ι
590 2290 648 2324 27.
681 2290 881 2334 Παπίριον]
908 2289 990 2323 mni
1017 2286 1215 2331 Παπύριον
1378 2286 1560 2330 Μάλλιον]
1578 2284 1666 2321 Μά-

274 2336 353 2369 λιον
376 2336 410 2373 Κ
547 2337 604 2377 28.
629 2337 672 2370 ad
699 2303 816 2371 Γάϊρον
849 2340 944 2370 notat
968 2335 1049 2368 Wes
1053 2335 1237 2379 selingius·
1273 2333 1414 2367 nomina
1437 2334 1522 2367 haec
1550 2334 1665 2368 omnia

275 2381 399 2418 absunt
432 2383 462 2416 A
627 2383 682 2416 29.
723 2381 884 2417 Κόιντον
917 2383 1000 2415 VVes
1003 2381 1191 2426 selfflgffls,
1224 2381 1421 2425 Κοιγκτιον
1446 2380 1500 2420 Κ,
1534 2379 1663 2413 caeteri

278 2428 455 2463 Κοΐντιον
591 2429 648 2465 36.
674 2427 960 2476 διεφθάρησαν]
985 2425 1208 2473 ἐφθάρησαν
1232 2427 1261 2461 F
1422 2425 1480 2466 42.
1503 2422 1664 2470 θεόπεμ-

274 2472 385 2519 πτός]
409 2476 455 2510 θε
442 2471 626 2519 ςόιιεομπος
649 2476 677 2510 L

365 2543 422 2579 21.
447 2543 505 2576 48.
529 2544 865 2588 κατετραυμάτιζον
897 2543 1060 2585 AFIKL,
1084 2541 1212 2576 caeteri
1235 2538 1506 2596 ἐτραυμάτιζον

271 2588 326 2644 49.
351 2590 551 2634 μεγίστων]
577 2592 722 2624 fortasse
757 2591 977 2625 scribendum
1001 2588 1105 2633 μόγις
1127 2601 1205 2622 των
1388 2586 1443 2621 53.
1467 2584 1658 2630 τέτταρας]

271 2634 445 2679 τέσσαρας
471 2648 589 2670 omnes
796 2637 852 2671 54.
885 2637 946 2671 καὶ
980 2647 1050 2670 om.
1076 2635 1142 2669 ΕΚ
1328 2633 1570 2677 Σερουίλιον]
1592 2635 1663 2668 Σε-

270 2680 398 2723 ρούιον
416 2685 451 2716 Α
618 2681 799 2726 Κόϊντον]
838 2683 1036 2718 Κοῖνκτιον
1067 2681 1122 2723 Κ,
1150 2678 1278 2715 caeteri
1301 2679 1478 2715 Κοΐντιον

263 2729 320 2762 55.
345 2729 387 2761 ·ι(1
413 2726 575 2773 Μαρκον
608 2741 667 2763 nn
656 2733 705 2761 at
731 2729 979 2783 wesselingius
1016 2728 1174 2772 „desunt
1199 2727 1282 2762 haec
1301 2727 1441 2761 ποηιὶιια
1465 2726 1522 2761 Α“

267 2774 429 2820 Φονριον
447 2776 490 2818 F,
515 2776 643 2811 caeteri
672 2774 857 2821 Φρούριον

1707 1466 1752 1500 21
