1820 3249
1371 191 1480 232 1039

44 319 53 329 ι
111 297 172 354 ,γ’
201 299 270 349 Ὡς
299 294 524 350 Φιλόμηλος
549 294 573 338 ὅ
601 292 765 344 Φωκευς
793 310 887 343 τους
913 294 1099 346 Δελφους
1124 298 1192 339 καὶ
1221 298 1263 342 td
1290 305 1475 353 μαντεῖον

25 1156 70 1190 80

220 351 539 422 καταλαβόμενος
556 351 623 394 τὸν
640 350 756 423 ἱερόν
777 349 956 404 πόλεμον
973 353 1167 402 ἐξέκαυσε.

109 409 171 454 ιδ’.
203 412 300 466 Περὶ
316 415 387 462 τῆς
405 410 446 460 ἐξ
466 406 589 462 ἀρχῆς
606 409 796 467 ευρέσεως
814 412 889 449 τοῦ
907 411 1109 461 μαντείου.
1497 418 1552 459 25

109 467 167 511 ιε’
201 466 430 535 Φιλομήλου
451 470 523 507 τοῦ
546 466 716 514 Φωκέως
740 468 840 517 ἧττα
861 466 928 506 καὶ
948 464 1139 537 θανατος.

107 523 165 573 ις’.
194 520 437 578 Ὀνομαρχου
453 520 686 578 παραληψις
706 525 780 576 τῆς
795 518 920 576 ἆρχης
935 523 1004 564 καὶ
1022 521 1257 578 παρασκευη
1278 522 1380 579 πρὸς
1398 522 1467 566 πό-

216 585 349 634 λεμον.

105 634 167 687 ιζ’.
191 637 262 685 Ὦς
282 635 449 678 Βοιωτοὶ
463 630 692 691 Ἀρταβαζω
718 630 996 689 βοηθήσαντες
1023 635 1211 689 ἐνίκησαν
1233 635 1329 686 τούς
1352 640 1464 691 βασι-
1497 642 1550 683 30

214 694 310 742 λέως
329 707 544 746 σατραπας.

103 745 165 803 ιη’.
193 749 262 799 Ὡς
285 747 495 803 Ἀθηναῖοι
517 743 780 803 Χερᾇνήσου
806 745 1073 804 κρατήσαντες
1099 747 1470 805 κατεκληρούχησαν

212 803 351 859 αὐτήν.

101 859 172 903 ιθ’.
201 863 270 912 Ὡς
295 865 493 911 Φίλιππος
511 857 725 914 Μεθώνην
741 859 840 903 ἔλων
857 861 1118 914 κατέσκαψεν.

100 917 146 959 κ’.
175 919 242 966 Ὡς
267 921 466 968 Φίλιππος
496 922 648 966 Φωκεῖς
673 915 841 970 νικήσας
862 919 1084 972 ἒξέβαλεν’
1066 936 1108 960 εκ
1136 922 1210 971 τῆς
1241 921 1462 969 Θετταλίας.
1495 922 1548 964 35

99 972 174 1017 κα’.
200 976 268 1024 ,Ως
281 973 520 1030 Ὀνόμαρχος
546 975 570 1016 ὅ
600 973 764 1023 Φωκευς
792 977 994 1017 Φίλιππον
1022 976 1112 1017 δυσὶ
1131 993 1276 1029 μαχαις
1296 974 1465 1031 νικήσας

215 1034 271 1081 εἰς
289 1048 382 1080 τους
402 1031 588 1085 ε’σχατους
605 1027 860 1080 κινδυνους’
841 1031 999 1099 η’γαγει.

100 1085 176 1157 κβ’.
202 1088 269 1137 Ὡς
285 1085 530 1159 Ὀνόμαρχος
551 1086 750 1136 Βοιωτους
769 1102 939 1141 νικησας
961 1086 1195 1157 Κορώνειαν
1213 1087 1329 1131 εἷλεν-

98 1143 169 1200 ny'.
196 1145 264 1194 Ὡς
289 1142 529 1199 Ὀνόμαρχος
554 1145 597 1186 έν
622 1146 810 1185 Θετταλία
832 1145 1159 1200 παραταξάμενος
1189 1163 1289 1200 προς
1321 1148 1462 1188 Φίλιπ-
1493 1145 1547 1189 40

211 1218 290 1243 πον
310 1202 378 1242 καὶ
400 1199 618 1250 Θετταλους
636 1187 807 1253 ηττήθη.

99 1254 171 1300 κδ’.
197 1258 265 1307 Ὡς
287 1255 408 1307 αὐτος
429 1275 501 1312 μεν
525 1255 775 1313 ἑκρεμασθη,
816 1258 860 1299 οἷ·
885 1255 926 1300 δ’
954 1257 1066 1300 αλλοι
1093 1260 1463 1312 κατεποντίσθησαν

211 1331 264 1364 ως
281 1313 489 1368 ἱερόσυλοι.

97 1369 163 1413 κε’.
189 1371 259 1421 Ὡς
285 1369 467 1421 Φαύλλος
487 1370 776 1441 διαδεξαμενος
795 1389 870 1426 την
891 1388 1015 1425 αρχην
1031 1369 1157 1413 πολλα
1176 1376 1257 1414 τῶν
1277 1369 1463 1429 α’ργυρων
1492 1376 1547 1419 45

207 1427 275 1468 καὶ
294 1441 451 1481 χρυσων
472 1425 746 1481 οἷναθηματων
761 1430 956 1480 κατέκοψε
961 1445 994 1469 ν.

98 1501 172 1532 κς.
197 1483 266 1533 Ὡς
301 1501 371 1533 τας
403 1488 676 1541 μισθοφορίας
707 1483 957 1541 αναβιβασας
991 1483 1164 1538 ἤθροισε
1189 1483 1462 1542 μισθοφόρων

209 1543 380 1592 πλῆθος.

96 1593 169 1645 κζ’.
197 1596 263 1645 Ὡς
275 1597 589 1650 τεταπεινωμένα
607 1615 654 1639 τα
671 1614 752 1640 των
774 1597 946 1639 Φωκέων
958 1613 1166 1651 πραγματα
1186 1596 1459 1652 διωρθώσατο.

80 1650 266 1706 ,ms-‘1529
282 1651 455 1723 χρημασι
485 1656 737 1707 διαφθείρων
770 1671 840 1702 τας
860 1652 995 1702 πόλεις
1018 1654 1086 1695 καὶ
1111 1653 1206 1703 τούς
1222 1672 1251 1696 π
1236 1653 1461 1710 ροεστηκό-
1492 1658 1545 1701 50

207 1726 277 1758 τας
298 1707 434 1758 αὐταῖς
455 1709 627 1759 πολλους
648 1709 910 1777 προςελαβετο
931 1725 1173 1763 συμμαχους.

96 1762 176 1808 καθ’.
206 1765 273 1814 Ὡς
303 1766 344 1806 οἱ
368 1782 450 1806 των
481 1769 662 1820 Φεραίων
689 1765 879 1820 τύραννοι
907 1764 1150 1820 παραδόντες
1178 1768 1364 1824 Φιλίππῳ
1390 1783 1463 1818 τας

209 1820 338 1888 Φερας
360 1822 568 1864 Φωκέων’
550 1823 730 1877 εγένοντυ
750 1821 961 1876 σύμμαχοι.

34 1900 45 1906 ν
98 1875 142 1920 λ’.
172 1875 300 1931 Μᾶχη
330 1879 505 1943 Φωκέων
536 1878 638 1934 πρὸς
661 1879 862 1930 Βοιωτους
893 1879 985 1935 περὶ
1010 1875 1245 1934 Ὀρχομενὸν
1272 1879 1341 1921 καὶ
1363 1875 1462 1934 ἧττα
1492 1885 1546 1929 55

212 1934 395 1976 Φωκέων.

98 1989 171 2033 λα’.
187 1990 324 2032 ’Ἁλλαι
351 2007 472 2044 μαχαι
499 1995 582 2039 τοῖς
613 1989 748 2041 αὐτοῖς
773 2008 881 2046 παρα
907 1989 975 2059 τὸν
1007 1989 1198 2045 Κηφισον
1224 1991 1293 2033 καὶ
1324 1990 1464 2047 Κοριό-

209 2064 320 2089 νειαν
341 2047 409 2088 καὶ
430 2048 522 2100 νίκη
540 2051 741 2090 Βοιωτων.

97 2101 169 2159 λβ’.
198 2104 266 2154 Ὡς
289 2100 474 2153 Φοὶὺλλος
503 2103 740 2159 στρατεύσας
765 2106 822 2155 εἰς
848 2121 923 2159 την
947 2105 1130 2160 Λοκρίδα
1155 2101 1304 2153 πολλας
1327 2103 1463 2155 πόλεις
1491 2114 1546 2153 60

207 2157 451 2213 ἔχειρωσατο.

95 2215 164 2273 ay'.
191 2216 260 2267 Ὡς
282 2214 466 2266 Φάῦλλος
489 2213 598 2257 νόσω
619 2215 846 2271 περιπεσων
865 2213 1043 2270 φθιναδι
1065 2214 1132 2258 τὸν
1151 2217 1242 2271 βίον
1261 2213 1466 2266 ἐπιπόνως

206 2274 480 2326 κατέστρεψεν.

95 2327 162 2372 λδ’.
190 2329 258 2379 Ὡς
289 2327 488 2378 Φαλαικος
519 2325 800 2382 διαδεξαμενος
829 2345 904 2383 την
934 2345 1061 2385 αρχην
1078 2327 1147 2370 καὶ
1168 2323 1346 2383 οἷγεννως
1367 2329 1464 2371 διοι-

206 2403 289 2428 κων
307 2385 378 2428 τόν
401 2383 576 2437 πόλεμον
595 2385 785 2434 ἐξέπεσεν.

98 2438 160 2484 λε’.
188 2442 257 2493 Ὡς
280 2444 322 2485 οἷ
337 2459 438 2486 κατα
453 2458 528 2497 την
553 2440 868 2497 Πελοπόννησον
884 2442 1131 2485 ἐστασίασαν.
1491 2447 1545 2489 65

95 2631 154 2666 22.
199 2631 287 2672 τούς
309 2643 377 2666 οιιι.
401 2631 483 2667 Bae.
661 2632 734 2690 36.
782 2630 867 2668 δυσὶ
888 2644 962 2677 μαχ
942 2643 1022 2677 χαις
1044 2641 1113 2666 οιιι.
1141 2630 1272 2673 eospus

186 2677 244 2714 80.
274 2677 331 2712 42.
378 2676 493 2718 αὐτὸς
514 2675 594 2723 μεν]
622 2676 737 2720 αὐτὸς
759 2679 841 2713 Bas.
1007 2678 1062 2712 44.
1109 2674 1226 2711 πολλα
1248 2695 1295 2702 --
1317 2674 1374 2710 45.
1397 2689 1461 2712 κα-

96 2721 250 2767 τέκοψεν
267 2736 316 2763 ως
332 2724 447 2758 omisit
462 2724 610 2769 Cospus:
634 2738 696 2759 nec
714 2725 839 2759 dicitur
859 2725 929 2758 hoc
952 2736 1026 2768 cap.
1050 2722 1107 2757 36.
1132 2722 1250 2756 initio.
1273 2723 1330 2756 sed
1349 2723 1462 2767 potuit

96 2769 291 2814 argumenti
315 2769 460 2812 scriptor
481 2781 616 2805 sumere
638 2783 679 2806 ex
702 2784 735 2816 p.
761 2771 840 2805 125.
858 2782 929 2814 seq.
1119 2768 1175 2802 54.
1229 2768 1348 2813 Φέρας
1378 2769 1458 2802 Bas.

273 2815 330 2850 57.
377 2815 550 2861 Κηφισόν
571 2817 674 2861 Bas„
707 2819 852 2861 Cospus,
876 2816 1004 2851 caeteri
1028 2811 1224 2860 Κηφισσον
