1820 3249
19 300 21 309 ἡ
20 245 22 273 Ϋ-
21 219 24 235 -.
21 123 26 207 -«.....,

512 91 636 134 LIB.
665 90 792 133 XVH.
851 91 983 134 cAP.
1013 94 1080 134 25.
1106 95 1173 135 26.
1422 95 1531 136 1159

154 203 383 257 σπόνδους.
438 202 668 260 Ἐφιάλτης
697 203 775 256 μὲν
806 197 889 245 οὖν
908 203 980 245 καὶ
1005 202 1319 257 Θρασύβουλος
1346 205 1390 247 οἵ
1408 204 1531 274 Ἀθη-

152 267 272 306 ναῖοι
305 264 630 332 συμμαχοῦντες
669 265 761 310 τοῖς
792 259 982 313 Πέρσαις
1023 258 1343 329 συνεβούλευον
1373 261 1430 317 μὴ
1463 264 1531 304 δι-

153 317 282 362 δόναι
318 317 421 369 τούς
459 316 643 371 νεκρούς
681 315 791 372 πρὸς
820 315 988 372 ταφήν·
1046 316 1069 360 6
1101 315 1145 360 65
1175 317 1370 372 Μέμνων
1396 330 1529 361 συνε-
1558 373 1609 413 5?

179 374 213 418 ω’
274 387 329 418 65.
1586 389 1610 414 0

149 393 176 432 χ
215 393 391 483 ρηΜετά
419 430 466 475 65
494 434 634 474 ταῦτα
665 427 915 500 Ἐφιάλτης
932 428 1268 500 βουλευομένων
1307 433 1397 473 τῶν
1435 428 1528 488 ἡγε-
1556 431 1612 469 26

149 486 299 558 μόνων
327 487 627 542 συνεβούλευε
663 486 723 543 μὴ
764 487 1009 557 περιμένειν
1039 486 1117 538 ἕως
1148 486 1202 529 ἂν
1233 484 1422 556 ἁλούσης
1449 504 1528 557 της

147 543 315 596 πόλεως
344 544 608 613 αἰχμάλωτοι
636 547 930 595 καταστῶσιν,
980 541 1076 586 ἀλλ’
1110 542 1271 593 αὐτούς
1305 544 1407 594 τοὺς
1435 542 1527 599 ἦγε-

146 599 284 658 μόνας
311 600 739 671 προκινδυνεύοντας
761 617 850 644 των
859 599 1164 673 ’μισθοφόρων
1185 599 1415 643 ἐπιθέσθαι
1438 605 1529 651 τοῖς
1557 603 1611 643 60

144 660 380 728 πολεμίοις.
438 656 463 701 ὁ
494 658 538 702 65
558 657 755 730 Μέμνων
777 658 905 728 ὁρῶν
934 656 1012 700 τόν
1039 656 1272 729 Ἐφιάλτην
1294 655 1404 727 πρὸς
1435 655 1530 712 άρε-

143 714 225 783 τήν
254 713 539 784 ὁρμωμένου,
569 716 644 758 καὶ
680 732 729 771 με
712 713 872 784 εγάλας
896 713 1003 770 ἔχων
1034 714 1208 764 ἐλπίδας
1237 714 1283 757 ἐν
1312 711 1430 771 αὐτῷ
1457 714 1529 756 διὰ

143 787 227 841 την
254 770 470 826 ἀνδρείαν
494 772 567 815 καὶ
596 771 674 842 τὴν
703 775 785 815 τοῦ
809 770 1008 841 σώματος
1026 771 1199 826 ῥώμην,
1231 759 1530 827 συνεχώρησεν

145 825 267 899 αυτῷ
295 827 502 882 πράττειν
530 827 557 872 6
583 828 802 899 βούλοιτο.
862 844 886 871 ο
919 827 964 871 65
974 829 1227 900 διςχιλίους
1255 831 1344 870 τῶν
1373 832 1527 896 μισθο-

145 874 301 941 φόρων
322 885 586 956 ἐπιλέκτους
612 883 868 955 άναλαβων,
914 883 989 928 καὶ
1017 890 1110 935 τοῖς
1142 883 1308 940 ἡμίσεσι
1344 883 1526 935 διαδούς
1555 885 1609 927 65

144 943 282 1012 δᾷδας
308 940 515 1012 ἡμμένας,
544 941 650 993 τούς
680 942 726 985 65
756 942 917 992 ἄλλους
938 939 1166 993 ἀντιτάξας
1181 946 1274 993 τοῖς
1290 941 1525 1011 πολεμίοις,

144 997 275 1055 ἄφνω
304 998 381 1049 τοὶς
407 999 549 1050 πύλας
576 997 717 1050 πάσας
746 997 1018 1041 άνεπέτασεν.
1061 998 1149 1053 ἅμα
1181 998 1224 1040 δ’
1252 996 1391 1055 ἡμέρᾳ
1419 997 1526 1070 μετά

142 1048 314 1098 τούτων
343 1054 559 1112 ἐκχυθείς,
589 1060 681 1106 τοῖς
714 1055 794 1111 μὲν
822 1053 1126 1111 μηχανήμασιν
1155 1054 1280 1111 ἐνῆκε
1310 1058 1421 1108 πῦρ
1453 1054 1527 1097 καὶ

140 1114 404 1182 παραχρῆμα
439 1110 608 1167 πολλην
639 1111 799 1172 συνέβη
827 1112 1034 1167 γενέσθαι
1066 1111 1227 1181 φλόγα.
1277 1115 1367 1168 τῶν
1385 1109 1428 1154 δ’
1455 1109 1525 1154 ἄλ
1555 1116 1609 1154 70

141 1171 253 1223 λων
256 1174 318 1238 ἐν
337 1171 498 1240 βαθεῖα
522 1170 718 1230 φάλαγγι
746 1168 1096 1239 πεπυκνωμένων
1120 1166 1254 1219 αὐτὸς
1279 1179 1311 1211 π
1343 1172 1526 1224 οηγεῖτο,

140 1225 218 1268 καὶ
243 1226 336 1277 ’τοῖς
365 1225 659 1295 ἐκβοηθοῦσι
665 1224 922 1296 Μακεδόσιν
949 1222 1204 1296 ἐπέῤῥαξεν.
1263 1223 1289 1279 6
1276 1185 1366 1268 ‘622
1398 1227 1528 1281 βασι-

114 1279 240 1339 ιλευς
268 1281 551 1352 κατανοήσας
571 1282 620 1325 τό
645 1277 917 1354 γινόμενον,
936 1278 1042 1352 τοὺς
1039 1281 1139 1383 ὁμὲν
1159 1279 1414 1354 προμάχους
1437 1284 1528 1340 τῷν

137 1335 415 1408 ΙᾺακεδόνων
452 1338 659 1394 πρώτους
691 1339 840 1392 ἔταξε,
872 1338 999 1410 τους
1039 1334 1356 1408 δέφέδρους
1376 1335 1526 1409 ἔστησε

138 1410 246 1446 τους
272 1385 559 1466 ἐπιλέκτους·
610 1395 680 1439 ἐπὶ
716 1396 762 1439 δὲ
800 1394 977 1448 τούτοις
1005 1397 1179 1451 τρίτους
1206 1394 1405 1454 ἐπέταξεν
1434 1394 1525 1438 57:5—
1553 1394 1609 1436 75

138 1467 246 1506 ρους
268 1451 370 1503 τοὺς
392 1457 497 1508 ταῖς
518 1449 846 1523 ἀνδραγαθίαις
865 1451 1186 1522 ὑπεράγοντας·
1218 1448 1353 1503 αὐτὸς
1364 1452 1427 1495 65
1422 1450 1524 1523 πρὸ

132 1507 316 1561 πάντων
344 1508 518 1552 τούτων
545 1507 789 1580 ἡγούμενος
818 1505 982 1564 ὑπέστη
1010 1507 1116 1570 τούς
1139 1504 1431 1580 πολεμίους,
1453 1508 1524 1551 60'-

136 1565 296 1637 ξαντας
334 1564 407 1608 διὰ
440 1565 490 1609 τὸ
529 1567 671 1621 βάρος
712 1562 1116 1635 ἀκαταγωνίστους
1131 1570 1256 1608 εἰναι.
1319 1563 1465 1634 ἐξέπεμ
1468 1572 1522 1615 ίε

136 1620 183 1664 65
212 1622 305 1666 καὶ-
315 1620 422 1673 τοὺς
449 1622 800 1677 κατασβέσοντας
829 1620 908 1693 τὴν
939 1617 1099 1693 φλόγα
1109 1622 1183 1678 καὶ
1212 1619 1520 1690 βοηθήσοντας
1554 1624 1608 1664 80

102 1682 232 1729 ·ταῖς
262 1674 506 1750 μηχαναῖς.
566 1678 656 1736 αμα
702 1678 748 1722 65
787 1676 895 1733 παρ’
933 1678 1201 1734 ἀμφοτέροις
1239 1693 1316 1735 της
1344 1692 1389 1721 τε
1398 1679 1526 1748 βοης

134 1732 338 1786 ἐξαισίου
345 1735 586 1806 γινομένης
623 1735 696 1778 καὶ
726 1738 816 1778 τῶν
856 1737 1107 1790 σαλπίγγων
1137 1737 1445 1804 σημαινουσων
1466 1734 1523 1777 τὰ

133 1780 398 1861 πολεμικόν,
441 1791 582 1864 μέγας
621 1790 762 1863 α’γων
780 1791 963 1861 συνέστη
1006 1791 1079 1835 δια
1121 1791 1197 1843 τοὶς
1231 1789 1392 1845 α’ρετοὶς
1434 1794 1525 1834 τῶν

134 1826 470 1918 άγωνιζρμένων
506 1848 581 1892 καὶ
611 1864 700 1904 την
733 1846 987 1905 ὑπερβολὴν
1024 1852 1101 1903 τῆς
1140 1846 1519 1918 φιλοτιμίας.τὸ

131 1918 216 1959 μεν
261 1919 351 1955 ουν
384 1920 473 1975 πυρ
518 1904 744 1949 ἐκώλυσαν
799 1920 842 1948 οι
886 1904 1143 1956 Μακεδόνες
1191 1904 1518 1975 ἐπινεμηθῆναι,
1550 1904 1604 1946 85

133 1960 245 2003 κατὰ
277 1960 324 2004 ’δὲ
345 1960 431 2030 τὴν
447 1960 597 2032 μάχην
617 1959 939 2005 ,ἐπλεονέκτουν
973 1977 1014 2004 οι
1045 1961 1143 2015 περὶ
1172 1962 1250 2004 τὸν
1277 1959 1522 2033 Ἐφιάλτην.

133 2010 266 2068 οὗτος
303 2014 408 2073 γάρ
431 2018 549 2069 πολυ
589 2017 788 2089 προέχων
822 2021 912 2061 τῶν
951 2016 1095 2061 άλλων
1126 2020 1180 2074 τῆ
1208 2020 1291 2060 τοῦ
1320 2017 1522 2090 σωματος

135 2071 264 2144 ρώμῃ
306 2073 499 2126 πολλούς
533 2072 684 2132 ἀνῄρει
713 2078 803 2118 τῶν
830 2075 891 2126 εἰς
919 2079 1064 2130 χεῖρας
1093 2073 1351 2145 ἐρχομένων.
1391 2075 1449 2118 οἵ
1473 2089 1521 2118 τε

100 2127 105 2186 ζ
131 2128 370 2187 ἐφεστῶτες
396 2130 469 2176 ’ἐπὶ
496 2134 557 2190 τῷ
583 2130 848 2189 προςφάτως
876 2129 1368 2194 άντικατασκευασθέντι
1395 2130 1521 2188 τείχει

224 2278 305 2318 139.
334 2236 395 2314 54.
438 2275 532 2325 πρὸς
542 2259 711 2325 ταφὴν]
752 2279 803 2321 εἰς
831 2291 931 2324 ταφη
936 2292 957 2315 ν
987 2280 1019 2314 1.
1250 2277 1309 2313 58.
1357 2268 1443 2313 ἀλλ’
1470 2275 1519 2317 F,

133 2324 262 2359 meteri
286 2319 380 2361 ἀλλὰ
609 2326 667 2361 66.
715 2325 757 2362 δὲ
781 2323 915 2366 ἄλλους
936 2327 987 2367 L,
1028 2324 1154 2360 caeteri
1178 2335 1248 2359 om.
1275 2322 1315 2359 δὲ

133 2369 192 2403 67.
239 2370 383 2417 πάσας]
426 2370 572 2414 πάντας
603 2373 702 2428 Bag„
727 2385 797 2406 om.
821 2374 883 2406 ΡΙ.
1120 2372 1178 2405 69.
1224 2369 1362 2413 πολλὴν
1387 2368 1521 2428 συνέβη

135 2425 205 2450 ⁰¹¹¹-
234 2417 266 2450 F
493 2417 552 2453 74.
600 2431 690 2459 τους
723 2418 762 2454 δ’
794 2417 998 2463 ἐφέδρους]
1045 2415 1139 2462 πρὸς
1161 2415 1250 2456 τούς
1273 2416 1456 2460 ἐφέδρους
1481 2415 1523 2450 65

134 2460 316 2506 F1‚qui
358 2464 593 2501 Μακεδόνων
626 2463 728 2508 ἔταξε
758 2464 952 2511 πρώτους,
996 2462 1180 2509 ἐφέδρους
1212 2462 1252 2498 65
1279 2464 1436 2497 voluisse
1469 2462 1522 2495 vi-

134 2506 277 2541 dentur.
330 2508 477 2552 τούτοις
519 2509 562 2546 δ’
602 2509 786 2566 ἐφέδρους
830 2511 994 2544 Reiskius
1222 2508 1279 2543 75.
1326 2507 1523 2551 ἐπέταξεν]

133 2548 363 2606 ν’ξέῖαξένΡ
523 2557 581 2592 76.
615 2555 894 2614 ὑπεράγοντας]
920 2553 1165 2600 ’ὑπερέχοντας
1188 2555 1281 2599 FLQ
1442 2553 1519 2597 πρό

133 2596 284 2633 πάντων
308 2600 436 2635 FLTx
462 2603 561 2645 Bas„
586 2604 712 2638 caeteri
734 2603 887 2639 πάντων
1024 2602 1083 2636 78.
1109 2602 1290 2644 δόξαντας
1313 2620 1358 2627 -
1383 2599 1518 2635 einata-

134 2645 336 2688 γωνίστους
359 2644 472 2693 εἶναι]
514 2629 696 2693 δόξαντας
719 2669 763 2676 -
788 2647 1128 2706 ἅκαταγωνίστους,
1165 2660 1200 2683 σι
1224 2658 1327 2691 super
1351 2659 1463 2686 αντας
1486 2650 1519 2680 et

134 2703 192 2731 ως
215 2703 317 2735 Super
342 2704 410 2734 ⁰²¹3
432 2694 556 2738 posito,
577 2697 608 2730 F
791 2696 849 2732 83.
897 2694 1179 2741 αγωνιζομένων
1204 2694 1236 2728 Χ
1260 2695 1365 2735 Bas„
1391 2692 1520 2728 caeteri

133 2737 483 2784 συναγωνιζομένων
