1820 3249
359 182 469 223 1024
724 177 839 220 LIB.
868 179 958 221 XV.
998 180 1130 220 GAP.
1150 184 1218 223 82.
1244 183 1313 223 83

349 287 706 346 Ἐπαμεινώνδαν
735 291 808 334 καὶ
837 289 1027 346 δύναμιν
1056 289 1288 348 ἀξιόλογον
1318 289 1466 342 δόντες
1496 290 1728 342 ἐξαπέστει-

354 352 438 391 λαν
466 351 684 402 βοηθῆσαι
712 354 804 399 τοῖς
838 347 1180 403 Τεγεάταις.οἷ
1219 349 1265 392 δὲ
1295 353 1532 398 Mamm-:cg
1570 347 1649 404 τὴν
1681 349 1729 392 ἐκ

351 409 426 460 τῆς
451 407 665 454 Βοιωτίας
695 404 887 459 δύναμιν
915 406 988 448 καὶ
1017 422 1096 460 την
1108 403 1470 472 Ἐπαμεινώνδου
1491 403 1624 456 δόξαν
1654 421 1728 447 κα-

350 461 634 516 ταπλαγέντες
662 460 771 514 πρὸς
799 461 901 512 τοὺς
932 459 1221 517 ἐχθροτάτους
1253 466 1341 504 τῶν
1369 465 1580 504 Βοιωτῶν
1604 459 1728 516 Ἀθη-

349 521 502 568 ναίους
522 519 593 560 καὶ
615 519 992 574 Λακεδαιμονίους
1021 519 1218 573 πρέσβεις
1241 518 1532 573 ἐκπέμψαντες
1552 518 1727 561 ἔπεισαν

350 579 602 643 συμμαχεῖν.
630 575 692 616 ῶν
706 573 966 629 ἀμφοτέρων
981 573 1115 627 αδρὰς
1133 573 1339 630 δυνάμεις
1357 574 1514 630 ταχέως
1535 572 1727 617 ἀποστει-

264 635 318 672 60
347 632 518 674 λάντων
549 629 713 685 οἷγῶνες
743 633 896 674 πολλοὶ
925 632 999 674 καὶ
1036 631 1215 687 μεγάλοι
1253 631 1364 674 κατὰ
1392 631 1472 687 τὴν
1502 630 1726 674 Πελοπόν-

346 700 483 742 νησον
514 687 796 742 συνέστησαν.
855 687 992 738 εὐθύς
1022 689 1103 731 οὐν
1133 687 1476 759 Λακεδαιμόνιοι
1513 688 1592 759 μὲν
1624 692 1728 743 πλη-

346 747 443 788 σίον
474 746 696 794 οἰκοῦντες
726 743 1013 796 ἐστράτευσαν
1041 745 1101 794 εἰς
1131 743 1211 799 τὴν
1236 742 1491 798 Ἀρκαδίαν,
1528 743 1727 798 Ἐπαμει-

345 801 514 850 νώνδας
546 799 592 842 δε
621 800 731 843 κατοέ
761 805 920 844 τοῦτον
949 799 1029 843 τόν
1058 801 1217 870 καιρὸν
1247 817 1366 871 μετα
1389 804 1466 870 τῆς
1503 801 1727 854 δυνάμεως

345 857 514 910 προιών
544 857 618 899 καὶ
647 861 722 911 τῆς
749 859 1020 908 ιΜαντινείας
1051 873 1105 899 ου
1135 857 1311 911 μακράν
1342 856 1510 910 απέχων
1539 857 1724 900 ἐπύθετο

260 909 315 952 65
344 931 463 967 παρα
496 917 585 956 τῶν
623 913 839 969 ἐγχωρίων
879 913 947 956 ὅτι
983 915 1325 982 Λακεδαιμόνιοι
1360 914 1576 982 πανδημεὶ
1612 930 1724 968 πορ-

343 975 478 1014 θοῦσι
495 970 586 1031 τὴν
617 975 703 1012 τῶν
739 975 960 1025 Τεγεατῶν
989 970 1158 1040 χώραν.
1223 969 1464 1024 ’ὑπολαβών
1503 971 1586 1013 οὐν
1622 970 1724 1025 ἕρη-

342 1044 428 1083 μον
471 1032 585 1070 εἰναι
633 1031 908 1081 στρατιωτῶν
943 1044 1057 1097 την
1087 1026 1323 1083 Σπάρτην,
1369 1025 1595 1082 ἐπεβάλετο
1645 1026 1725 1082 μὲν

343 1085 453 1154 μέγα
493 1101 534 1126 τι
570 1086 752 1138 πραξαι,
798 1083 877 1138 τὴν
914 1083 960 1127 δὲ
1004 1081 1137 1139 τύχην
1153 1084 1295 1154 ἔσχεν
1334 1082 1723 1153 ἀντιπράττουσαν.

345 1140 475 1190 αὐτὸς
504 1140 582 1195 μὲν
611 1141 694 1195 γάρ
724 1140 884 1191 νυκτὸς
918 1140 1164 1198 ὥρμησενς
1148 1140 1216 1183 ἐπὶ
1240 1140 1321 1197 τὴν
1333 1141 1583 1209 Σπάρτην,
1621 1138 1644 1183 ὁ
1677 1139 1724 1208 δὲ

259 1196 314 1235 70
344 1199 549 1268 βασιλεύς
603 1203 693 1240 τῶν
739 1200 1100 1251 Λακεδαιμονίων
1144 1193 1262 1252 ςΑγις
1317 1195 1595 1246 υποπτεύσας
1644 1195 1725 1263 τήν

345 1254 568 1310 ἀγχίνοιαν
596 1271 676 1307 την
697 1253 1052 1327 Ἐπαμεινώνδου
1082 1252 1424 1308 κατεστοχάσατο
1454 1255 1533 1308 μὲν
1562 1251 1724 1307 ἐμφρό-

342 1329 431 1361 νως
466 1311 516 1354 τὸ
546 1312 728 1381 μέλλον
732 1311 873 1366 η’ξειν,
916 1311 1075 1379 ἔπεμψε
1116 1312 1162 1354 65
1203 1327 1323 1360 τινας
1359 1313 1532 1365 Κρῆτας
1570 1309 1723 1365 ἡμερο-

343 1368 559 1422 δρόμους,
602 1366 660 1411 δι’
695 1370 756 1410 ῶν
794 1384 874 1410 κατ
857 1366 1092 1436 ιαταχήσας
1122 1366 1199 1410 τὸν
1233 1365 1588 1435 Ἐπαμεινώνδαν
1629 1371 1721 1415 τοῖς

255 1432 310 1474 75
342 1425 722 1494 άπολελειμμένοις
755 1423 801 1467 έν
838 1427 894 1495 τῇ
931 1423 1117 1492 Σπάρτῃ
1158 1423 1345 1478 ἐδήλωσε
1384 1421 1496 1466 διότι
1534 1422 1722 1465 Βοιωτοὶ

341 1482 565 1549 συντόμως
604 1480 783 1551 ἥξουσιν
832 1480 901 1523 έπι
948 1479 1028 1535 τήν
1066 1481 1374 1548 Λακεδαίμονα
1420 1479 1721 1535 πορθήσοντες

338 1538 418 1595 τήν
448 1537 599 1588 πόλιν,
644 1536 776 1588 αὐτὸς
807 1535 851 1580 δ’
891 1534 949 1588 ῶς
979 1537 1035 1580 ἀν
1069 1537 1246 1592 τάχιστα
1283 1535 1465 1607 δύνηται
1501 1552 1606 1594 μετα
1643 1540 1720 1592 τῆς

339 1595 566 1667 δυνάμεως
587 1594 684 1663 ἥξει
714 1591 952 1663 βοηθήσων
981 1598 1035 1651 τῇ
1057 1595 1244 1647 πατρίδι.
1293 1592 1485 1636 ἐκέλευεν
1516 1595 1598 1637 οὐν
1628 1597 1720 1643 τοῖς

337 1653 382 1696 έν
412 1657 464 1709 τῇ
495 1650 695 1708 Σπάρτῃ
710 1650 1077 1721 παραφυλαττειν
1093 1651 1173 1706 τήν
1202 1648 1333 1693 πόλιν
1370 1649 1506 1719 μηδὲν
1534 1665 1719 1693 καταπε-

253 1694 306 1733 80
336 1710 632 1764 πληγμένους·
663 1710 768 1764 ταχὺ
791 1708 875 1762 γαρ
899 1705 1035 1750 αὐτὸν
1062 1707 1328 1762 ἐπιφανέντα
1347 1705 1598 1762 βοηθήσειν,
1629 1709 1718 1749 τῶν

250 1751 307 1790 83
337 1766 382 1809 δὲ
408 1770 589 1823 Κρητῶν
618 1765 843 1833 συντόμως
871 1764 919 1808 τὸ
949 1763 1252 1833 παραγγελθὲν
1279 1763 1557 1818 ποιησαντων
1579 1779 1718 1814 παρα-

336 1823 472 1874 δόξως
503 1840 545 1866 οι
575 1821 915 1876 Λακεδαιμόνιοι
955 1821 1034 1876 τὴν
1072 1820 1234 1863 ἅλωσιν
1270 1823 1345 1875 τῆς
1380 1821 1589 1889 πατρίδος
1627 1817 1717 1870 ἐξέ-

336 1896 496 1951 φυγον.
554 1878 612 1935 μὴ
646 1879 1016 1946 προδηλωθείσης
1041 1894 1127 1932 γαρ
1169 1881 1245 1944 τῆς
1285 1876 1519 1926 ἐπιθέσεως
1558 1876 1716 1918 ἔλαθεν

250 1946 304 1988 85
336 1937 391 1979 ἄν
422 1934 445 1979 6
471 1934 825 1990 Ἐπαμεινώνδας
848 1933 1050 1985 εἰςπεσών
1081 1935 1140 1984 εἰς
1169 1949 1250 2003 την
1275 1931 1497 1987 Σπάρτην.
1526 1931 1606 2002 τὴν
1636 1947 1716 1988 μεν

337 1995 420 2036 οὐν
451 1993 649 2035 ἐπίνοιαν
677 1996 766 2034 τῶν
796 1995 1046 2061 στρατηγῶν
1069 1988 1329 2045 ἀμφοτέρων
1359 1991 1536 2040 δικαίως
1565 1987 1620 2032 ἄν
1649 2005 1714 2040 τις

336 2049 614 2101 ἀποδέξαιτο,
658 2050 953 2102 συνετωτέραν
984 2048 1029 2090 δὲ
1061 2049 1324 2118 στρατηγίαν
1353 2062 1434 2102 την
1468 2050 1551 2088 τοῦ
1579 2050 1714 2088 Λακε-

269 403 304 442 {n

301 401 321 441 σι

1751 1369 1797 1405 63

334 2109 565 2162 δαιμονίου
595 2104 815 2162 ἡγήσαιτο.
853 2103 908 2148 ου’
934 2121 1022 2160 μην
1052 2102 1147 2146 ἀλλ’
1181 2102 1203 2146 ὁ
1231 2102 1582 2171 Ἐπαμεινώνδας
1606 2101 1714 2172 ὅλην
1771 2118 1775 2120 ’

333 2164 413 2219 τήν
451 2163 590 2207 νύκτα
638 2162 971 2232 διαγρυπνήσας
1011 2161 1084 2204 καὶ
1131 2160 1180 2203 τό
1223 2158 1438 2215 διάστημα
1487 2162 1563 2212 τῆς
1601 2156 1714 2202 ὁδοῦ

247 2231 302 2270 90
334 2237 444 2264 κατα
474 2219 673 2274 σπουδὴν
704 2218 914 2269 διανύσας
943 2216 1020 2273 ἅμ’
1050 2217 1189 2287 ἡμέρα
1216 2220 1401 2285 npqgtJye
1429 2218 1484 2272 τῇ
1513 2214 1714 2285 Σπάρτῃ.

331 2276 354 2321 ὁ
388 2277 428 2321 6’
470 2277 539 2321 ἐπὶ
568 2281 643 2331 τῆς
675 2280 873 2332 φυλακῆς
909 2273 1269 2343 απολελειμμένος
1295 2272 1547 2341 Ἀγησίλαος
1581 2270 1713 2342 ὀλίγῳ

327 2335 541 2403 πρότερον
570 2333 716 2389 χρόνῳ
755 2338 843 2375 τῶν
872 2335 1060 2387 Κρητῶν
1091 2329 1283 2379 οἰκούσας
1321 2345 1374 2371 τα
1412 2328 1521 2371 κατὰ
1559 2328 1711 2382 μέρος,

331 2392 468 2441 εὐθύς
504 2390 607 2445 μετὰ
645 2378 809 2445 πολλῆς
849 2391 1044 2457 σπουδης
1083 2403 1162 2442 την
1201 2383 1440 2437 ἐπιμέλειαν
1479 2384 1713 2440 ἐποιήσατο

327 2452 404 2504 τῆς
432 2447 613 2498 πόλεως
674 2463 780 2498 τους
818 2462 897 2502 μεν
936 2447 1019 2489 οὐν
1055 2441 1382 2500 πρεσβυτατους
1413 2444 1501 2485 τῶν
1539 2443 1712 2485 παίδων

325 2589 382 2624 71.
408 2584 605 2632 ἐμφρόνως
628 2587 669 2624 τὸ
694 2586 843 2657 μέλλον9
848 2587 932 2622 Reis
933 2587 1011 2622 kius
1041 2589 1118 2630 post
1141 2584 1222 2618 wes
1225 2583 1434 2628 selingium·
1458 2582 1541 2617 libri
1563 2579 1605 2618 τό
1627 2581 1710 2628 μέλ-

325 2639 390 2671 λον
415 2635 619 2691 ἐμφρόνως
798 2635 854 2669 72.
879 2633 1035 2687 ἔπεμψε]
1065 2632 1213 2685 πέμψας
1236 2631 1298 2664 AF
1302 2631 1364 2663 le

372 2715 373 2718 ,
414 2682 470 2716 68.
494 2682 550 2714 76.
579 2677 619 2716 δ’
630 2681 642 2723 ]
670 2679 710 2715 δὲ
953 2677 1132 2723 δύνηται]
1159 2675 1313 2712 δυ’ναιτο
1339 2685 1458 2709 omnes
1650 2672 1708 2709 78.

321 2726 483 2764 ἐκέλευεν
510 2728 592 2772 ου’ν]
620 2725 757 2762 ἐκέλευε
781 2728 877 2770 γοῦν
901 2737 1020 2759 omnes
1204 2723 1261 2756 79.
1286 2719 1403 2758 αὐτόν
1427 2732 1496 2758 om.
1520 2722 1550 2756 L
1645 2762 1654 2774 ⁹
1684 2765 1694 2777 '

319 2774 379 2808 87.
403 2775 701 2830 Λακεδαιμονίου
725 2773 941 2818 Stephanus:
964 2770 1048 2807 libri
1072 2770 1354 2814 Λακεδαίμονος
1545 2766 1603 2803 91.
1632 2766 1706 2801 ολι-

320 2821 399 2866 γῳ]
426 2818 559 2866 ὀλίγων
582 2821 617 2854 Κ
