1820 3249
368 148 477 192 1374
719 146 845 192 LIB.
879 144 992 192 XIX.
1052 150 1182 193 CAP.
1210 155 1277 195 36.
1307 155 1372 197 37.

354 260 626 332 συμμαχίαν·
665 259 782 320 ὅπερ
806 261 1016 306 οὐδέποτε
1051 263 1254 337 γενέσθαι
1299 263 1459 320 συνέβη
1497 264 1608 307 κατὰ
1644 265 1722 322 τὴν

281 324 335 363 90
354 317 565 372 ’Ἡπειρον
602 317 684 389 ἀφ’
726 320 780 362 οὐ
822 319 1125 374 Νεοπτόλεμος
1167 325 1190 363 ὸ
1224 320 1441 390 Ἀχιλλέως
1478 320 1726 375 ἐβασίλευσε

361 379 435 430 τῆς
464 391 627 430 χωρας·
659 374 724 418 ἀεὶ
752 375 834 431 γὰρ
863 381 963 427 παῖς
992 377 1110 431 παρὰ
1138 379 1300 430 πατρὸς
1330 377 1629 433 διαδεχόμενος
1647 378 1726 433 τὴν

361 434 618 474 δυναστείαν
646 432 940 503 ἐναπέθνησκε
968 438 1060 484 ταῖς
1089 437 1320 489 βασιλείαις
1339 435 1459 504 μέχρι
1483 437 1617 477 τῶνδε
1637 440 1801 476 tc5v3÷6

359 492 537 542 καιρῶν.
583 488 876 561 Κασσάνδρου
907 490 951 532 δὲ
981 490 1309 561 παραλαβόντος
1337 495 1415 546 την
1432 489 1645 543 Ήπειρον
1672 496 1725 546 τῆ

362 546 602 601 συμμαχίᾳ,
631 545 704 589 καὶ
735 547 981 603 πέμψαντος
1011 548 1069 595 εἰς
1099 546 1233 603 αὐτην
1262 547 1517 603 ἐπιμελητην
1548 547 1635 601 ἅμα
1653 550 1726 590 καὶ.

275 602 328 644 95
362 603 601 678 στρατηγὸν
630 605 946 654 Λυκίσκον,οῖ
974 601 1188 657 πρότερον
1216 605 1323 646 κατὰ
1355 607 1638 672 Μακεδονίαν
1669 607 1726 646 δι-

360 657 583 710 στάζοντες
622 660 718 712 περὶ
741 677 834 730 της
870 662 1112 714 συμμαχίας
1150 658 1396 714 ἀπήλπισαν
1432 660 1510 716 μὲν
1544 660 1597 703 τά
1628 659 1726 703 κατ’

355 713 624 785 Ὀλυμπιάδα
664 715 915 771 πράγματα,
954 719 1013 757 τῶ
1054 715 1099 757 δὲ
1137 716 1410 784 Κασσάνδρῳ
1447 717 1725 770 προςέθεντο.

356 775 457 825 μιᾶς
496 770 537 814 δ’
571 772 704 842 οὔσης
742 773 860 839 αὕτη
891 761 1097 827 βοηθείας
1131 789 1206 825 της
1235 772 1355 825 παρὰ
1397 773 1729 841 Πολυσπέρχον-

248 835 327 874 100
358 844 452 878 τος,
483 828 644 883 συνέβη
679 829 752 871 καὶ
780 827 941 882 ταύτην
970 831 1252 884 συντριβηναι
1281 828 1547 897 παραδόξως.
1591 830 1614 873 ὁ
1644 831 1726 884 γάρ

356 883 442 927 υπό
484 885 777 937 Κασσάιδροι
819 885 1035 940 πεμφθεὶς
1083 885 1324 940 στρατηγός
1364 884 1538 935 Κάλλας
1582 885 1728 940 ἐπειδὴ

356 941 541 994 πλησίον
580 942 813 995 γενόμενος
849 946 929 984 τοῦ
969 942 1355 996 Πολυσπέρχοντος
1396 941 1728 1013 κατεστρατοπέ-

358 1000 508 1040 δευσεν
555 997 601 1039 ’έν
646 1002 699 1053 τῆ
740 997 1010 1052 Περραιβίᾳ,
1061 998 1283 1067 διέφθειρε
1327 1001 1416 1041 τῶν
1452 996 1544 1051 μετ’
1589 997 1729 1041 αὐτοῦ

360 1057 635 1106 στρατιωτῶν
665 1054 766 1104 τούς
794 1056 1017 1104 πλείστους
1046 1052 1271 1109 χρήμασιν,
1303 1055 1404 1105 ω’ςτε
1429 1054 1610 1113 ολίγους
1625 1055 1729 1104 τοῖς

302 1113 329 1155 5
359 1109 545 1164 μάλιστα
585 1111 764 1161 πιστούς
800 1109 1133 1178 ἀπολειφθῆναι.
1191 1112 1236 1153 αἱ
1273 1111 1352 1166 μὲν
1390 1114 1472 1154 οὐν
1495 1108 1729 1165 Ὀλυμπιά-

360 1169 436 1217 δος
475 1166 637 1216 ἐλπίδες
677 1168 723 1210 ἐν
764 1166 893 1223 ὀλίγῳ
931 1166 1076 1223 χρόνῳ
1114 1170 1274 1210 τοῦτον
1314 1167 1392 1210 τόν
1427 1168 1600 1223 τρόπον
1638 1168 1729 1210 ἐτα-

358 1222 647 1278 πεινώθησαν.

271 1286 329 1325 37
471 1280 595 1322 Κατὰ
623 1280 669 1322 δὲ
697 1278 779 1335 τήν
804 1277 952 1321 Ἀσίαν
974 1278 1215 1334 Ἀντίγονος
1234 1279 1312 1348 μὲν
1339 1278 1549 1349 χειμάζων
1578 1278 1625 1322 ἐν
1647 1283 1729 1322 Γα-

360 1335 598 1390 δαμάρλοις
618 1339 694 1391 τῆς
711 1337 900 1392 Μηδίας,
930 1335 1004 1377 καὶ
1026 1339 1210 1389 θεωρῶν
1240 1334 1322 1390 τήν
1351 1335 1510 1378 εαυτοῦ
1541 1335 1730 1406 δύναμιν

274 1401 328 1440 10
359 1392 677 1465 ἀσθενεστέραν
705 1394 844 1434 οὐσαν
883 1395 958 1447 τῆς
986 1395 1074 1434 τῶν
1103 1393 1341 1446 πολεμίων,
1372 1392 1578 1435 ἔσπευδεν
1609 1391 1730 1436 ἀνελ-

356 1452 517 1499 πίστως
548 1448 698 1499 αυτοῖς
727 1447 958 1491 ἐπιθέσθαι
987 1449 1061 1491 καὶ
1089 1452 1501 1503 καταστρατηγῆσαι.
1559 1448 1731 1504 ετύγχα-

355 1522 437 1549 νον
475 1505 519 1548 6’
544 1509 682 1549 οῦτοι
718 1521 798 1560 την
815 1506 1074 1575 χειμασίαν
1098 1505 1263 1576 ἔχοντες
1303 1505 1351 1547 έν
1379 1509 1556 1555 πολλοῖς
1584 1505 1731 1560 μέρεσι

356 1562 680 1632 διεζευγμένην,
722 1560 824 1612 ὥςτ’
863 1561 1009 1611 ένίους
1050 1559 1126 1604 ἀπ
1168 1560 1368 1616 οἷλληλων
1406 1559 1576 1629 ἀπέχειν
1623 1561 1731 1605 ὁδόν

354 1618 533 1675 ημερώυ
562 1618 616 1670 ἕξ
663 1617 712 1661 τὸ
743 1634 822 1673 μεν
852 1619 934 1661 οὐν
963 1618 1035 1661 διὰ
1063 1622 1137 1673 τῆς
1166 1617 1438 1679 οἰκουμένης
1448 1618 1590 1673 χώρας
1620 1617 1732 1662 ὁδοι-

274 1682 327 1723 15
355 1681 510 1729 πορεῖν
548 1674 837 1728 απεδοκίμασε
877 1673 949 1717 δια
986 1673 1036 1717 τὸ
1075 1676 1148 1717 καὶ
1187 1675 1362 1729 μακράν
1398 1679 1510 1717 εἰναι
1538 1675 1610 1718 καὶ
1639 1679 1732 1726 τοῖς

356 1734 580 1802 πολεμίοις
610 1729 916 1800 ευθειόρητον·
960 1730 1011 1774 τὸ
1051 1731 1098 1774 δὲ
1125 1735 1334 1800 τολμῆσαι
1365 1730 1438 1774 δια
1464 1735 1540 1786 τῆς
1567 1731 1731 1787 ἐρήμου

358 1790 432 1833 καὶ
462 1787 661 1843 ἀνύδρου
690 1788 899 1842 προάγειν
924 1786 1134 1830 ἐπίπονον
1158 1787 1236 1855 μὲν
1265 1788 1452 1858 ε’κρινεν,
1488 1789 1547 1837 εἰς
1577 1788 1623 1831 δὲ
1651 1804 1732 1855 την

359 1845 706 1915 βεβουλευμένην
742 1844 959 1902 ἐπιβολήν
978 1843 1316 1899 χρησιμώτατον.
1377 1861 1432 1887 ου
1467 1843 1608 1898 μόνον
1645 1848 1729 1900 γὰρ

360 1902 433 1946 δια
470 1900 630 1971 ταύτης
671 1901 896 1955 συντόμως
931 1916 988 1956 ην
1017 1901 1183 1952 ἐλθεῖν,
1221 1900 1327 1944 ἀλλά
1357 1901 1429 1944 καὶ
1458 1900 1617 1971 ῥαδίῳς
1646 1905 1730 1944 λα-

276 1967 331 2007 20
360 1964 459 2003 θεῖν
506 1956 841 2012 ἀπροςδοκήτως
879 1956 1136 2000 ἐπιπεσόντα
1175 1963 1266 2008 τοῖς
1304 1957 1377 2001 δια
1415 1956 1496 2012 τήν
1546 1957 1731 2012 ἄγνοιαν

359 2014 674 2070 διερριμμένοις
713 2015 823 2056 κατα
870 2013 1027 2069 κώμας
1056 2013 1129 2056 καὶ
1170 2014 1438 2083 ῥαθυμοῦσι.
1503 2018 1642 2056 ταῦτα
1682 2013 1729 2056 δὲ

360 2072 631 2145 διανοηθείς,
672 2074 762 2119 τοῖς
793 2069 872 2124 μὲν
899 2069 1178 2124 στρατιώταις
1216 2069 1501 2138 παρήγγειλεν
1528 2069 1730 2141 ετοίμους

360 2134 473 2172 εἰναι
512 2127 624 2180 πρὸς
671 2124 895 2196 ἀνάζευξιν
935 2126 1009 2169 καὶ
1045 2127 1461 2180 παρασκευάσασθαι
1507 2125 1596 2197 δέχ’
1634 2125 1732 2182 ἠμε-

361 2189 451 2242 ρῶν
481 2183 630 2239 α’πυρα
658 2184 795 2226 σιτία·
833 2179 966 2235 αὐτὸς
985 2183 1032 2227 δὲ
1055 2182 1235 2235 διαδούς
1261 2182 1395 2239 λόγον
1415 2181 1484 2226 επ’
1511 2181 1732 2239 ''Amamas-

360 2356 417 2392 88.
454 2354 633 2436 ἕενέσθαι
656 2354 810 2403 συνέβη]
848 2353 982 2402 συνέβη
1015 2353 1188 2401 γενέσθαι
1215 2353 1322 2387 Fvw
1521 2353 1580 2388 98.
1626 2353 1729 2397 παρὰ

360 2415 430 2437 om.

448 2470 641 2506 346.100.
689 2467 789 2515 υπὸ]
826 2467 899 2505 ἀπὸ
923 2471 1007 2504 Bas.
1187 2467 1222 2502 3.
1269 2467 1481 2511 πλείστους]
1515 2468 1661 2509 πλείους
1683 2469 1729 2501 W

541 2517 575 2551 6.
621 2518 758 2552 τοῦτον
792 2514 858 2552 τὸν
890 2516 1030 2561 τρόπον
1052 2518 1131 2559 post
1154 2511 1293 2554 ελπίδες
1316 2515 1414 2558 ponit
1437 2514 1468 2548 F
1694 2516 1729 2550 8.

383 2562 458 2597 αδα

358 2575 381 2608 2¹
409 2607 613 2652 ταμάρλαις
636 2607 686 2651 F,
713 2605 819 2643 Γαδά
824 2610 922 2652 ρλοις
945 2607 1076 2650 va,
1100 2605 1229 2640 caetori
1254 2603 1492 2664 Γαδαμάλοις
1673 2605 1728 2638 11.

361 2654 581 2713 χειμασίαν]
606 2655 814 2699 συμμαχίαν
824 2621 976 2696 ⁹1⁴·va
1157 2652 1214 2686 23.
1262 2650 1363 2696 δέχ’]
1386 2649 1427 2693 εξ
1451 2649 1491 2686 δ’
1514 2651 1601 2693 VW,
1621 2648 1662 2692 ἐξ
1687 2649 1727 2683 δ’

363 2701 381 2735 ἐ
405 2699 495 2744 ἔχειν
519 2701 549 2733 F
732 2699 791 2735 24.
839 2697 972 2743 αὐτὸς]
999 2710 1110 2738 ουτος
1131 2698 1162 2731 F
1347 2696 1522 2741 διαδους]
1549 2698 1728 2741 legebatur

365 2747 476 2789 6069:
501 2746 593 2780 conf.
618 2746 661 2780 ad
684 2746 755 2780 vol.
780 2746 808 2779 1.
836 2745 975 2790 μΙθῑ
999 2745 1056 2780 96.
1080 2744 1148 2779 vol.
1171 2744 1212 2777 Il,
1235 2754 1268 2788 p.
1291 2742 1636 2788 379.31.239813.

456 2791 590 2839 λόγον]
615 2790 746 2837 λόγους
768 2757 870 2826 pr
