1820 3249
308 157 393 198 992
686 156 929 200 L·1ss.xv.
988 159 1120 202 cAP
1151 165 1217 204 48
1233 146 1312 204 2216

307 267 383 311 καὶ
412 266 660 320 δόξαντεςῖ
629 269 953 326 εκπεφευγέναι
981 273 1072 329 τὸν
1078 260 1299 319 κίνδυνον
1315 274 1504 345 μείζονι
1516 276 1590 318 καὶ
1619 291 1698 320 πα·

307 326 574 384 ραδοξοτέρα
603 332 812 399 συμφορᾷ
840 326 1109 382 περιέπεσον.
1159 335 1241 401 τῆς
1266 330 1354 394 γάρ
1383 330 1610 403 θαλάττης
1630 351 1698 389 με-

305 385 614 453 τεωρισθείσης
643 384 712 427 ἐπὶ
742 384 854 428 πολύ
885 386 958 429 καὶ
987 387 1183 442 κύματος
1204 386 1397 460 ὑψηλοῦ,
1414 389 1702 443 ἐξαιρομὲνου-

219 443 276 482 60
307 440 668 509 κατεκλύσθησαν
696 440 882 492 ἅπαντες
913 441 996 485 σὺν
1024 449 1119 492 ταῖς
1146 445 1352 497 πατρίσιν
1371 443 1698 500 ἀφανισθέντες

305 494 471 548 ἐγένετο
505 498 550 540 δὲ
579 501 710 540 τοῦτο
740 497 789 540 τό
820 497 964 550 πάθος
993 503 1069 559 τῆς
1099 499 1269 570 Ἀχαίας
1297 501 1394 553 περὶ
1425 501 1507 545 δύο
1537 503 1697 555 πόλεις,

298 549 470 622 Ἑλίκην
518 570 563 597 τε
612 555 686 597 καὶ
735 558 938 610 Βοῦραν,
995 559 1059 599 ὠν
1089 557 1198 612 τήν
1243 555 1416 612 Ελίκην
1467 557 1698 629 συνέβαινε

301 609 505 664 μέγιστον
543 615 632 654 τῶν
682 611 793 654 κατὰ
840 613 922 668 τήν
952 611 1130 669 ’Λχαῖαν
1160 613 1337 656 πόλεων
1377 614 1487 682 ξ’χειν
1531 614 1697 671 ἀξίωμα

216 664 270 707 65
301 667 388 737 πρό
428 671 511 710 τοῦ
550 672 742 723 σεισμοῦ.
801 671 897 722 περὶ
939 670 985 712 δὲ
1025 673 1113 713 τῶν
1152 670 1480 726 συμπτωμάτων
1511 672 1696 741 μεγάλης

299 723 436 779 οὔσης
492 724 738 793 ζητήσεως,
781 728 825 768 οῖ
871 724 950 780 μὲν
991 728 1190 800 φυσικοὶ,
1211 732 1457 797 πειρῶνται
1503 729 1579 780 τὰς
1622 730 1695 773 αἰ-

297 782 392 831 τίας
427 785 515 824 τῶν
565 780 780 824 τοιούτων
820 786 980 826 παθῶν
1022 782 1106 827 οὐκ
1153 785 1214 834 εἰς
1255 784 1304 828 τό
1356 790 1484 828 θεῖον
1523 783 1695 842 ἀναφέ-

300 853 396 892 ρειν
437 836 534 880 ἀλλ’
568 840 628 889 εἰς
659 838 852 908 φυσικάς
892 857 1014 891 τινας
1055 841 1127 883 καὶ
1170 843 1583 897 κατηναγκασμένας
1623 854 1694 887 πε-

299 893 539 946 ριστάσεις·
573 898 615 938 οἰ
646 894 691 938 δ’
723 893 911 951 εὐσεβῶς
942 899 1206 954 διακείμενοι
1237 898 1352 952 πρὸς
1381 898 1430 942 τὸ
1460 905 1587 942 θεῖον
1616 916 1694 944 πι-

212 958 269 998 70
298 953 443 1003 θανάς
471 969 593 1003 τινας
632 954 786 1003 αἰτίας
803 953 1064 998 ἀποδιδοῦσι
1094 959 1177 997 τοῦ
1212 956 1482 1010 συμβάντος,
1524 955 1584 1007 ῶς
1619 956 1691 1001 δια

297 1013 416 1051 θεῶν
445 1014 576 1064 μῆνιν
603 1011 889 1071 γεγενηιιένης
917 1015 994 1066 τῆς
1025 1015 1259 1067 συμφορᾶς
1285 1017 1376 1082 τοῖς
1408 1015 1466 1064 εις
1493 1012 1542 1056 τό
1563 1019 1705 1057 θεῖον

299 1063 563 1121 ἀσεβήσασι·
604 1068 702 1119 περὶ
734 1071 797 1112 ῶν
832 1069 905 1111 καὶ
935 1069 1068 1124 ημεῖς
1089 1068 1283 1124 ἀκριβῶς
1314 1068 1565 1141 ἀναγράψαι
1593 1087 1690 1114 πει-

210 1128 267 1165 49
297 1123 524 1177 ρασόμεθα
562 1123 609 1166 ἐν
636 1127 697 1179 τῇ
729 1125 839 1169 κατά
868 1123 999 1180 μέρος
1030 1128 1213 1182 ἱστορία.
1243 1144 1247 1148 ’
1274 1126 1384 1169 κατά
1415 1143 1495 1191 την
1519 1126 1691 1170 Ἰωνίαν

208 1182 264 1223 75
296 1179 422 1222 ἐννέα
459 1178 608 1231 πόλεις
645 1180 878 1226 εἰώθεισαν
917 1182 1075 1238 κοινήν
1115 1187 1349 1236 ποιεῖσθαι
1377 1183 1569 1226 σύνοδον
1608 1201 1691 1253 την

293 1240 385 1280 τῶν
417 1239 693 1291 Πανιωνίων,
724 1241 796 1283 καὶ
826 1241 984 1290 θυσίας
1013 1240 1227 1283 συνθύειν
1256 1237 1437 1295 ἀρχαίας
1466 1241 1540 1284 καὶ
1563 1240 1690 1296 μεγά-
1698 1297 1700 1299 ‚

293 1298 374 1345 λας
403 1297 651 1338 Ποσειδωνι
680 1298 776 1353 περὶ
810 1297 888 1352 τὴν
914 1296 1241 1353 ὀνομαζομένην
1271 1296 1490 1352 Μυκάλην
1519 1297 1566 1340 ἐν
1596 1297 1696 1354 έρή-·

294 1368 372 1421 μῳ
392 1350 524 1422 τόπῳ
565 1351 751 1407 ὕστερον
782 1354 826 1397 δὲ
852 1354 1054 1410 πολέμων
1081 1354 1336 1424 γενομένων
1369 1354 1467 1409 περὶ
1497 1353 1689 1405 τούτους

292 1407 399 1460 τοῦς
428 1408 593 1459 τόπους
623 1408 676 1452 οὐ
697 1395 967 1464 δυνάμενοι
980 1417 1123 1454 ποιεῖν
1152 1411 1206 1453 τά
1240 1410 1482 1468 Πανιώνια,
1518 1412 1687 1465 μετέθε-

208 1472 263 1512 80
296 1474 380 1509 σαν
394 1467 487 1536 τὴν
526 1465 775 1522 πανήγυριν
817 1469 874 1518 εἷς
916 1466 1092 1536 ἀσφαλῆ
1121 1467 1282 1516 τόπον
1322 1467 1372 1517 ὂς
1409 1469 1465 1523 ἠν
1503 1468 1689 1538 πλησίον

289 1527 366 1578 τῆς
394 1520 592 1592 Ἐφέσου.
641 1524 896 1594 πέμψαντες
928 1523 973 1567 δὲ
1001 1526 1205 1578 θεωρούς
1243 1527 1436 1568 Πυθῶδε
1463 1523 1686 1597 χρησμοῦς

289 1580 451 1636 ε’λαβον
489 1579 773 1651 ἀφιδρύματα
810 1585 961 1636 λαβεῖν
999 1579 1085 1624 ἀπὸ
1117 1585 1206 1624 τῶν
1235 1579 1429 1637 ἀρχαίων
1468 1583 1540 1624 ’καὶ
1570 1598 1685 1636 προ-

287 1641 481 1689 γονικῶν
522 1635 673 1689 αὐτοῖς
711 1642 874 1695 βωμῶν
913 1638 956 1689 ἐξ
989 1636 1158 1694 Ελίκης
1197 1642 1272 1693 τῆς
1313 1638 1360 1681 ἐν
1389 1642 1450 1696 τῷ
1479 1637 1574 1681 τότε
1605 1639 1684 1692 μὲν

204 1698 258 1740 85
284 1692 452 1744 Ἰωνίας
480 1698 567 1737 νῦν
598 1696 643 1738 δὲ
677 1695 848 1750 Ἀχαΐας
879 1696 1164 1766 καλουμένης
1224 1696 1268 1737 οἱ
1309 1694 1388 1750 μὲν
1429 1696 1511 1737 οὐν
1535 1695 1685 1746 ’Ἰωνες

288 1751 400 1795 κατά
430 1749 508 1794 τὸν
536 1752 731 1808 χρησμόν
756 1753 952 1821 ἔπεμψαν
981 1754 1040 1803 εἰς
1065 1749 1243 1807 Ἀχαίαν
1270 1767 1375 1802 τους
1404 1753 1684 1808 ληψομένους

288 1808 342 1852 τά
383 1805 681 1863 ἀριδρύματα·
722 1811 847 1852 οὑτοι
879 1808 925 1851 δὲ
963 1808 1093 1878 πρὸς
1101 1809 1150 1852 τὸ
1181 1808 1336 1852 κοινόν
1379 1812 1469 1852 τῶν
1496 1808 1682 1864 Ἀχαιῶν

290 1864 586 1920 διαλεχθέντες
622 1866 796 1909 ἔπεισαν
827 1864 1001 1909 διδόναι
1041 1864 1093 1908 τά
1135 1865 1392 1934 ἀξιούμενα
1444 1866 1489 1909 οἱ
1525 1866 1571 1909 δε
1598 1882 1680 1925 την

281 1921 456 1977 Ἑλίκην
487 1923 735 1975 οἰκοῦντες,
749 1923 934 1994 ἔχοντες
965 1922 1154 1966 παλαιὸν
1183 1922 1336 1978 λόγιον
1366 1921 1433 1965 ὅτι
1461 1922 1558 1966 τότε
1586 1939 1680 1966 κιν-

201 1978 256 2018 90
289 1981 607 2023 δυνεύσουσιν
615 1980 722 2023 ὅταν
749 1978 895 2030 Ἴωνες
925 1979 995 2023 επὶ
1035 1983 1116 2022 τοῦ
1158 1982 1311 2036 βωμοῦ
1347 1983 1428 2022 τοῦ
1458 1982 1679 2023 Ποσειδῶ-

286 2054 365 2088 νος
400 2036 620 2088 θύσωσιν,
668 2035 1040 2106 ἀναλογιζόμενοι
1071 2035 1150 2079 τόν
1191 2034 1404 2092 χρησμόν,
1448 2034 1678 2106 ἀντέλεγον

285 2100 377 2145 τοῖς
395 2092 517 2136 Ἰωσι
546 2093 644 2146 περὶ
683 2098 773 2136 τῶν
813 2092 1152 2163 ἀφιδρυμάτων,
1190 2087 1384 2164 λέγονιές
1423 2092 1482 2149 μὴ
1522 2092 1678 2137 κοινὸν

282 2156 373 2194 τῶν
398 2150 581 2206 Ἀχαιῶν
612 2148 710 2194 ἀλλ’
733 2152 866 2194 ι’διον
905 2149 1053 2194 αὐτῶν
1084 2155 1195 2194 εἰναι
1228 2149 1277 2193 τὸ
1307 2149 1508 2204 τέμενος·
1547 2150 1677 2194 συνέ-

282 2224 478 2262 πραττον
508 2207 554 2250 δὲ
593 2207 768 2258 τούτοις
800 2207 875 2250 καὶ
910 2225 953 2251 οι
981 2207 1060 2264 τήν
1088 2210 1271 2260 Βοῦραν
1300 2207 1536 2257 οἰκοῦντες.
1586 2211 1676 2251 τῶν

197 2259 251 2301 95
283 2266 329 2309 δὲ
354 2264 540 2336 Ἀχαιῶν
568 2268 704 2323 κοινῷ
728 2263 910 2321 δόγματι
938 2264 1330 2320 συγχωρησάντων,
1360 2265 1404 2306 οἰ
1407 2280 1508 2334 μεν
1524 2262 1675 2315 Ἴωνες

279 2323 447 2366 ε’θυσαν
475 2321 544 2364 ἐπὶ
573 2326 654 2365 τοῦ
686 2325 839 2377 βωμοῦ
877 2325 958 2366 τοῦ
990 2323 1271 2371 Ποσειδῶνος
1307 2319 1419 2363 κατά
1460 2319 1538 2364 τόν
1572 2337 1676 2392 χρη-
1704 2325 1748 2364 41

279 2379 417 2434 σαόν,
451 2380 495 2421 οἱ
525 2376 568 2421 δ’
601 2378 784 2429 Ἑλικεῖς
809 2378 862 2422 τὰ
891 2376 1088 2435 χρήματα
1119 2378 1421 2448 διαρρίψαντες
1450 2381 1539 2420 τῶν
1572 2376 1672 2420 ’Ito'—

278 2452 370 2479 νων
406 2434 512 2485 τούς
551 2451 596 2478 τε
613 2435 834 2493 θεωρούς
872 2436 1158 2505 συνήρπασαν
1196 2433 1416 2490 ήσέβησάν
1455 2450 1500 2477 τε
1530 2434 1590 2485 εἰς
1618 2434 1667 2477 τὸ

278 2498 420 2538 θεῖον.
461 2489 568 2535 ἀνθ’
598 2494 658 2536 ὡν
692 2504 802 2549 φασι
830 2495 1074 2550 μηνίσαντα
1102 2492 1180 2536 τόν
1203 2493 1462 2535 Ποσειδῶνα
1493 2489 1565 2534 δια
1586 2494 1670 2535 τοῦ

370 2629 427 2663 40.
451 2628 509 2663 58.
536 2627 750 2683 θαλάττης]
775 2626 968 2675 θαλάσσης
990 2639 1109 2664 omnes
1293 2628 1350 2664 62.
1377 2626 1475 2672 περὶ]
1502 2625 1566 2662 ἐπὶ
1590 2628 1620 2663 Ia

278 2677 336 2711 63.
358 2673 517 2720 Ελίκην]
541 2676 625 2708 libri
653 2672 796 2721 Ἑλίκην
820 2689 857 2711 τε
1045 2675 1104 2710 72.
1132 2672 1172 2710 ἐν
1195 2674 1241 2721 τῇ
1264 2675 1306 2720 A,
1330 2674 1460 2710 caeteri
1483 2674 1530 2719 τῇ

277 2724 334 2757 83.
359 2722 398 2758 ἐν
422 2725 472 2768 τῷ
498 2721 663 2755 asterisco
687 2723 819 2756 notavit
844 2722 1043 2765 Stephanus

368 2770 426 2803 41.
447 2770 502 2804 97.
529 2766 720 2812 χρήματα]
746 2769 967 2804 scribendum
991 2767 1126 2803 videtur
1148 2764 1309 2812 θύματοό
1470 2765 1528 2803 99.
1552 2763 1661 2813 φασι]

278 2827 372 2862 φησι
394 2817 477 2859 ΑΚ,
502 2827 571 2851 om.
595 2815 625 2849 F
1300 2827 1306 2843 ι
