1820 3249
491 109 602 149 LlB.
634 106 762 148 XV11.
823 106 955 148 CAP.
989 108 1053 148 43.
1083 108 1150 148 49.
1401 104 1512 150 1181

143 220 350 292 Ἀμύντας
390 218 486 265 δ’ὁ
516 220 672 276 φυγών
699 219 746 264 ἐκ
770 220 1052 272 Μακεδονίας
1079 220 1151 264 καὶ
1181 219 1291 276 πρὸς
1321 223 1513 275 Δαρεῖον

145 277 314 336 ἀναβάς
350 278 674 350 συνηγωνίσατο
712 278 790 348 μὲν
822 282 912 328 τοῖς
944 277 1132 331 Πέρσαις
1161 278 1208 321 ἐν
1240 294 1292 333 τη
1317 280 1512 346 Κιλικίᾳ,

144 335 376 386 διασωθεὶς
414 334 457 378 6'
498 333 545 377 ἐκ
571 338 661 402 τῆς
702 334 750 377 έν
777 331 898 388 Ἰσσῷ
926 335 1203 387 παρατάξεως
1230 332 1333 389 μετὰ
1361 350 1512 387 τετρα-

142 393 356 447 κιςχιλίων
383 388 695 446 μισθοφόρων,
726 390 797 433 καὶ
826 389 910 442 πρὸ
939 395 1013 445 τῆς
1039 391 1322 443 Ἀλεξάνδρου
1351 406 1512 443 παρου-

143 450 240 499 σίας
277 447 484 497 διανύσας
523 448 583 497 εἰς
617 447 826 500 Τρίπολιν
861 463 937 513 της
967 449 1199 503 Φοινίκης,
1245 445 1434 498 ἐπέλεξεν
1465 446 1510 488 ἐκ
1540 452 1594 492 50

143 508 222 547 τοῦ
258 503 421 555 παντός
458 502 616 546 στόλου
655 502 732 554 τὰς
771 502 992 573 α’ρκούσας
1028 508 1137 554 ναῦς
1176 505 1235 554 εἰς
1263 503 1340 547 τὸν
1370 506 1511 545 πλοῦν

141 565 231 611 τοῖς
260 562 386 610 ἰδίοις
413 558 708 613 στρατιώταις,
733 559 809 610 τὰς
839 558 882 603 6'
905 559 1037 610 ἄλλας
1057 560 1275 628 ἐνέπρησε.
1314 558 1513 602 διαπλεύ-

145 630 224 687 σας
255 615 296 660 δ’
329 619 388 668 είς
415 615 496 671 τήν
525 614 734 670 Κύπρον,
764 616 839 659 καὶ
867 616 1217 672 προςλαβόμενος
1249 615 1513 667 στρατιώτας

69 680 132 715 197
145 674 218 716 καὶ
246 676 366 725 ναῦς,
401 674 647 717 διέπλευσεν
676 675 736 723 εἰς
762 690 811 716 το
846 673 1111 727 Πηλούσιον.
1170 677 1244 743 τῆς
1274 673 1319 715 δὲ
1349 673 1514 721 πόλεως
1542 680 1597 721 55

142 730 350 800 ἐγκρατής
376 728 607 799 γενόμενος
635 727 877 785 ἀπέφαινεν
910 729 1067 773 ἑαυτὸν
1096 728 1182 773 ὑπὸ
1208 731 1404 782 Δαρείου
1433 732 1514 771 τοῦ

142 785 350 842 βασιλέως
390 784 654 831 ἀπεστάλθαι
692 785 932 841 στρατηγὸν
969 786 1041 829 διά
1085 786 1135 830 τὸ
1164 786 1241 830 τὸν
1269 784 1515 841 ἡγούμενον

143 847 220 899 τῆς
260 841 487 898 Αἰγύπτου
524 842 749 911 σατράπην
783 841 1187 897 συναγωνιζόμενον
1217 843 1263 886 έν
1288 843 1409 900 Ἰσσῷ
1437 857 1514 896 της

144 901 345 950 Κιλικίας
383 899 661 943 πεπτωκέναι.
720 897 993 950 αναπλεύσας
1032 898 1077 942 δ’
1120 901 1179 950 εἰς
1207 889 1416 955 Μέμφιν,
1461 897 1514 940 τὸ

145 958 223 1010 μὲν
242 960 416 1011 πρῶτον
431 958 517 1024 πρὸ
534 960 608 1011 τῆς
629 956 792 1006 πόλεως
809 955 1181 1025 παραταξάμενος
1181 961 1272 1007 τοῖς
1295 956 1513 1011 ἐγχωρίοις
1542 965 1596 1004 60

143 1013 330 1067 ἐνίκησε·
370 1012 474 1066 μετά
515 1012 561 1055 δε
591 1016 726 1055 ταῦτα
755 1012 867 1065 πρὸς
896 1012 1094 1081 ἁρπαγὴν
1122 1016 1211 1055 τῶν
1240 1016 1515 1066 στρατιωτῶν

143 1068 394 1123 τραπέντων
422 1068 723 1120 ἐπεξελθόντες
748 1085 789 1111 οι
817 1069 871 1111 ἐκ
891 1073 991 1123 τῆς
996 1069 1161 1138 πόλεως
1191 1069 1392 1112 ἐπεθευτο
1422 1073 1516 1118 τοῖς

145 1124 339 1176 ἀτάκτως
375 1125 662 1179 διαρπάζουσι
697 1124 772 1175 τὰς
814 1125 882 1168 έπὶ
896 1129 1016 1195 τῆς
1034 1124 1176 1196 χώρας
1204 1125 1410 1195 κτήσεις,
1439 1125 1514 1168 καὶ

141 1182 219 1226 τόν
247 1198 291 1226 τε
316 1181 528 1251 Ἀμύνταν
556 1180 809 1225 ἀπέκτειναν
837 1181 910 1225 καὶ
937 1198 1042 1251 τους
1069 1181 1162 1236 μετ’
1188 1180 1324 1225 αὐτοῦ
1348 1180 1515 1232 πάντας
1544 1187 1598 1229 65

144 1239 311 1310 α’ρδην
319 1237 502 1282 άνεῖλον.
568 1237 778 1310 Ἀμύντας
818 1238 896 1292 μὲν
916 1241 1018 1297 9612
1055 1238 1259 1307 μεγάλαις
1297 1239 1516 1311 ἐπιβολαῖς

145 1292 403 1365 ἐγχειρήσας,
431 1295 506 1338 καὶ
533 1293 642 1365 παρ’
675 1295 824 1338 ἐλπίδα
854 1293 1053 1349 σφαλείς,
1084 1299 1288 1338 τοιοῦτον
1317 1297 1408 1365 ἔσχε
1433 1298 1515 1338 τοῦ

146 1355 247 1408 βίου
275 1351 324 1395 τὸ
350 1350 485 1402 τέλος.
545 1349 704 1405 ὁμοίως
734 1351 779 1394 65
807 1351 947 1421 τούτῳ
978 1352 1051 1395 καὶ
1081 1356 1169 1395 τῶν
1198 1351 1340 1395 α’λλων
1360 1350 1517 1422 ἡγεμό-

145 1425 238 1452 νων
272 1408 345 1451 καὶ
384 1412 635 1462 στρατηγων
677 1425 791 1474 τινες
829 1407 875 1450 ἐκ
912 1411 986 1463 τῆς
1021 1408 1069 1451 έν
1094 1407 1216 1466 Ἰσσῷ
1243 1408 1381 1465 μάχης
1409 1424 1516 1463 μετα

144 1469 415 1519 στρατιωτῶν
444 1465 730 1515 διασωθέντες
759 1463 1006 1520 ἀντείχοντο
1037 1468 1124 1508 τῶν
1146 1469 1375 1518 Περσικῶν
1405 1466 1515 1508 έλπί·
1545 1473 1602 1512 70

147 1524 249 1566 δων.
308 1523 353 1564 οἱ
389 1521 468 1577 μὲν
506 1521 590 1589 γὰρ
630 1519 776 1572 πολεις
806 1521 1056 1574 ἐπικαίρους
1084 1520 1518 1593 καταλαμβανόμενοι

147 1577 440 1634 διεφύλαττον
460 1576 620 1628 ταύτας
648 1581 709 1649 τῷ
737 1579 1007 1645 Δαρείῳ,οἱ
1032 1575 1072 1620 δ’
1106 1579 1214 1648 ἔθνη
1242 1578 1519 1648 προςαγόμε-

145 1651 217 1678 νοι
241 1635 314 1678 καὶ
342 1634 546 1689 δυνάμεις
574 1635 672 1687 περὶ
703 1633 862 1684 αὐτοὺς
882 1623 1309 1688 κατασκευαζόμενοι
1338 1652 1414 1686 τας
1445 1633 1519 1689 ἁρ-

94 1713 97 1720 ·
145 1691 364 1760 μοζούσας
401 1692 544 1747 χρείας
581 1696 673 1741 τοῖς
710 1690 1012 1746 ὑποκειμένοις
1049 1697 1217 1744 καιροῖς
1246 1694 1517 1747 παρείχοντο.
1548 1697 1604 1739 75

149 1750 192 1791 οἱ
225 1748 270 1792 δὲ
307 1746 514 1802 σύνεδροι
552 1751 641 1790 τῶν
666 1746 882 1802 &Emrjvcov
923 1747 1192 1816 ἐψηφίσαντο
1223 1749 1388 1803 πέμιίαι
1416 1749 1523 1802 πρέ-

148 1807 264 1876 σβεις
309 1806 615 1848 πεντεκαίδεκα
656 1803 876 1875 στέφανον
916 1802 1130 1858 φέροντας
1167 1810 1361 1861 χρυσοῦν
1401 1805 1523 1857 παρὰ

147 1878 222 1917 της
244 1859 449 1911 Ελλάδος
479 1859 698 1914 αριστεῖον
721 1859 988 1931 Ἀλεξάνδρῳ
1015 1861 1087 1904 καὶ
1109 1861 1524 1918 συνησθησομένους

147 1922 201 1974 τῇ
229 1916 339 1962 κατὰ
368 1920 570 1961 Κιλικίαν
599 1919 714 1986 νίκῃ.
766 1916 1045 1972 Ἀλέξανδρος
1084 1919 1130 1962 65
1161 1919 1425 1973 στρατεύσας
1453 1919 1522 1962 ἐπὶ

150 1973 296 2028 Γάζαν
322 1973 660 2047 φρουρουμένην
692 1971 774 2017 ὑπὸ
807 1978 1015 2027 Περσῶν,
1045 1975 1117 2018 καὶ
1149 1977 1332 2032 δίμηνον
1361 1991 1520 2031 προςε-
1549 1980 1602 2020 80

149 2030 352 2102 69566693
378 2028 461 2074 εἷλε
489 2047 598 2075 κατα
633 2030 792 2084 κράτος
817 2031 899 2087 τὴν
927 2029 1072 2074 πόλιν.

260 2085 352 2130 Ἐπ’
384 2087 595 2158 α’ρχοντος
624 2086 667 2131 δ’
693 2059 923 2157 Ἀθηνησιν
953 2086 1295 2142 Ἀριστοφάνους
1311 2088 1358 2132 έν
1373 2087 1517 2145 Ριόμῃ
1547 2094 1603 2134 19
1640 2118 1647 2126 -

150 2143 478 2201 κατεστάθησαν
505 2144 668 2189 ὕπατοι
695 2143 924 2200 Σπούριος
964 2145 1241 2202 Ποστούμιος
1285 2147 1359 2190 καὶ
1400 2147 1527 2197 Τίτος

150 2312 206 2346 45.
256 2310 276 2348 ὁ
301 2315 431 2359 φυγών
454 2315 483 2349 L
506 2319 541 2350 et
563 2315 621 2359 qu}
648 2312 689 2350 6'
713 2316 755 2357 F,
781 2314 906 2349 caeteri
931 2312 1060 2359 φυγών
1235 2316 1294 2351 47.
1331 2314 1370 2352 ἐν
1393 2317 1439 2363 τῇ
1461 2318 1529 2352 Κι-

150 2360 250 2406 λικία
273 2371 341 2394 om
365 2362 448 2396 Bas.
585 2361 643 2396 48.
689 2363 998 2406 τετρακιςχιλιων]
1026 2363 1231 2408 τριςχιλίων
1254 2363 1322 2407 QX

243 2428 322 2463 1.97
355 2428 411 2463 59.
460 2426 716 2475 ἀναπλεύσας]
743 2427 968 2474 οἷνακάμψας
989 2430 1081 2473 FLQ
1249 2432 1306 2466 60.
1354 2443 1522 2476 παρατα-

152 2472 309 2517 ξάμενος
331 2476 408 2517 FL,
432 2476 719 2519 παρατάξασθαι
743 2478 802 2516 x,-
795 2477 942 2513 scaen-ri
967 2477 1284 2521 παραταξαμένοις
1442 2481 1523 2518 τοῖς

151 2519 338 2565 ε’,χωριόις
369 2500 532 2579 ἐιῆικησε]
575 2522 718 2568 ἐνίκησε
748 2535 835 2562 τους
859 2521 1054 2577 ἐγχωρίους
1080 2524 1111 2556 X
1306 2523 1362 2558 62.
1414 2523 1451 2559 oz
1483 2522 1521 2557 εἰι

153 2568 235 2600 Rei
233 2567 329 2600 kius:
355 2567 436 2600 luni
459 2566 497 2602 ἐκ
680 2569 736 2604 66.
784 2567 1012 2614 ἐγχειρήσας]
1038 2568 1238 2613 ἐγχειρίσας
1262 2571 1290 2604 L
1463 2571 1521 2603 67.

152 2611 304 2656 ἐλπίδα]
340 2611 489 2653 ἐλπίδας
512 2614 571 2648 FL
773 2616 818 2650 τό
843 2628 877 2649 τε
875 2616 966 2659 λος]
1001 2615 1103 2655 τέλος
1127 2617 1155 2649 F
1178 2617 1260 2653 Bam
1465 2616 1524 2650 72.

152 2659 308 2703 ταύτας]
335 2658 451 2700 αὐτὸς
475 2660 532 2693 FL
714 2660 772 2695 73.
820 2658 981 2706 αὐτους]
1014 2658 1152 2702 αὐτούς
1173 2662 1233 2696 M,
1413 2674 1525 2695 καττι-

152 2707 433 2750 σκευαζόμενοι]
469 2717 633 2749 παρασκε
635 2706 788 2751 υαζιμετ
794 2721 831 2742 οι
863 2709 892 2741 F
1076 2709 1133 2741 83.
1184 2707 1395 2753 Σπούριος]
1422 2706 1525 2743 Σπό-

152 2766 231 2798 ριος
256 2753 285 2786 F
469 2751 724 2798 Ποστούμιος]
750 2753 961 2798 Ποστίμιος
982 2754 1077 2789 FTY
1100 2755 1181 2789 Bas.
