1820 3249
247 58 355 97 1094
610 53 721 96 LIB.
764 53 872 96 XVI.
932 54 1060 98 cAP.
1090 57 1158 100 56.
1186 58 1254 101 57.

247 180 340 208 νων
376 164 671 221 μισθοφοράς.
740 166 818 218 τὰς
859 166 943 224 γὰρ
981 167 1260 220 ἀνατεθείσας
1298 166 1386 211 υπὸ
1428 168 1620 221 Κροίσου

250 224 329 265 τοῦ
371 223 531 266 Λυδῶν
570 221 777 279 βασιλέως
814 228 976 296 χρυσᾶς
1010 227 1247 278 πλίνθους,
1291 225 1426 275 οὔσας
1463 240 1620 268 εκατον
1636 235 1698 269 1⁶³6

253 278 328 322 καὶ
359 279 492 322 εἴκοσι
522 280 826 335 διταλάντους,
864 281 1102 334 κατέκοψεν
1130 284 1190 333 εἰς
1219 281 1438 351 νόμισμα,
1462 280 1622 336 φιάλας

256 335 302 378 δὲ
323 339 487 391 χρυσᾶς
506 339 758 408 τριακοσίας
781 338 853 381 καὶ
883 337 1088 407 ἑξήκοντα
1109 340 1338 394 διμναίους
1372 338 1444 382 καὶ
1471 339 1626 380 λέοντα

148 396 226 435 100
255 395 450 462 χρυσοῦν
479 394 553 436 καὶ
578 398 790 449 γυναῖκα,
819 394 1053 449 τριάκοντα
1081 396 1304 440 ταλάντων
1333 398 1497 451 χρυσοῦ
1529 404 1627 437 στα-

253 447 369 504 θμόν
411 448 609 520 ἀγόντων
646 454 734 494 τῶν
777 451 977 495 πάντων·
1032 451 1137 503 ω’ςτε
1174 451 1223 496 τὸ
1262 455 1350 497 πᾶν
1384 450 1627 495 κατακοπὲν

252 506 435 577 χρυσίον
474 507 533 557 εἰς
559 505 773 578 ἀργυρίου
801 507 936 564 λόγον
967 507 1252 566 ἀναγομένων
1280 513 1368 552 τῶν
1395 505 1626 576 χρημάτων

253 561 532 631 εὑρίσκεσθαι
560 564 746 609 τάλαντα
773 567 1095 620 τετρακιςχίλια,
1123 569 1210 608 τῶν
1234 566 1279 610 δὲ
1301 564 1510 634 ἀργυρῶν
1527 563 1628 606 ἀνα-

199 624 225 666 5
253 617 465 674 θημάτων
493 623 581 664 τῶν
610 637 656 665 τε
690 622 778 667 ὑπὸ
806 623 1003 675 Κροίσου
1032 623 1106 666 καὶ
1132 625 1222 665 τῶν
1251 621 1393 666 ἄλλων
1423 619 1629 665 ἁπάντων

254 675 554 720 ἀνατεθέντων
602 678 705 729 τούς
758 677 922 730 πάντας
972 677 1246 751 στρατηγούς
1287 676 1630 748 δεδαπανηκέναι

252 731 444 776 τάλαντα
472 735 603 778 πλείω
634 739 723 778 τῶν
755 735 1068 805 έξακιςχιλίων,
1100 735 1452 804 προςτιθεμένων
1482 734 1528 777 δὲ
1557 733 1630 777 καὶ

252 793 341 832 τῶν
369 794 545 846 χρυσῶν
574 789 869 848 ἀναθημάτων
896 791 1186 862 ὑπερβάλλειν
1203 809 1254 834 τα
1275 790 1413 861 μύρια
1430 789 1629 834 τάλαντα.

253 845 362 889 ε’νιοι
401 847 448 890 δὲ
482 850 571 891 τῶν
602 849 901 920 συγγραφέων
944 848 1081 904 φασὶν
1119 847 1203 892 ούκ
1236 847 1395 891 ἐλάττω
1427 847 1631 918 γενέσθαι

171 905 223 944 10
251 918 305 945 τα
329 902 575 958 συληθέντα
594 908 681 948 τῶν
704 905 752 948 ἐν
774 910 864 957 τοῖς
883 908 1118 960 Περσικοῖς
1149 909 1392 976 θησαυροῖς
1425 902 1506 947 ὑπ’
1524 902 1633 946 Ἀλε-

253 957 445 1013 ξάνδρου
490 962 863 1034 κατακτηθέντων.
915 962 1202 1032 ἐπεχείρησαν
1248 960 1288 1004 δ’
1333 963 1376 1006 οἱ
1412 960 1510 1014 περὶ
1553 958 1632 1003 τὸν

259 1015 482 1060 Φάλαικον
512 1018 745 1088 στρατηγοὶ
775 1019 848 1062 καὶ
875 1018 955 1062 τόν
982 1020 1093 1062 ναὸν
1116 1016 1327 1090 ὀρύττειν,
1359 1015 1556 1066 εἰπόντος
1575 1032 1634 1058 τι-

253 1071 332 1143 νὸς
373 1071 431 1124 ῶς
464 1073 510 1117 ἐν
547 1073 668 1118 αύτῶ
695 1074 922 1131 θησαυρὸς
956 1077 1020 1144 εἰἠ
1054 1075 1197 1118 πολύν
1226 1075 1334 1130 ἔχων
1363 1070 1560 1143 α’ργυρόν
1588 1088 1633 1115 τε

173 1129 224 1171 15
253 1129 327 1172 καὶ
361 1129 547 1184 χρυσόν·
599 1120 673 1174 καὶ
711 1147 764 1174 τα
798 1133 903 1201 περὶ
931 1148 1013 1187 την
1052 1131 1199 1175 ἑστίαν
1236 1132 1310 1175 καὶ
1340 1131 1416 1175 τὸν
1445 1130 1634 1183 τρίποδα

254 1188 492 1255 φιλοτίμως
533 1186 830 1231 ἀνέσκαπτον·
881 1206 899 1231 ε
956 1188 1003 1231 δὲ
1048 1187 1246 1258 μηνύσας
1290 1187 1368 1231 τὸν
1403 1184 1634 1256 θησαυρὸν

252 1240 454 1298 μάρτυρα
492 1245 717 1315 παρείχετο
756 1243 835 1288 τὸν
875 1243 1216 1314 ἐπιφανέστατον
1244 1245 1317 1288 καὶ
1347 1241 1634 1299 αρχαιότατον

252 1302 344 1343 τῶν
369 1304 565 1372 ποιητῶν
584 1300 785 1370 Όμηρον
815 1301 863 1344 ἐν
894 1298 958 1351 οἷς
977 1301 1098 1370 λέγει

366 1355 467 1400 οὐδ’
505 1357 587 1401 ὅσα
617 1357 769 1408 λάϊνος
799 1355 932 1407 οὐδὸς
961 1354 1185 1412 άφήτορος
1214 1355 1336 1407 ἐντὸς
1365 1355 1501 1412 ἐέργει

168 1423 224 1462 20
368 1415 539 1483 Φοίβου
565 1412 836 1465 ’Λπόλλωνος
866 1417 1019 1456 Πυθοῖ
1045 1413 1110 1457 ἐνὶ
1139 1412 1398 1484 πετρηέσσῃ.

253 1471 343 1512 τῶν
373 1469 419 1513 δὲ
457 1474 733 1525 στρατιωτῶν
762 1469 1081 1540 ἐγχειρούντων
1117 1470 1322 1514 σκάπτειν
1350 1486 1404 1512 τα
1431 1469 1529 1524 περι
1559 1468 1636 1512 τὸν

251 1527 438 1580 τρίποδα
469 1537 590 1583 σεισμ
595 1543 636 1570 οι
666 1525 847 1582 μεγάλοι
879 1526 1109 1583 γενόμενοι
1135 1531 1227 1578 τοῖς
1258 1530 1458 1570 Φωκεῦσι
1490 1525 1636 1596 φόβον

252 1582 515 1652 ἐπέστησαν
567 1587 770 1653 φανερῶς
802 1583 848 1627 δὲ
876 1587 964 1626 τῶν
992 1587 1111 1626 θεῶν
1139 1582 1530 1655 προσημαιυόντων
1558 1583 1637 1652 τὴν

167 1647 222 1689 25
251 1656 362 1683 κατα
400 1643 489 1684 τῶν
519 1638 761 1695 ἱεροσύλων
791 1639 973 1684 κόλασιν
1003 1638 1251 1695 ἀπέστησαν
1280 1644 1368 1683 τῶν
1398 1639 1549 1695 ε’.ργων
1610 1637 1634 1682 ὁ

253 1687 305 1740 δέ
337 1699 413 1752 τῆς
441 1698 720 1766 παρανομίας
748 1694 911 1765 ταύτης
933 1694 1107 1752 ηγεμῶν
1143 1698 1290 1739 Φίλων
1325 1694 1348 1740 6
1378 1696 1636 1767 προειρημέ-

251 1769 330 1804 νος
369 1769 476 1823 ταχυ
512 1756 572 1797 τῶ
611 1754 823 1811 δαιμονίῳ
864 1752 940 1804 τὰς
974 1752 1282 1824 προςηκούσας
1313 1754 1437 1803 δίκας
1466 1753 1640 1805 ἐξέτισε.Ι

170 1819 225 1859 ᾗτ
253 1813 329 1866 τῆς
367 1809 414 1853 δὲ
452 1813 541 1853 τῶν
572 1811 703 1864 ἱερῶν
733 1809 962 1880 χρημάτων
989 1813 1166 1865 φθορᾶς
1194 1826 1274 1866 την
1302 1825 1379 1865 μεν
1411 1809 1523 1880 ὅλην
1548 1809 1637 1852 ἐπι-

171 1879 224 1917 30
253 1866 432 1922 γραφὴν
462 1866 594 1937 ἔσχον
627 1871 816 1918 Φωκεῖς,
862 1866 1066 1922 μετέσχον
1103 1866 1149 1910 δὲ
1179 1869 1256 1923 τῆς
1285 1866 1487 1921 αἱρέσεως
1512 1864 1636 1922 Ἀθη-

253 1927 375 1966 ναῖοι
403 1922 476 1966 καὶ
499 1921 841 1993 Λακεδαιμόνιοι
872 1925 916 1966 οἱ
945 1921 1298 1979 συμμαχήσαντές
1318 1928 1410 1974 τοῖς
1437 1926 1637 1966 Φωκεῦσι

254 1980 329 2023 καὶ
369 1979 424 2024 06
453 1979 563 2023 κατοῖ·
593 1978 641 2023 τὸ
672 1984 841 2048 πλῆθος
869 1983 958 2023 τῶν
994 1980 1328 2052 ἐκπεμπομένων
1358 1983 1635 2048 στρατιωτῶν

254 2036 358 2088 τοὺς
386 2035 576 2094 μισθούς
606 2036 823 2108 λαβόντες.
872 2036 988 2080 οὕτω
1019 2037 1065 2080 δὲ
1091 2041 1183 2088 τοῖς
1207 2035 1461 2107 Ἀθηναίοις
1483 2034 1506 2079 ὁ
1538 2034 1635 2105 χρό-

255 2110 333 2144 νος
369 2095 501 2144 οὗτος
520 2093 718 2164 η’νεγκεν
751 2093 1059 2147 εξαμαρτάνειν
1096 2096 1156 2144 είς
1192 2092 1241 2136 τὸ
1274 2092 1503 2162 δαιμόνιον
1533 2091 1636 2143 ῶςτε

255 2149 411 2206 μικρὸν
441 2149 658 2204 άνωτερον
688 2152 774 2193 τῶν
801 2153 1033 2220 Δελφικῶν
1055 2154 1223 2205 καιρῶν
1250 2148 1523 2218 Ἰφικράτους
1546 2151 1636 2192 δια-

254 2209 480 2263 τρίβοντος
509 2223 607 2259 περι
636 2207 873 2261 Κέρκυραν
901 2223 1007 2262 μετα
1035 2210 1242 2276 ναυτικῆς
1273 2206 1519 2260 δυνάμεως,
1561 2205 1636 2248 καὶ

255 2266 497 2307 Λιουυσίοι
549 2266 627 2306 τοῦ
675 2266 965 2318 Συρακοσίων
1013 2262 1232 2306 δυνάστου
1282 2262 1531 2317 πέμψαντος
1577 2264 1636 2314 εἰς

252 2318 435 2375 Θλυμπί
438 2338 492 2364 αν
518 2320 593 2363 καὶ
621 2321 826 2378 Δελφούς
856 2320 1081 2375 ἀγάλματα
1106 2321 1150 2363 ἐκ
1172 2324 1338 2375 χρυσοῦ
1362 2320 1432 2361 καὶ
1458 2319 1635 2373 ἐλέφαυ

255 2394 328 2428 τος
356 2378 758 2448 δεδημιουργημένα
779 2412 789 2429 ,
823 2377 1064 2432 περιτυχών
1092 2382 1184 2427 ταῖς
1212 2393 1293 2430 κοιι
1300 2376 1492 2429 ιζούσαις
1524 2375 1635 2418 αὐτὰ

174 2437 227 2481 40
258 2435 414 2478 ιαυσὶν
455 2433 478 2477 ὁ
518 2433 762 2490 Ἰφικράτης
800 2434 873 2477 καὶ
911 2433 1127 2490 κρατήσας
1158 2432 1324 2486 αὐτῶν,
1371 2434 1633 2488 οιεπέμψατο

170 2159 196 2199 co

201 2156 225 2199 <a

254 2579 310 2615 2³95.
358 2579 621 2625 μισθοφορὰς]
650 2581 904 2626 μισθοφορίας
926 2580 988 2614 LT
1013 2581 1062 2614 B?
1056 2592 1095 2614 s.

346 2648 425 2683 126.
458 2649 538 2683 160.
588 2649 810 2694 τριάκοντα]
858 2651 1017 2684 nocentis
1045 2654 1077 2683 et
1107 2650 1191 2694 ttigz
1186 2650 1256 2684 ηίῑι
1280 2651 1307 2683 (J
1310 2662 1345 2683 .s›
1331 2661 1409 2693 pus
1600 2649 1632 2682 ἵ.

257 2697 498 2740 νροςτιθεμ]
524 2698 670 2740 προτιθ.
696 2697 779 2732 Bas.
942 2694 997 2730 35
1038 2693 1254 2741 Κέρκυραν]
1284 2695 1384 2741 Κόρ
1378 2708 1482 2739 ιραν
1508 2696 1535 2729 ⁷5
1555 2696 1634 2729 Bas.
