1820 3249
181 735 589 783 DIODOR!
671 734 1370 784 BIBLIOTHECAE

310 839 312 841 ’
433 861 480 916 Ε
532 859 578 916 P
633 861 657 915 1
708 860 766 916 T
819 858 871 917 O
924 860 989 915 M
1041 861 1115 916 E.

611 1135 764 1176 LIB.
832 1134 935 1176 XV.

75 1238 297 1310 prooemio
339 1287 459 1321 pauca
502 1276 691 1322 praefatus
710 1277 767 1310 -de
795 1275 988 1310 iudicandi
1031 1275 1205 1309 libertate
1235 1276 1283 1309 ad
1311 1276 1475 1310 scriben-

75 1334 165 1368 dam
193 1333 388 1367 historiam
426 1334 658 1374 necessaria,
699 1345 816 1367 novae
854 1333 999 1379 periodi
1039 1333 1221 1367 terminos
1259 1333 1475 1366 constituit:

75 1390 305 1436 principium
345 1390 495 1436 quidem
530 1391 672 1425 bellum
708 1392 906 1424 Persarum
939 1390 1165 1435 Cypricum,
1204 1390 1316 1423 finem
1349 1396 1475 1424 autem
1499 1420 1547 1455 O]
1620 1429 1623 1431 ‚

77 1448 186 1494 regni
215 1448 377 1492 Philippi
406 1448 571 1494 auspicia
603 1444 680 1497 [1.]
740 1448 835 1482 Belli
865 1451 1062 1482 Persarum
1093 1447 1132 1480 in
1162 1448 1372 1492 Euagoram
1404 1447 1472 1480 ini-
1485 1445 1574 1512 98'3
1625 1430 1647 1469 ²:

77 1505 186 1539 tium.
234 1511 432 1550 apparatus
470 1505 654 1539 terrestris
685 1512 721 1538 et
755 1505 896 1539 navalis
927 1505 972 1538 ab
1006 1511 1164 1548 utraque
1193 1511 1301 1548 parte
1336 1504 1473 1538 deseri·
1533 1502 1542 1510 ’
1580 1503 1589 1512 '

77 1561 179 1596 bitur
211 1558 288 1610 [2.]
319 1562 366 1595 ob
398 1569 628 1596 commeatus
657 1563 854 1607 penuriam
883 1561 922 1594 in
951 1565 1151 1596 Persarum
1183 1560 1312 1594 castris
1342 1562 1475 1595 seditio

78 1625 173 1654 orta.
233 1625 312 1653 tota
354 1618 475 1653 classis
506 1620 655 1653 dimissa
697 1619 736 1653 in
774 1619 945 1654 Ciliciam
983 1618 1068 1651 inde
1113 1617 1295 1651 frumenti
1327 1618 1476 1663 copiam

79 1677 198 1710 affert.
256 1677 446 1723 Euagoras
487 1677 646 1722 acceptis
689 1687 730 1709 ex
768 1679 935 1722 Aegypto
966 1675 1137 1720 pluribus
1171 1675 1328 1708 navibus
1359 1686 1476 1720 proe-

76 1733 171 1768 lium
202 1734 333 1766 navale
360 1734 598 1768 committere
628 1739 750 1778 parat.
784 1734 828 1767 fit
855 1744 981 1779 pugna
1012 1732 1256 1774 atrocissima,
1289 1744 1363 1777 qua
1393 1739 1474 1766 tan-

79 1790 164 1824 dem
193 1790 318 1836 Cyprii
347 1790 552 1825 vincuntur
588 1786 664 1838 [3..]
701 1801 773 1836 quo
804 1790 905 1823 facto
937 1790 1070 1823 Persae
1098 1789 1327 1824 Salaminem
1358 1800 1474 1835 oppu—

79 1853 210 1893 gnant.
270 1849 459 1893 Euagoras
496 1849 587 1882 urbe
636 1847 780 1892 elapsus
821 1847 859 1880 in
890 1848 1101 1892 Aegyptum
1142 1846 1334 1892 confugit,
1380 1858 1476 1880 nova

79 1903 220 1939 auxilia
250 1910 376 1950 petens
401 1900 484 1952 [4η]
522 1907 670 1939 Interea
700 1904 1014 1938 Lacedaemonios
1043 1905 1146 1948 pacis
1176 1902 1372 1949 poenituit,
1405 1915 1479 1948 qua

78 1962 280 2008 pristinum
309 1961 496 1996 Graeciae
538 1962 790 2006 principatum
834 1961 1048 1994 amiserant.
1078 1961 1207 2006 itaque
1237 1960 1275 1994 in
1316 1960 1478 1994 civitati-

79 2019 146 2053 bus
179 2018 377 2052 seditiones
405 2018 593 2063 excitant‚
613 2024 811 2064 ruptoque
841 2017 995 2051 foedere
1029 2018 1195 2063 singulas
1223 2029 1288 2051 suo
1319 2018 1477 2062 imperio

79 2075 294 2114 subiiciunt.
367 2075 620 2109 Mantinenses
664 2082 795 2109 contra
843 2087 904 2108 eos
945 2075 1226 2108 Atheniensium
1273 2075 1478 2118 implorant

77 2128 275 2167 eux-ilium.
317 2144 390 2178 quo
430 2132 533 2166 facto
582 2143 722 2166 novum
760 2132 799 2166 in
841 2132 1002 2167 Graecia
1041 2131 1183 2165 bellum
1221 2137 1479 2165 commovetur

82 2187 146 2239 [5.]
206 2191 250 2223 In
281 2189 410 2224 Sicilia
439 2189 639 2234 Dionysius
670 2190 716 2222 oh
755 2201 888 2235 pacem
928 2201 972 2223 ac
1013 2189 1230 2222 diuturnum
1263 2189 1381 2222 otium
1413 2200 1479 2234 po-

80 2253 227 2281 etarum
256 2247 377 2281 studia
406 2252 580 2280 sectatur.
640 2246 864 2280 Philoxenus
903 2252 1014 2291 poeta
1054 2245 1152 2279 inter
1183 2245 1388 2279 familiares
1418 2246 1479 2279 in-

80 2304 211 2353 primis
240 2315 369 2346 carus3
399 2304 464 2337 sed
494 2303 540 2337 ob
570 2303 708 2337 iudicia
738 2303 914 2337 liberiora
954 2310 990 2336 et
1019 2303 1175 2337 facetias
1206 2302 1408 2348 asperiores
1439 2302 1478 2336 in

80 2360 253 2395 latomias
283 2361 482 2395 damnatus
514 2357 590 2409 [6].
628 2360 750 2394 simile
780 2361 899 2395 satum
929 2360 1034 2394 Plato
1064 2359 1304 2405 philosophus
1333 2359 1479 2404 habuit,

80 2429 105 2452 a
133 2417 313 2462 Dionysio
350 2418 448 2451 inter
478 2417 631 2452 servitia
661 2417 854 2465 venditus,
885 2423 966 2462 post
994 2417 1302 2463 philosophorum
1332 2417 1477 2463 symbo-

80 2474 126 2508 lis
149 2475 348 2509 redemtus,
385 2481 560 2520 poemata
590 2487 655 2509 sua
677 2475 876 2520 Dionysius
896 2475 933 2507 in
955 2474 1134 2520 pane-gyri
1157 2474 1355 2520 Olympica
1386 2474 1480 2507 reci-

82 2531 153 2565 tari
179 2531 311 2573 .iubet;
341 2528 405 2564 sed
433 2532 508 2566 risu
537 2537 623 2565 sunt
654 2538 820 2577 excepta.
863 2533 952 2577 quo'
973 2531 1099 2565 audito
1128 2531 1252 2577 primo
1283 2533 1322 2565 in
1355 2532 1480 2577 aegri-

79 2587 272 2632 tudinem,
313 2587 448 2621 deinde
478 2588 516 2621 in
556 2588 724 2623 furorem
765 2588 908 2624 incidit.
946 2587 1085 2621 furoris
1114 2589 1285 2633 exempla
1317 2588 1477 2622 afferun-

79 2649 142 2678 tur
170 2640 248 2693 [7.].
293 2645 483 2690 Euagora-*3
514 2656 556 2678 ex
582 2642 750 2691 Aegypto
780 2646 897 2680 redux
926 2645 1029 2690 pacis
1059 2645 1199 2691 expetit
1230 2645 1575 2683 conditiones.98.4

78 2700 330 2747 iniquissimas
369 2701 544 2746 proponit
577 2702 781 2739 Tiribazus.
820 2703 963 2736 interea
992 2702 1185 2736 Tiribazus
1219 2702 1310 2736 falsa
1345 2702 1472 2736 crimi-

79 2758 233 2792 natione
266 2758 313 2792 ab
355 2758 498 2792 Oronte
538 2766 732 2794 accusatus
768 2759 809 2793 in
838 2759 990 2796 vincula
1033 2759 1243 2793 coniicitur.
1292 2759 1473 2793 iudicium

78 2813 124 2850 de
151 2825 194 2848 eo
223 2825 310 2858 rex,
339 2820 422 2850 tum
451 2813 550 2849 bello
581 2816 789 2852 Cadusiano
819 2822 1036 2862 occupatus,
1068 2816 1195 2850 differt
1226 2812 1305 2864 [8..]
1351 2815 1472 2850 Oron-
