1820 3249
742 717 901 753 ΤΑΛΕ
948 716 1253 751 ΕΝΕΣΤΙΝ
1696 723 1740 756 79

307 827 441 874 EN
523 826 715 873 THI
784 822 1687 889 EKKfflJAEKATHI

571 948 715 986 ΤΩΝ
742 948 1102 986 ΔΙΟΔΩΡΟΤ
1138 946 1414 985 ΒΙΒΛΩΝ.

301 1202 348 1247 α’.
378 1205 446 1254 Ὡς
477 1206 677 1255 Φίλιππος
711 1205 734 1248 ὁ
759 1202 953 1260 Ἀμύντου
985 1206 1181 1260 παρέλαβε
1205 1203 1280 1260 τήν
1305 1210 1385 1247 τῶν
1418 1204 1674 1248 Μακεδόνων

414 1264 630 1314 βασιλείαν.

305 1316 354 1372 β’.
381 1319 450 1367 Ὡς
468 1316 652 1388 Ἀργαῖον
675 1316 1008 1372 α’ντιποιούμενον
1026 1323 1099 1372 τῆς
1120 1321 1320 1373 βασιλείας
1340 1320 1532 1371 ἐνίκησεν

246 1392 272 1434 5
303 1374 349 1430 γ’.
378 1377 445 1424 Ὡς
468 1373 706 1444 Ἰλλυριους
712 1376 780 1416 καὶ
810 1357 992 1425 Παίονας
1021 1375 1348 1429 καταπολεμησας
1378 1375 1566 1430 ἐκτησατο
1596 1374 1670 1430 τὴν

416 1448 663 1486 προγονικην
681 1429 819 1486 ἆρχήν.

301 1486 349 1531 δ’.
381 1489 484 1541 Περὶ
510 1493 582 1542 τῆς
601 1487 820 1542 α’νανὸρίας
843 1491 917 1530 τοῦ
936 1487 1129 1543 νεωτέρου
1151 1489 1370 1530 Διονυσίου
1389 1505 1457 1530 και
1477 1493 1549 1542 τῆς
1566 1491 1668 1531 Δίω-

411 1562 482 1593 νος
502 1550 648 1599 φυγῆς.

300 1599 341 1644 ε’.
371 1603 512 1651 Κτίσις
540 1603 813 1655 Ταυρομενίου
830 1599 929 1643 κατοῖ
948 1599 1022 1654 τήν
1044 1603 1241 1643 Σικελίαν.

215 1671 268 1713 15
300 1656 344 1707 ς’.
379 1657 435 1700 To}
455 1660 686 1712 πραχθέντα
708 1657 807 1701 xeno?
828 1658 903 1712 τὴν
920 1658 1103 1711 Εὔβοιαν
1124 1660 1189 1699 καὶ
1210 1657 1309 1709 κατα
1326 1656 1396 1699 τόν
1419 1658 1665 1712 συμμαχικόν

407 1713 595 1768 πόλεμον.

296 1769 346 1821 ζ’.
378 1774 600 1824 Πολιορκία
614 1768 888 1825 Ἀμφιπόλεως
906 1787 987 1812 υπο
1016 1772 1217 1811 Φιλίππου
1234 1788 1301 1811 και
1320 1768 1475 1821 α’λωσις.

293 1827 342 1882 η’.
369 1828 436 1877 Ὡς
459 1831 658 1877 Φίλιππος
682 1827 775 1877 τούς
799 1829 1030 1875 Πυδναίους
1049 1828 1483 1883 ἐξανδρατοδισαμενος
1504 1830 1552 1872 τοέ
1572 1829 1661 1887 χρύ-

406 1899 492 1926 σεια
514 1885 682 1938 μέταλλα
700 1881 1003 1926 κατεσκεύασεν.

210 1959 262 1999 10
291 1937 349 1983 θ’.
377 1941 445 1990 Ὡς
461 1944 574 1982 Δίων
593 1938 866 1995 ἐλευθερώσας
893 1957 988 1989 τους
1013 1942 1316 1995 Συρακουσίους
1345 1939 1563 1985 Διονύσιον
1592 1962 1658 1987 κα-

400 1998 676 2051 τεπολέμησεν.

289 2051 329 2097 ι’.
357 2055 425 2104 Ὡς
447 2054 621 2096 ἕκπεσων
648 2056 693 2097 ἐκ
721 2057 793 2108 τῆς
818 2054 1008 2108 πατρίδος
1035 2051 1157 2095 παλιν
1182 2051 1420 2108 α’νεκτήσατο
1439 2072 1511 2106 τας
1530 2061 1657 2113 Συρα-

398 2109 564 2160 κούσας.

205 2185 260 2224 20
290 2165 353 2209 ια’.
389 2165 616 2216 Καταλυσις
636 2169 709 2207 τοῦ
728 2169 978 2219 συμμαχικου
997 2167 1185 2220 πολέμου.

290 2223 355 2278 ιβ’
384 2222 604 2281 Συνδρομή
625 2226 746 2278 τριῶν
767 2222 998 2277 βασιλέων’
981 2224 1047 2266 επὶ
1076 2227 1288 2266 Φίλιππον.

380 2413 439 2448 79.
487 2413 592 2448 inser.
614 2410 702 2450 τάδε
723 2431 770 2441 -
785 2412 953 2468 βίβλων]
997 2410 1084 2450 τάδε
1108 2411 1245 2449 ἔνεστιν
1277 2411 1317 2449 ἓν
1345 2413 1398 2462 τῷ
1429 2413 1558 2449 πίνακι
1587 2415 1652 2458 τῆς

285 2456 331 2499 ις’
352 2461 482 2505 βίβλου
506 2462 535 2495 L
568 2461 703 2494 duabus
727 2459 908 2504 scripturis
931 2461 1042 2503 πίναξ
1065 2461 1130 2505 τῆς
1153 2459 1201 2499 ις’
1223 2461 1351 2517 βίβλου
1374 2464 1409 2494 et
1431 2457 1519 2495 τάδε
1553 2459 1579 2496 ἔ.
1612 2461 1652 2495 ἐν

280 2508 326 2553 τῇ
351 2506 397 2545 ις’
421 2508 533 2553 βίβλῳ
558 2505 594 2539 in
617 2517 721 2540 unam
740 2506 902 2549 confusis,
930 2505 1083 2553 ἔλεγχος,
1106 2506 1196 2542 τάδε
1221 2506 1356 2542 ἔνεστιν
1381 2504 1420 2541 ἐν
1435 2507 1481 2553 τῇ
1498 2505 1544 2545 ις’
1563 2511 1651 2542 Διο-

286 2552 410 2596 δώρου
437 2549 659 2588 Σικελιώτου
683 2552 797 2597 βίβλῳ
822 2553 902 2587 Bas.
1065 2553 1098 2587 1.
1137 2549 1157 2587 ὁ
1181 2565 1250 2590 om.
1274 2554 1355 2588 Bas.
1518 2552 1562 2587 5:
1588 2567 1649 2588 κα-

280 2597 549 2642 ταπολεμήσας]
573 2597 965 2642 καταπολεμησοὶμενος
988 2596 1018 2630 I
1188 2599 1223 2633 7.
1249 2597 1466 2644 ἀνανδρίας]
1490 2598 1650 2643 ἀνδρίας

279 2646 318 2686 L,
343 2643 564 2690 ἀνανδρείας
586 2644 667 2680 Bas.
850 2643 907 2677 14.
940 2643 1034 2678 κατὰ
1056 2639 1145 2700 τόν]
1169 2643 1236 2680 τὸν
1260 2646 1289 2679 L
1473 2645 1528 2679 19.
1562 2646 1647 2689 χρύ-

278 2703 358 2727 σεια
381 2692 480 2732 Bas„
517 2689 647 2724 caeteri
676 2688 808 2734 χρυσία
967 2688 1001 2723 9.
1037 2702 1087 2730 ως
1117 2691 1220 2724 Δίων
1242 2709 1287 2717 --
1310 2691 1367 2727 12.
1401 2691 1648 2734 Συρακούσας

279 2738 493 2780 ponebantur
514 2739 592 2782 post
614 2735 649 2771 8.
670 2735 810 2781 φυγῆς·
840 2734 1037 2780 transposui
1060 2746 1139 2770 cum
1163 2738 1276 2783 Cospo
1435 2737 1491 2774 21.
1514 2738 1645 2782 τριῶν]

276 2795 350 2818 των
372 2784 456 2818 Bas.
