1820 3249
295 124 406 165 1276
644 120 758 163 LIB.
787 119 932 162 XVIII.
991 121 1120 165 cAP.
1151 126 1218 165 19.
1247 125 1317 166 20.

295 232 541 289 ἠνάγκασεν
571 230 804 288 ὁμολογίας
832 231 1126 290 ποιήσασθαι,
1169 234 1273 285 ω’ςτε
1313 232 1475 285 αὐτοὺς
1513 236 1671 279 δοῦναι

211 297 266 338 80
296 290 512 346 ἀργυρίου
541 290 731 333 τάλαντα
765 291 1039 342 πεντακόσια,
1069 295 1156 334 τῶν
1186 291 1231 335 δὲ
1260 289 1467 346 ἁρμάτων
1495 292 1547 334 τοὶ
1573 291 1671 348 ἡμί-

293 358 347 404 ση
388 349 495 419 πρὸς
540 347 616 396 τὰς
656 349 875 399 στρατείας
916 348 1242 419 συνεκπέμπειν.
1309 347 1671 404 διεπρεσβεύσατο

294 405 341 448 δὲ
371 408 442 448 καὶ
471 404 581 457 πρὸς
611 402 686 453 τὰς
716 402 846 455 ἄλλας
876 404 1034 455 πόλεις,
1066 404 1199 457 αξιῶν
1217 410 1467 461 συμμαχεῖν,
1502 421 1560 456 ως
1577 405 1674 461 μέλ-

292 466 446 512 λοντος
484 460 620 504 αὐτοῦ
658 458 735 514 τὴν
764 460 1062 533 πλησιόχωρον
1081 461 1253 518 Λιβύην
1281 446 1673 531 καταστρέφεσθαι.

296 518 508 589 διήρπασε
551 519 597 560 δὲ
641 517 714 560 καὶ
750 522 839 561 τῶν
871 517 1076 573 ἐμπόρων
1113 519 1166 561 τα
1196 520 1531 587 καταληφθέντα
1567 517 1674 589 χρή-

211 583 264 625 85
295 592 407 629 ματα
438 575 485 618 ἐν
514 579 576 631 τῷ
601 574 763 629 λιμένι,
803 575 877 618 καὶ
906 580 998 626 τοῖς
1028 574 1304 629 στρατιώταις
1335 578 1395 627 εἰς
1426 575 1673 644 διαρπαγήν

294 633 468 684 ἔδωκεν,
499 619 813 686 ἐκκαλούμενος
843 630 990 675 αὐτῶν
1019 648 1095 682 τας
1118 635 1374 687 προθυμίας
1404 635 1463 683 εἰς
1491 632 1570 676 τόν
1599 630 1673 675 πό-

208 700 265 738 20
293 694 437 758 λεμον.
498 689 612 732 οὕτω
652 688 698 757 δὲ
737 693 826 731 τῶν
844 687 1134 758 πραγμάτων
1173 693 1239 759 τῷ
1275 691 1467 745 Θίβρωνι
1506 705 1674 758 προχω-

208 757 264 797 90
294 745 516 800 ρούντων,
558 743 586 800 ἡ
615 743 722 817 τύχη
752 744 858 800 ταχὺ
888 735 1215 815 μεταβαλουσα
1223 745 1507 789 ἐταπείνωσεν
1537 745 1676 789 αὐτὸν

293 804 366 847 δια
393 802 599 851 τοιαύτας
626 803 775 852 αἰτίας.
829 805 919 844 τῶν
947 800 1174 858 ἡγεμόνων
1202 819 1290 845 των
1319 801 1424 855 παρ’
1459 801 1579 860 αὐτῷ
1610 819 1676 853 τις

291 859 414 915 Κρὴς
443 859 520 915 μὲν
549 858 597 901 τὸ
627 857 775 912 γένος,
811 857 952 914 ὄνομα
984 859 1029 902 ὁὲ
1059 863 1342 929 Μνασικλῆς,
1375 859 1599 913 ἐμπειρίαν
1629 858 1676 902 δ’

292 917 402 972 ἔχων
430 932 519 958 των
549 920 796 970 πολεμικων
825 916 1035 969 πράξεων,
1064 915 1270 972 διηνέχθη
1299 914 1409 971 πρὸς
1431 914 1581 966 αὐτόν,
1612 916 1677 970 ἐγ-

293 973 479 1023 καλέσας
509 988 586 1026 μεν
614 973 712 1027 περὶ
742 975 821 1015 τοῦ
851 979 1065 1044 μερισμοῦ
1097 977 1186 1016 τῶν
1219 972 1453 1027 λαφύρων,
1495 972 1568 1016 καὶ
1597 971 1679 1042 φύ-

211 1037 266 1080 95
297 1041 363 1073 σει
400 1028 654 1085 ταραχώδης
699 1029 761 1071 ὠν
801 1031 875 1072 καὶ
912 1029 1084 1084 θρασυς
1122 1029 1391 1086 ηὐτομόλησε
1432 1030 1542 1084 πρὸς
1574 1045 1679 1079 τους

296 1089 592 1157 Κυρηναίους.
650 1087 949 1156 κατηγορήσας
988 1088 1033 1129 δὲ
1075 1087 1212 1130 πολλοὶ
1242 1091 1323 1130 τοῦ
1347 1088 1583 1158 Θίβρωνος
1618 1087 1680 1136 εἰς

297 1143 498 1199 ὠμότητα
535 1144 607 1186 καὶ
637 1142 840 1186 απιστίαν
879 1144 1016 1187 ἔπεισε
1055 1149 1183 1187 λῦσαι
1221 1157 1296 1194 τας
1336 1141 1569 1212 ὁμολογίας
1605 1143 1681 1186 καὶ

295 1218 372 1257 της
409 1200 660 1253 ἐλευθερίας
690 1198 967 1270 αντέχεσθαι·
1013 1200 1080 1244 διὸ
1116 1201 1189 1244 καὶ
1217 1199 1442 1243 ταλάντων
1473 1198 1681 1270 ἐξήκοντα

297 1259 441 1313 μόνον
470 1255 827 1313 ἀποδεδομένων,
876 1274 966 1301 των
997 1257 1042 1300 δὲ
1071 1261 1238 1300 λοιπῶν
1266 1255 1506 1329 χρημάτων
1524 1255 1584 1300 06
1618 1258 1681 1300 δι-

190 1322 267 1361 100
298 1316 509 1370 δομένων,
540 1314 562 1357 ὁ
595 1331 672 1368 μεν
704 1317 881 1370 Θίβρων
911 1314 1142 1368 ἐγκαλέσας
1170 1319 1260 1364 τοῖς
1291 1314 1556 1369 αφεστηκόσι
1582 1324 1683 1356 συν·

293 1373 421 1428 έλαβε
452 1388 541 1414 των
572 1373 839 1441 Κυρηναίων
867 1373 974 1422 τούς
1003 1370 1224 1423 παρόντας
1252 1371 1297 1413 ἐν
1325 1375 1386 1427 τῷ
1415 1370 1568 1424 λιμένι,
1604 1368 1683 1412 ὅν-

293 1446 371 1479 τας
401 1429 498 1482 περὶ
528 1426 812 1484 ὀγδοήκοντα.
874 1427 1011 1479 εὐθύς
1046 1429 1092 1471 δὲ
1122 1426 1201 1482 τὴν
1232 1416 1421 1482 δύναμιν
1450 1426 1682 1496 ἐπαγαγων

294 1486 364 1529 ἐπὶ
393 1485 473 1540 τὴν
498 1485 630 1528 πόλιν
656 1485 899 1540 ἐπολιόρκει
927 1485 1007 1542 τὴν
1037 1485 1270 1556 Κυρήνην·
1312 1471 1444 1528 οῧδὲν
1473 1485 1518 1528 δὲ
1549 1482 1682 1527 δυνά-

239 1545 265 1588 5
295 1559 425 1599 μενος
454 1543 628 1596 πρᾶξαι,
658 1542 789 1585 πάλιν
821 1541 929 1596 πρὸς
957 1543 1035 1585 τὸν
1064 1543 1217 1597 λιμένα
1246 1542 1477 1612 ἐπανῆλθε.
1519 1544 1608 1584 τῶν
1633 1540 1682 1583 δὲ

296 1602 532 1653 Βαρκαίων
580 1599 653 1642 καὶ
699 1616 788 1643 των
819 1600 1083 1669 Εσπεριτῶν
1122 1598 1471 1669 συιιμαχούντων
1508 1602 1569 1655 τῷ
1610 1598 1682 1640 Θί-

295 1660 445 1713 βρωνι,
477 1660 727 1726 Κυρηναῖοι
758 1657 889 1712 μέρος
922 1673 1001 1711 μεν
1031 1659 1106 1711 τῆς
1137 1655 1360 1710 δυναιιεως
1391 1654 1603 1698 απέλιπον
1633 1653 1681 1695 ἐν

293 1718 347 1770 τῇ
377 1712 589 1783 Κυρήνῃ,
632 1718 693 1772 τῷ
731 1715 851 1768 μέρει
890 1714 936 1757 δε
977 1711 1316 1767 στρατεύσαντες
1346 1712 1572 1765 ἐπόρθουν
1601 1709 1682 1765 τὴν

292 1787 383 1813 των
424 1759 743 1824 αστυγειτόνων
780 1769 941 1826 χώραν
1007 1770 1177 1813 τούτων
1218 1768 1261 1812 δ’
1305 1767 1684 1836 ἐπικαλεσαμένων

210 1831 266 1871 10
296 1830 479 1882 βοηθεῖν
508 1828 585 1871 τόν
618 1829 850 1883 Θίβρωνα,
882 1828 1078 1877 ἅπαντας
1107 1825 1213 1877 τούς
1243 1824 1507 1881 στρατιώτας
1537 1822 1684 1892 ἐξήγα-

291 1900 370 1939 γεν
409 1884 476 1927 ἐπι
514 1883 595 1954 τήν
637 1895 723 1939 οὐμ
697 1886 897 1955 ιιμαχίαν.
958 1883 1064 1928 καθ’
1105 1882 1158 1927 ὃν
1195 1882 1248 1939 δή
1289 1883 1450 1955 χρονον
1489 1880 1512 1925 ὁ
1559 1878 1685 1951 Κρης

292 1939 688 1996 συλλογισαμένος
697 1942 777 1995 τὴν
806 1943 991 1997 ἐρημίαν
1020 1944 1099 1983 τοῦ
1132 1940 1305 1995 λιμένος
1335 1941 1474 1983 ἔπεισε
1503 1936 1607 1988 τοὺς
1636 1937 1685 1979 ἐν

296 1998 482 2066 Κυρήνη
510 1998 881 2069 καταλειφθέντας
916 1999 1148 2042 ἐπιθέσθαι
1178 2000 1239 2054 τῷ
1269 1996 1421 2052 λιμένι.
1480 2010 1679 2039 υπακον-

302 2053 475 2098 σάντων
513 2053 555 2098 6²
594 2054 732 2106 εὐθὺς
772 2053 908 2107 αὐτός
942 2042 1280 2111 καθηγούμενος
1317 2053 1495 2097 ἐπέθετο
1533 2054 1592 2108 τῷ
1622 2054 1681 2093 λι-.
1728 2054 1732 2057 ’

294 2224 353 2259 77.
405 2222 608 2269 ὁμολογίας
631 2225 694 2259 FY
718 2226 799 2259 Bas
812 2251 822 2268 ‚
859 2223 988 2258 caeteri
1015 2221 1216 2268 ὁμολογίαν
1400 2222 1460 2256 79.
1506 2217 1685 2256 nsku6-

295 2283 357 2306 σια
390 2272 533 2305 Fvwx
563 2273 644 2306 Bas.
657 2297 667 2314 ‚
714 2271 844 2306 caeteri
878 2271 1148 2315 πεντακιςχίλια
1375 2282 1421 2303 τα
1454 2265 1592 2312 ἡμίση]
1638 2279 1685 2300 τα

295 2316 417 2361 ἡμίσει
441 2319 513 2359 FV,
540 2316 651 2362 ἥμισυ
675 2319 758 2352 Bas.
944 2317 1001 2351 84.
1050 2315 1339 2362 καταληφθέντα
1361 2316 1437 2358 FV,
1462 2313 1591 2349 caeteri
1619 2325 1685 2348 κα-

296 2365 550 2406 ταλειφθέντα

388 2410 469 2444 273.
505 2410 562 2445 88.
611 2407 738 2454 οὕτω]
766 2408 888 2449 ον’τως
907 2409 936 2443 F
1106 2409 1166 2443 91.
1217 2405 1342 2453 αὐτῷ]
1371 2405 1491 2443 αὐτοῦ
1514 2406 1544 2440 F

299 2455 357 2490 93.
404 2458 475 2490 τοῦ
499 2468 676 2499 μερισμου
704 2469 772 2493 om.
798 2458 836 2489 13.
840 2468 892 2498 ts„
918 2454 1083 2489 asterisco
1106 2455 1240 2489 notavit
1264 2456 1323 2489 St«
1328 2455 1461 2498 ultanus
1626 2449 1684 2484 98.

297 2502 432 2558 μόνον]
458 2503 539 2536 libri
563 2503 712 2546 μόνωνε
737 2516 756 2539 ο
783 2515 887 2547 super
910 2514 939 2535 ω
963 2501 1060 2557 ponit
1084 2501 1112 2534 F
1289 2501 1346 2534 99.
1396 2501 1470 2534 τῶν
1494 2495 1536 2533 δε
1559 2516 1603 2522 --
1628 2497 1685 2530 δι-

300 2546 469 2591 δομὲνων
493 2560 562 2581 0111.
586 2551 670 2586 Bas.
855 2548 889 2583 2.
938 2545 1171 2603 ὀγδοήκοντα
1194 2547 1288 2580 FTv
1295 2547 1391 2588 ΨΧ,
1425 2558 1451 2579 π
1473 2545 1554 2578 Bas.
1570 2571 1580 2584 ‚
1604 2553 1685 2576 cae-

299 2594 366 2629 teri
391 2593 632 2635 ὀκτακοσίους
778 2591 781 2596 ’
816 2593 935 2632 εὐθὺς
958 2595 1001 2635 F,
1026 2591 1121 2628 εὐθύ
1142 2594 1271 2626 caeteri
1454 2591 1487 2624 3.
1537 2587 1595 2623 ἐπὶ
1616 2600 1684 2632 την

298 2640 408 2675 πόλιν
431 2653 501 2676 om.
527 2643 633 2677 Fvw
819 2640 853 2675 ἴ).
903 2641 1122 2698 Βαρκαίων]
1149 2640 1368 2684 Βαρκαϊτιιιῖν
1392 2638 1481 2679 QX,
1507 2637 1686 2723 βαρβαρι-

299 2688 376 2722 κῶν
401 2689 432 2723 Y
456 2689 540 2722 Bas.
724 2688 760 2724 7.
807 2687 872 2732 τῷ]
899 2699 973 2721 των
1004 2684 1043 2722 ἐν
1077 2687 1108 2720 F
1289 2687 1323 2720 9.
1370 2683 1436 2720 τὸν
1466 2681 1684 2730 Θίμβρωνα]

299 2746 584 2826 τέἷῖνθίβρωιῖιαΐ
771 2778 828 2815 10.
877 2775 1045 2824 ἐξήγαγεν
1070 2778 1364 2814 Βῐιοιῐοῐηεηηυεε
1401 2774 1483 2810 libri
1505 2772 1685 2820 ἐξήγαγον

1684 629 1751 666 273
