1820 3249
479 187 1119 232 L1B.XV1.CAP.9.10.
1293 235 1305 251 ‚
1389 194 1499 235 1051

126 303 203 355 τοὶς
231 297 546 358 Συρακούσας·
591 297 719 351 αὐτὸς
749 301 795 345 δὲ
823 299 928 351 τούς
957 300 1269 356 μισθοφόρους
1290 307 1500 371 παραλα-

126 359 240 417 βών,
274 359 402 410 ὄντας
428 360 619 429 χιλίους,
660 361 854 413 προῆγεν
884 357 952 400 ἐπὶ
981 357 1058 408 τάς
1087 357 1395 411 Συρακούσας.
1453 360 1501 403 ἐν

127 416 306 474 παρόδῳ
337 415 383 459 δὲ
405 413 509 465 τούς
537 430 582 457 τε
608 412 972 470 Ἀκραγαντίνους
1002 415 1075 458 καὶ
1106 414 1309 472 Γελῴους
1339 418 1413 459 καί
1442 434 1502 459 τι-

127 489 206 524 νας
242 477 332 515 τῶν
367 471 448 528 τήν
483 471 709 527 μεσόγειον
739 471 981 515 οἰκούντων
1010 476 1217 514 Σικανῶν
1249 488 1293 514 τε
1322 473 1395 514 καὶ
1425 478 1501 515 Σι-

125 533 252 573 κελῶτ
238 545 277 582 ¹,
313 528 376 572 ἔτι
403 529 450 573 δὲ
478 530 809 599 Καμαριναίους
829 530 977 578 πείσας
1000 532 1375 582 συνελευθερῶσαι
1397 530 1500 580 τούς
1531 535 1557 575 5

124 587 454 639 Συρακοσίους,
484 589 676 641 προῆγεν
705 584 774 628 ἐπὶ
804 585 882 641 την
912 584 1148 628 κατάλυσιν
1167 589 1248 628 τοῦ
1265 585 1503 639 τυράννου.

123 645 301 686 πολλῶν
334 642 380 686 δὲ
409 640 632 686 πάντοθεν
661 643 941 699 συρρυέντων
969 641 1075 698 μετὰ
1104 645 1190 685 τῶν
1220 640 1368 685 ὅπλων
1396 642 1503 713 ταχύ

122 700 300 750 πλείους
331 703 421 742 τῶν
455 701 690 755 διςμυρίων
712 703 989 754 στρατιωτῶν
1011 699 1337 769 ἠθροίσθησαν.
1374 697 1506 742 ουὸὲν

124 753 171 799 6'
201 758 334 811 ἦττον
373 757 448 800 καὶ
485 757 640 800 πολλοὶ
681 762 770 800 τῶν
800 758 846 800 ἐκ
875 761 951 812 τῆς
978 756 1155 806 Ἰταλίας
1179 754 1401 811 Ελλήνων
1429 757 1505 799 καὶ

123 814 390 868 Μεσσηνίων
421 814 797 886 μετεπέμφθησαν,
827 814 902 857 καὶ
931 812 1090 865 πάντες
1121 811 1206 856 συν
1234 816 1375 884 πολλῇ
1399 828 1503 882 προ·
1536 816 1588 856 10

122 871 265 926 θυμία
294 869 404 913 κατὰ
435 869 635 926 σπουδὴν
663 875 788 924 mov.
850 869 909 921 ῶς
948 869 993 913 6⁷
1023 871 1092 914 ἐπὶ
1126 885 1230 920 τους
1260 869 1396 923 ὅρους
1426 874 1504 926 τῆς
1534 872 1589 911 10

64 928 405 979 9οΣυρακοσίας
443 927 467 969 ὁ
504 928 626 969 Δίων
665 927 742 984 ἦν,
800 925 970 982 ἀπήντα
1009 925 1122 981 πρὸς
1159 925 1295 970 αὐτόν
1332 930 1504 996 πλῆθος

124 981 329 1026 ἀνόπλων
367 981 619 1037 ἀνθρώπων
658 985 705 1028 ἐκ
744 1000 788 1027 τε
824 987 900 1040 τῆς
928 983 1073 1053 χώρας
1101 983 1176 1027 καὶ
1204 987 1295 1052 τῆς
1311 982 1502 1034 πόλεως·

122 1037 314 1091 ἀπίστως
344 1040 428 1099 γάρ
460 1042 730 1095 διακείμενος
759 1039 782 1084 ὁ
811 1039 1052 1091 Διονύσιος
1080 1041 1191 1095 πρὸς
1220 1039 1340 1091 τούς
1353 1045 1502 1095 Συρα-
1534 1040 1587 1082 15

121 1099 302 1147 κοσίους
329 1100 504 1140 πολλῶν
533 1097 586 1139 τά
617 1097 727 1140 ὅπλα
752 1114 994 1169 παρηρητο.
1040 1097 1150 1140 κατὰ
1180 1097 1226 1140 δὲ
1244 1101 1404 1141 τοῦτον
1424 1098 1502 1141 τὸν

122 1153 282 1225 καιρὸν
308 1151 331 1197 ὁ
364 1153 443 1208 μὲν
470 1152 687 1208 τύραννος
708 1153 807 1207 περὶ
828 1154 904 1204 τοὶς
924 1156 1202 1204 νεοκτίστους
1224 1154 1370 1205 πόλεις
1391 1153 1502 1226 κατά

121 1209 202 1253 τόν
224 1209 402 1263 Ἀδρίαν
430 1209 614 1267 διέτριβε
644 1210 749 1267 μετά
779 1214 954 1254 πολλῶν
985 1210 1334 1266 δυνάμεων.οἱ
1364 1210 1407 1254 6'
1435 1212 1503 1254 ἐπὶ

122 1270 198 1337 τῆς
230 1271 431 1337 φυλακῆς
468 1272 556 1311 τῶν
587 1271 895 1322 Συρακουσῶν
924 1265 1264 1323 ἀπολειφθέντες
1291 1266 1503 1324 ἡγεμόνες

121 1323 171 1367 τό
202 1323 282 1379 μὲν
293 1329 484 1394 πρῶτον
513 1325 746 1378 ἐπειρῶντο
787 1329 1122 1395 μετακαλεῖσθαι
1156 1342 1262 1375 τους
1291 1330 1501 1396 Συρακο-
1531 1324 1586 1363 20

124 1381 258 1450 σίους
277 1379 363 1424 ἀπὸ
391 1385 467 1451 τῆς
497 1380 797 1432 ἀποστάσεως·
851 1379 1147 1452 ἀκατασχέτου
1181 1382 1227 1425 δὲ
1257 1386 1333 1438 τῆς
1362 1383 1502 1455 ὁρμῆς

123 1440 213 1480 τῶν
243 1435 383 1492 ὄχλων
410 1437 558 1504 οὔσης,
587 1438 833 1494 ἐπιγνόντες
852 1437 954 1489 τοὺς
977 1437 1289 1495 μισθοφόρους
1309 1440 1380 1483 καὶ
1397 1457 1502 1491 τους

125 1492 179 1536 τὰ
208 1497 290 1537 τοῦ
320 1493 538 1538 δυνάστου
567 1499 848 1566 φρονοῦντας
875 1494 1118 1566 ἤθροισαν,
1155 1497 1228 1538 καὶ
1258 1496 1334 1547 τάς
1364 1497 1503 1549 τάξεις

125 1549 447 1622 πληρώσαντες
474 1557 568 1602 τοῖς
621 1551 914 1623 ἀφεστηκόσιν
967 1552 1199 1595 ἐπιθέσθαι
1251 1552 1503 1608 διέγνωσαν.
1534 1551 1589 1593 25

125 1608 251 1649 Δίων
289 1607 336 1650 δέ
376 1612 467 1658 τοῖς
506 1624 584 1664 μεν
623 1607 830 1660 ἀνόπλοις
870 1612 959 1652 τῶν
988 1610 1284 1662 Συρακοσίων
1328 1610 1507 1654 διέδωκε

90 1687 94 1695 ·
125 1662 203 1713 τάς
243 1667 583 1720 πεντακιςχιλίας
611 1667 878 1716 πανοπλίας,
928 1681 1034 1716 τους
1075 1665 1120 1708 δε
1152 1664 1313 1716 ἄλλους
1341 1667 1388 1710 ἐκ
1417 1671 1508 1710 τῶν

125 1721 327 1764 δυνατῶν
360 1725 452 1771 τοῖς
481 1727 809 1778 παρατυχοῦσιν
847 1721 1001 1773 ὅπλοις
1039 1711 1344 1766 συνεσκεύασε.
1404 1735 1507 1767 συν-

125 1775 302 1847 αγαγών
331 1776 378 1820 6'
406 1778 598 1829 ἅπαντας
627 1781 686 1830 εἰς
715 1777 870 1835 κοινὴν
891 1780 1122 1835 ἐκκλησίαν
1144 1777 1408 1833 ἀπεφαίνετο
1426 1782 1506 1836 μὲν

124 1832 284 1877 ἑαυτὸν
311 1832 435 1889 ἥκειν
464 1835 533 1878 ἐπὶ
561 1834 688 1891 τὴν..
671 1836 963 1889 ἐλευθέρωσιν
992 1840 1081 1879 τῶν
1102 1840 1395 1890 Σικελιωτῶν,
1423 1855 1505 1881 πα-
1534 1838 1588 1876 30

127 1890 301 1944 ρεκάλει
342 1891 388 1934 δὲ
431 1891 700 1960 στρατηγοὺς
740 1895 961 1945 αἱρεῖσθαι
1004 1910 1108 1943 τους
1147 1892 1358 1945 εὐθέτους
1396 1894 1508 1949 πρός

125 1962 207 2002 την
247 1945 601 1992 ἀποκατάστασιν
639 1953 716 2005 τῆς
754 1949 1018 2004 αὐτονομίας
1055 1950 1129 1993 καὶ
1155 1967 1237 2006 την
1267 1950 1508 2003 κατάλυσιν

127 2007 204 2060 τῆς
238 2002 348 2076 ρ’λης
382 2006 763 2059 τυραννίδος.τὸ
804 2006 850 2050 δε
889 2010 1060 2063 πλῆθος
1099 2005 1237 2061 ω’ςπερ
1275 2006 1361 2052 ἀπὸ
1407 2013 1508 2063 μιᾶς

128 2064 281 2116 φωνῆς
321 2060 531 2133 ἀνεβόησε
577 2063 846 2133 στρατηγους
883 2065 1105 2118 αἱρεῖσθαι
1145 2064 1224 2108 τόν
1262 2081 1307 2107 τε
1352 2068 1506 2110 Δίωνα

127 2118 202 2160 καὶ
228 2117 308 2161 τὸν
314 2116 532 2189 ἀδελφὸν
560 2120 700 2163 αὐτοῦ
720 2125 966 2192 Μεγακλῆν
976 2119 1319 2175 αὐτοκράτορας.
1361 2122 1505 2190 ευθυς
1535 2123 1588 2163 35

128 2190 212 2217 ουν
241 2172 326 2218 ἀπὸ
356 2179 432 2246 τῆς,
459 2177 686 2248 ἐκκλησίας
716 2177 893 2229 ἐκτάξας
920 2176 1002 2232 τὴν
1029 2178 1220 2247 δύναμιν
1241 2181 1435 2251 προςῆγε
1449 2187 1503 2237 τῇ

126 2230 265 2275 πόλει.
316 2231 497 2285 οὐδενὸς
527 2233 568 2277 6²
601 2232 965 2291 ἀντιποιουμένου
982 2238 1070 2278 τῶν
1088 2233 1338 2289 ὑπαίθρων,
1365 2236 1504 2290 ἀδεῶς

128 2289 371 2343 εἰςῆλθεν’
354 2288 477 2343 εντὸς
505 2295 589 2334 τοῦ
617 2293 806 2347 τείχους,
845 2292 918 2335 καὶ
948 2291 1020 2335 διὰ
1048 2295 1123 2347 τῆς
1149 2290 1400 2363 Ἀχραδινῆς
1428 2311 1504 2339 πο-

129 2346 301 2397 ρευθεὶς
323 2348 383 2397 εἰς
403 2363 485 2402 την
508 2345 676 2417 ἀγορὰν
693 2349 1177 2417 κατεστρατοπέδευσεν,
1207 2348 1391 2419 ρύδενός
1410 2357 1503 2395 τολ-
1534 2355 1589 2398 40

128 2404 300 2456 μῶντος
337 2403 560 2455 ἐπεξιέναι.
621 2403 645 2448 ὁ
688 2405 734 2449 δε
775 2403 947 2461 σύμπας
977 2405 1169 2462 ἀριθμὸς
1196 2423 1252 2462 ην
1280 2411 1370 2452 τῶν
1401 2410 1507 2465 μετὰ

129 2579 164 2616 4-
209 2585 286 2625 post
300 2585 581 2629 Καμαριναίους
604 2586 717 2621 delevi
741 2586 804 2622 καὶ
823 2587 1066 2630 Μαδιναίους
1083 2601 1163 2623 cum
1181 2589 1340 2625 Gemisto
1365 2595 1399 2626 et
1414 2594 1508 2628 Clu-

128 2626 228 2662 verio
373 2631 406 2665 8.
455 2630 564 2668 ου’δεν
589 2631 653 2679 δ’]
689 2631 802 2669 οὐδὲν
825 2635 908 2668 Bas.
1058 2635 1114 2670 12
1164 2638 1401 2682 Συρακοσίας
1424 2640 1507 2673 Bas

220 2696 360 2733 90.16.
394 2690 589 2757 παρῄρητο
612 2703 806 2738 Gemistns:
831 2704 915 2738 libri
938 2708 1159 2749 παρηρεῖτο.·
1183 2708 1363 2742 ademerat
1375 2709 1508 2750 cuspus

313 2745 370 2779 17.
417 2747 540 2788 πόλεις
561 2749 680 2795 κατὰ]
713 2749 840 2790 πόλεις
861 2751 945 2793 περὶ
970 2753 1062 2795 FLQ
1246 2754 1304 2790 21.
1351 2752 1512 2788 ἀποστά-

127 2790 246 2833 σεως]
281 2787 517 2834 υποστάσεως
540 2795 622 2830 Bas.
807 2798 865 2832 26.
916 2799 1162 2844 Συρακοσίων
1185 2800 1270 2835 Bas.
1453 2799 1511 2835 36.

126 2837 314 2883 προςῆῃε]
339 2840 480 2885 προῆγε
503 2841 584 2876 Bas.
