1820 3249
302 146 413 186 1126
687 142 802 186 LIB.
833 142 943 186 XVI.
973 145 1105 187 cAP.
1131 149 1199 188 93.
1229 149 1297 189 94.

307 254 434 306 δοξος
471 254 546 297 καὶ
583 257 803 306 παντελῶς
841 254 1096 308 ἀνέλπιστος
1134 254 1276 313 ἐφάνη
1306 256 1416 299 κατὰ
1444 259 1526 299 τοῦ
1555 258 1685 326 βασι-

308 311 413 362 λέως
442 310 649 382 ἐπιβουλὴ
678 313 753 355 καὶ
781 311 990 364 θάνατος.
1050 316 1123 358 ἵνα
1153 314 1198 358 65
1229 313 1377 370 σαφὴς
1405 313 1428 357 6
1458 314 1556 367 περὶ
1583 312 1685 356 τού-

309 384 398 411 των
428 366 602 425 γένηται
637 367 780 425 λόγος,
820 370 1184 442 προεκθησόμεθα
1221 371 1296 422 τὰς
1327 372 1464 420 αἰτίας
1492 374 1568 426 τῆς
1597 370 1686 413 ἐπι-

313 428 488 481 βουλῆς.
548 428 803 478 Παυσανίας
840 444 896 484 ην
931 428 982 470 τὸ
1021 429 1100 483 μὲν
1134 427 1260 483 γένος
1292 427 1510 470 ’Μακεδὼν
1539 428 1585 470 ἐκ
1613 431 1688 482 τῆς

229 479 285 523 25
310 482 566 552 Ὀρεστίδος
592 483 885 551 καλουμένης,
931 488 1012 527 τοῦ
1056 484 1102 527 65
1131 483 1339 541 βασιλέως
1369 482 1688 540 σωματοφύλαξ

314 539 388 582 καὶ
418 537 491 581 διὰ
519 537 567 581 τὸ
598 539 758 591 κάλλος
787 542 916 596 φίλος
941 540 1132 595 γεγονώς
1160 545 1239 584 τοῦ
1271 543 1504 584 Φιλίππου.
1558 542 1689 591 οὗτος

316 594 437 649 ὁρῶν
468 593 552 638 ὑπὸ
582 601 663 639 τοῦ
693 597 904 667 βασιλέως
933 597 1223 653 ἀγαπώμενον
1251 597 1410 668 ἕτερον
1430 599 1689 640 Παυσανίαν

316 650 554 722 ὁμώνυμον
575 652 748 705 ἑαυτοῦ,
781 652 1081 705 ὀνειδιστικοῖς
1103 656 1213 709 πρὸς
1236 653 1374 698 αὐτὸν
1394 653 1601 710 ἐχρήσατο
1617 653 1690 697 λό-

231 709 285 748 30
314 725 434 764 γοις,
486 707 629 764 φήσας
670 708 949 766 ανδρόγυνον
979 716 1090 754 εἰναι
1118 712 1191 755 καὶ
1219 711 1324 762 τούς
1351 715 1440 754 τῶν
1470 710 1692 766 βουλομέ-

312 781 403 808 νων
433 765 592 820 ἔρωτας
623 765 804 821 ἑτοίμως
828 767 1155 838 προςδέχεσθαι.
1195 766 1220 811 6
1252 769 1299 812 65
1327 767 1410 824 τη“ν
1437 767 1484 811 ἐκ
1509 771 1583 823 τῆς
1604 772 1692 811 λοι-

309 823 466 893 ,δορίας
496 821 628 892 ὕβριν
657 822 739 865 οὐκ
769 824 970 880 ἐνέγκας,
1001 824 1050 868 τό
1081 824 1161 879 μὲν
1189 824 1332 879 παρὸν
1358 824 1691 880 κατεσιώπησεν,

309 876 494 936 Ἀτταλῳ
540 878 586 922 δέ
622 895 710 922 τινι
744 884 832 923 τῶν
868 883 1010 937 φίλων
1039 880 1447 936 ἀνακοινωσάμενος
1479 881 1575 951 περὶ
1604 885 1693 923 τῶν

312 924 560 990 μελλόντων
587 935 878 991 πράττεσθαι,
909 938 1120 989 ἑκουσίως
1148 939 1222 982 καὶ
1250 938 1505 992 παραδόξως
1534 936 1692 980 εαυτὸν

228 986 283 1029 35
313 992 360 1035 ἐκ
390 996 471 1034 τοῦ
503 996 579 1048 ζῆν
587 993 848 1063 μετέστησε
907 993 1000 1065 μετ’
1027 995 1176 1066 ὀλίγας
1203 995 1285 1050 γὰρ
1315 994 1476 1051 ἡμέρας
1501 997 1582 1037 τοῦ
1615 998 1691 1037 Φι-

312 1050 476 1092 λίππου
514 1048 626 1103 πρὸς
657 1054 880 1104 Πλευρίαν
915 1051 993 1096 τὸν
1021 1069 1111 1096 των
1138 1051 1360 1106 Ἰλλυριῶν
1387 1052 1567 1108 βασιλέα
1597 1053 1692 1094 δια-

311 1105 633 1178 γωνιζομένου,
670 1108 756 1176 πρὸ
785 1112 865 1152 τοῦ
874 1109 1095 1180 βασιλέως
1126 1109 1229 1161 στας
1257 1108 1428 1160 αποέσας
1459 1125 1534 1158 τας
1561 1125 1692 1164 φερο-

314 1162 446 1218 μένας
475 1161 547 1206 ἐπ’
580 1163 719 1208 αὐτὸν
747 1166 912 1222 πληγας
940 1165 1168 1219 ἀνεδέξατο
1199 1170 1260 1224 τῷ
1289 1168 1385 1221 ἰδίῳ
1421 1163 1587 1218 στόματι
1617 1165 1691 1208 καὶ

228 1211 283 1256 40
314 1219 557 1291 μετήλλαξε.
617 1223 923 1292 διαβοηθείσης
940 1223 986 1267 65
1004 1228 1080 1278 τῆς
1097 1212 1308 1277 πράξεως,
1325 1223 1363 1267 6
1384 1223 1462 1277 μὲν
1467 1221 1690 1272 Ἄτταλος,

310 1280 371 1327 εὶς
403 1276 466 1319 ω“ν
495 1293 585 1320 των
613 1278 656 1330 ἐξ
685 1279 820 1335 αὐλῆς
848 1280 922 1323 καὶ
950 1279 1064 1324 πολύ
1095 1279 1351 1334 δυναμένων
1379 1278 1497 1333 παροὶ
1528 1283 1589 1336 τῷ
1616 1282 1691 1334 βα-

311 1337 439 1385 σιλεῖ,
478 1333 677 1378 έκαλεσεν
707 1336 776 1379 ἐπὶ
804 1338 983 1380 δεῖπνον
1016 1337 1095 1379 τὸν
1125 1339 1407 1389 Παυσανίαν,
1447 1335 1521 1378 καὶ
1549 1325 1691 1378 πολὺν

309 1389 562 1460 έμφορησας
607 1390 800 1446 α’κρατον
844 1393 1099 1447 παρέδωκεν
1148 1393 1287 1437 αὐτοῦ
1333 1392 1382 1436 τό
1431 1405 1556 1446 σωμα
1601 1397 1692 1442 τοῖς

312 1446 569 1518 ὀρεοκόμοις
599 1450 659 1500 εἰς
690 1448 819 1503 ὕβριν
847 1451 920 1494 καὶ
939 1452 1178 1505 παροινίαν
1191 1449 1429 1520 έταιρικήν.
1476 1449 1499 1492 ὁ
1522 1449 1567 1492 65
1591 1447 1691 1492 οἰνα-

228 1493 282 1537 45
311 1501 454 1559 νήψας
484 1505 530 1547 ἐκ
559 1508 635 1561 τῆς
663 1506 815 1578 μέθης,
847 1507 920 1551 καὶ
949 1511 1001 1564 τῇ
1030 1511 1110 1550 τοῦ
1140 1506 1336 1577 στόματος
1363 1506 1491 1562 ὕβρει
1517 1509 1691 1559 περιαλ-

309 1560 389 1616 γὴς
417 1559 665 1632 γενόμενος,
693 1568 776 1607 τοῦ
800 1561 1010 1608 Ἀτταλου
1036 1564 1333 1635 κατηγόρησεν
1360 1564 1430 1607 ἐπὶ
1457 1566 1539 1607 τοῦ
1568 1566 1691 1619 βασι-

310 1618 429 1668 λέως.
488 1616 512 1661 6
555 1619 601 1662 65
640 1621 866 1672 Φίλιππος·
891 1621 1162 1692 παρωξύνθη
1201 1622 1280 1676 μὲν
1316 1621 1383 1664 ἐπὶ
1413 1637 1465 1676 τη
1477 1636 1693 1692 ’παρανο-

311 1676 389 1731 μία
417 1691 495 1729 της
524 1674 739 1729 πράξεως,
789 1678 862 1721 δια
893 1678 939 1721 65
968 1695 1046 1747 την
1074 1694 1186 1731 προς
1202 1677 1414 1721 Ἀτταλον
1446 1676 1691 1732 οἰκειότητα

227 1726 280 1769 50
309 1733 382 1775 καὶ
418 1749 497 1787 την
528 1733 588 1784 εἰς
616 1733 666 1776 τὸ
695 1734 842 1789 παρόν
878 1733 1017 1778 αὐτοῦ
1045 1737 1195 1791 χρείαν
1225 1733 1308 1778 οὐκ
1337 1732 1538 1790 ἐβούλετο
1568 1745 1691 1789 μισο-

309 1794 532 1857 πονηρεῖν.
577 1791 648 1858 ἡν
672 1790 755 1845 γοὶρ
779 1790 803 1835 ὁ
818 1790 1026 1843 ’Ἄτταλος
1052 1797 1127 1847 τῆς
1143 1792 1222 1847 μὲν
1252 1793 1588 1847 ἐπιγαμηθείσης
1615 1793 1768 1845 γυ-154-

309 1845 462 1896 ναικὸς
491 1843 586 1889 υπὸ
626 1852 706 1890 τοῦ
745 1849 955 1904 βασιλέως
984 1850 1271 1903 Κλεοπάτρας
1301 1849 1584 1903 αδελφιδοῦς,
1623 1848 1692 1891 ἐπὶ

311 1901 358 1945 65
386 1905 464 1972 τῆς
492 1905 904 1961 προαπεσταλμένης
935 1906 1170 1977 δυνάμεως
1194 1908 1253 1956 εἰς
1285 1907 1364 1960 τὴν
1391 1904 1537 1947 Ἀσίαν
1567 1916 1690 1958 στρα-

308 1958 452 2014 τηγὸς
471 1963 897 2032 προκεχειρισμένος,
945 1963 993 2005 ἐν
1024 1963 1069 2007 65
1098 1968 1208 2016 τοῖς
1237 1966 1488 2016 πολεμικοῖς
1525 1960 1690 2016 οἷγώσιν

224 2010 278 2053 55
309 2014 526 2068 ἀνδρεῖος.
588 2017 738 2072 διόπερ
780 2018 803 2062 ὁ
843 2019 1046 2074 βασιλευς
1083 2023 1277 2074 πραῧναι
1314 2018 1580 2075 βουλόμενος
1607 2020 1690 2088 τοῦ

309 2074 573 2116 Παυσανίου
610 2077 694 2145 την
722 2075 792 2117 ε’πὶ
831 2081 891 2132 τῷ
923 2076 1053 2120 πάθει
1085 2075 1375 2146 γεγενημένην
1412 2076 1588 2118 δικαίαν
1618 2072 1691 2144 ὀρ-

306 2127 416 2184 γήν,
466 2129 630 2185 δωρεας
670 2124 924 2188 αξιολόγους
965 2132 1192 2205 απένειμεν
1222 2131 1343 2189 αὐτῷ
1369 2132 1442 2175 καὶ
1471 2148 1581 2174 κατα
1611 2132 1692 2186 τὴν
1726 2146 1730 2149 ’

221 2184 278 2222 94
310 2189 709 2241 σωματοφυλακίαν
738 2194 931 2245 προῆγεν
961 2190 1099 2234 αὐτὸν
1126 2190 1323 2261 ἐντίμως.
1382 2187 1405 2231 6
1436 2188 1481 2231 65
1513 2192 1690 2231 Παυσα-

221 2242 275 2281 60
305 2244 403 2294 νίας
442 2243 712 2298 αμετοέθετον
740 2247 975 2299 φυλάττων
1003 2247 1085 2304 τὴν
1115 2245 1273 2303 ὀργήν,
1312 2246 1493 2290 ἔσπευδε
1523 2262 1581 2300 μη
1607 2245 1690 2315 μό-

302 2316 385 2343 νον
412 2316 532 2355 παρα
553 2305 634 2345 τοῦ
655 2301 900 2356 πραξαντος
920 2308 1070 2358 λαβεῖν
1089 2305 1314 2360 τιμωρίαν,
1345 2301 1455 2345 αλλα
1475 2303 1548 2345 καὶ
1567 2300 1687 2354 παρὰ

301 2361 383 2399 τοῦ
412 2375 470 2413 μη
501 2364 797 2414 τιμωροῦντος
829 2360 962 2430 αυτῷ.
1024 2361 1337 2432 συνεπελαβετο
1365 2360 1410 2402 65
1433 2358 1592 2414 ταύτης
1613 2363 1689 2428 τῆς

300 2416 596 2467 προαιρέσεως
624 2416 810 2471 μάλιστα
840 2416 863 2461 ὁ
896 2407 1108 2488 σοφιστὴς
1132 2417 1440 2490 Ερμοκράτης.
1498 2420 1579 2459 τοῦ
1601 2431 1687 2484 γαρ

302 2473 566 2514 Παυσανίου
597 2473 885 2529 σχολάζοντος
914 2475 1035 2534 αὐτῷ
1051 2509 1066 2528 ,
1108 2475 1184 2519 καὶ
1211 2474 1322 2519 κατοὲ
1351 2475 1429 2530 την
1459 2471 1689 2530 διατριβην

298 2651 356 2686 21.
414 2649 651 2697 ἀνέλπιστος]
693 2653 847 2696 ἄπιστος
886 2657 980 2700 FLQ
1186 2655 1242 2691 28.
1293 2655 1453 2700 ἑαυτοῦ]
1499 2654 1618 2702 ἑαυτῷ
1655 2657 1684 2688 L

504 2699 562 2734 353.
608 2714 685 2735 των
709 2713 777 2736 om.
804 2704 887 2735 fisa
1071 2702 1132 2755 37.
1183 2714 1271 2744 στας
1295 2715 1364 2738 om.
1391 2704 1422 2736 F
1629 2699 1686 2736 43.

299 2741 540 2790 ὀρεοκόμοις]
568 2742 793 2792 ὀρεωκόμοις
817 2749 914 2789 Bas„
940 2746 1168 2793 ω’ρεοκὸμοις
1191 2750 1220 2784 L
1375 2747 1431 2783 50.
1466 2743 1486 2783 6
1511 2759 1579 2782 om.
1603 2747 1684 2780 Bas

389 2791 467 2826 154.
499 2793 554 2827 ῧϋ.
603 2794 842 2840 γεγενημέιην
867 2797 990 2830 oua-11
