1820 3249
573 199 687 241 LIB.
716 200 806 242 XV.
854 199 980 241 GAP.
1008 203 1103 243 95.
1397 207 1507 248 1037

134 331 210 384 μιν
254 310 401 363 δόντες
439 300 691 381 ἐξέπεμψαν.
761 305 891 362 οὗτος
931 312 977 356 δὲ
1015 309 1121 362 τούς
1155 313 1235 368 μὲν
1269 315 1504 370 πολεμιους

135 369 464 439 εὐλαβούμενος,
495 369 600 419 τούς
630 368 675 411 δὲ
704 368 956 424 συμμάχους
985 367 1152 412 άδικῶν
1184 372 1370 414 διετέλει.
1421 389 1502 415 κα-

133 424 374 476 ταπλεύσας
411 424 494 495 γὰρ
535 427 594 475 εἷς
628 424 858 480 Κέρκυραν
882 427 1137 495 συμμαχίδα
1174 425 1305 469 πόλιν
1335 427 1504 479 στάσεις

134 484 181 528 ἐν
209 481 319 538 αὐτῇ
347 480 531 552 μεγάλας
546 481 766 550 ἐκίνησεν,
798 481 840 531 εξ
865 483 926 524 ὠν
947 482 1153 525 συνέπεσε
1170 482 1373 536 γενέσθαι
1391 496 1498 538 σφα-
1528 488 1582 530 85

59 537 70 549 '
130 538 212 611 ,φὰς
239 536 402 588 πολλάς
429 537 500 580 καὶ
532 534 742 593 αρπαγάς,
775 536 836 580 δι’
870 536 921 588 οἶς
948 538 1109 594 συνέβη
1137 538 1215 582 τὸν
1244 541 1384 608 δῆμον
1409 557 1498 583 των

130 595 370 652 Ἀθηναίων
409 595 699 663 διαβληθῆναι
742 608 863 646 παρα
901 599 994 645 τοῖς
1033 595 1288 662 συμμάχοις.
1358 594 1381 639 ὁ
1422 596 1501 651 μὲν

133 653 217 696 οὐν
246 654 395 704 Χάρης
431 651 504 693 καὶ
546 650 668 703 ε’τερα
704 654 887 693 τοιαῦτα
922 655 1193 705 παρανομῶν
1222 651 1393 721 ἀγαθὸν
1421 653 1500 706 μὲν

134 706 266 752 οὐδὲν
296 706 564 760 διεπράξατο,
593 724 646 763 τῃ
678 706 722 750 δε
752 708 928 761 πατρίδι
950 708 1167 764 διαβολάς.
1224 713 1312 752 τῶν
1333 708 1378 778 δὲ
1396 720 1496 769 συγ·
1526 713 1580 753 90

131 763 338 820 γραφέων
365 762 703 818 Διονυσόδωρος
732 764 805 807 καὶ
823 763 994 815 ’Ἄναξις
1027 765 1071 807 οἱ
1091 765 1278 808 Βοιωτοὶ
1307 764 1387 821 τὴν
1411 770 1500 808 τῶν

128 822 390 875 Ἑλληνικῶν
431 822 628 872 ἱστορίαν
657 822 715 871 εἰς
744 823 905 863 τοῦτον
933 821 1010 865 τὸν
1039 820 1241 864 ἐνιαυτὸν
1272 821 1500 876 κατεστρά-

133 890 241 933 φασι
281 876 357 928 τὰς
396 875 631 929 συντάξεις.
689 876 823 946 ἡμεῖς
850 876 896 920 δὲ
934 875 1009 927 τὰς
1047 877 1133 932 πρό
1166 880 1389 947 Φιλίππου
1417 881 1501 922 τοῦ

133 933 341 1003 βασιλέως
379 933 552 986 πράξεις
590 931 907 1003 διεληλυθότες
931 933 1094 990 ταύτην
1132 950 1211 1003 μεν
1239 952 1318 991 την
1345 938 1499 1005 βίβλον

132 990 243 1034 κατά
272 1006 352 1046 την
386 990 433 1033 έν
470 988 584 1060 άρχη
611 990 822 1044 πρόθεσιν
852 987 990 1033 αὐτοῦ
1019 989 1367 1060 περιγράψομεν,
1417 991 1551 1048 την9
1526 989 1581 1032 95

135 1046 176 1091 δ’
216 1047 423 1117 ἐχομένην
463 1044 548 1090 άπὸ
585 1050 661 1102 τῆς
696 1048 915 1090 Φιλίππου
929 1048 1240 1116 παραλήψεως
1268 1052 1344 1104 τῆς
1373 1051 1502 1103 βασι-

133 1104 249 1154 λείας
267 1102 498 1173 ἀρξάμενοι
516 1102 658 1153 πάσας
680 1102 864 1160 διέξιμεν
892 1102 968 1154 τὰς
996 1120 1077 1146 του
1108 1105 1318 1159 βασιλέως
1338 1105 1502 1148 τούτου

133 1159 307 1214 πράξεις
334 1159 457 1229 μέχρι
484 1163 567 1229 τῆς
587 1163 796 1231 τελευτῆς,
823 1160 1306 1216 συμπεριλαμβάνοντες
1327 1162 1398 1205 καὶ
1422 1161 1502 1212 τάς

135 1217 265 1267 άλλας
299 1215 376 1268 τοὶς
412 1215 648 1273 γενομένας
684 1217 733 1261 ἐν
769 1221 860 1269 τοῖς
887 1217 1221 1274 γνωριζομένοις
1249 1217 1397 1275 μέρεσι
1424 1222 1501 1276 τῆς

134 1271 405 1330 οἰκουμένης.
1532 1273 1612 1315 100

133 1410 194 1446 86.
241 1408 432 1454 ἁρπαγάς]
458 1407 666 1455 διαρπαγὰς
686 1408 718 1444 L
899 1409 956 1445 89.
1002 1407 1084 1455 μεν]
1110 1408 1177 1455 μὲν
1200 1423 1269 1446 ουν
1293 1411 1321 1445 Α

135 1457 194 1493 90.
239 1455 536 1500 Διονυσόδωρος]
560 1453 863 1511 Διονυσιόδωρος
887 1455 971 1490 libri
1152 1458 1208 1493 91.
1241 1470 1308 1502 την
1331 1458 1406 1491 ταῖν
1425 1451 1501 1492 Ἑλ-

137 1503 295 1546 ληνικῶν
319 1502 506 1547 ἱστορίαν]
540 1504 614 1537 τῶν
626 1499 855 1558 Ελληνικῶν
880 1502 1049 1542 ἱστοριῶν
1073 1503 1256 1538 Reiskius:
1290 1504 1500 1546 =.ad1.p.

134 1549 295 1584 731.16.
479 1549 535 1582 9-1.
585 1546 704 1583 αΰτοῦ
735 1552 913 1583 servarunt
935 1549 1114 1582 AfflKLR
1295 1548 1351 1584 96.
1400 1561 1504 1590 περι-

136 1593 328 1639 γράφομεν
351 1594 618 1637 VVcssclingius:
654 1594 735 1628 libri
757 1593 1071 1638 παραγράφομεν,
1096 1595 1129 1628 ἰη
1154 1606 1222 1637 quo
1245 1595 1417 1629 vocabulo
1441 1596 1502 1628 de·

134 1642 249 1675 sinunt
280 1640 365 1674 AK:
408 1652 488 1674 nam
515 1641 558 1674 de
590 1642 625 1674 R
656 1641 744 1674 falso
769 1641 861 1676 idem
883 1642 1020 1676 tradere
1043 1641 1312 1685 WVesselingium
1335 1640 1504 1674 monitum

78 1691 81 1698 “
136 1688 280 1730 praefat.
305 1687 351 1722 ad
374 1687 442 1721 vol.
466 1687 494 1721 Ι.
517 1697 552 1731 p.
574 1687 620 1721 11.
643 1698 676 1731 p.
703 1687 777 1722 vll.
960 1686 1017 1721 99.
1062 1686 1284 1734 γενομένας]
1317 1685 1505 1733 γεγενημέ-

135 1746 202 1775 νας
223 1733 268 1768 Πι
