1820 3249
482 118 598 160 Lm.
629 117 718 159 XV.
777 116 917 159 CAP.
947 121 1013 160 60.
1044 121 1113 159 61.
1352 119 1463 161 1003

86 234 326 286 πτωκέναι,
350 227 612 286 Ἀθηναίους
647 229 695 273 δὲ
730 227 873 299 μόνον
899 230 975 284 τῆς
999 226 1109 272 κατὰ
1136 229 1360 272 θάλατταν
1387 227 1464 284 ἆρ-

87 295 166 352 χῇς
203 288 478 360 ἀντέχεσθαι·
495 288 741 357 .Θηβαίους
771 285 818 335 δὲ
858 288 947 330 τῶν
975 285 1198 339 πρωτείων
1227 284 1378 338 ἀξίους
1405 286 1464 342 μὴ

87 353 236 398 εἰναι,
257 343 475 400 Ἀργείους
512 343 558 387 δὲ
596 341 669 388 δια
713 341 879 394 στάσεις
917 342 991 387 καὶ
1023 341 1194 398 φόνους
1213 343 1465 410 ἐμφυλίους

85 405 441 451 τεταπεινῶσθαι.
490 398 645 470 διόπερ
684 401 728 447 οἱ
758 399 964 444 Θετταλοὶ
997 397 1347 470 προστησάμενοι
1375 404 1463 442 τῶν

86 459 204 503 ὅλων
233 456 426 528 ἡγεμόνα
456 454 627 502 Ἰάσονα
655 455 797 514 τούτῳ
826 456 881 500 τά
909 455 1019 501 κατά
1047 457 1124 500 τὸν
1152 454 1344 511 πόλεμον
1373 457 1465 499 ε’πέ-
1493 456 1521 499 5

86 523 281 570 τρεψαν.
314 513 338 559 6
377 514 424 560 δὲ
447 511 600 560 Ἰάσων
627 503 897 584 παραλαβών
932 513 1012 570 τὴν
1037 511 1275 584 ἡγεμονίαν
1304 517 1392 556 τῶν
1420 529 1466 556 τε

82 573 268 642 πλησίον
306 571 452 617 ἐθνῶν
494 587 595 615 τινα
639 570 934 627 προςηγάγετο
978 569 1052 614 καὶ
1099 569 1212 624 πρὸς
1251 568 1467 625 Ἀμύνταν

82 628 162 673 τὸν
215 632 306 672 τῶν
336 625 635 675 Μακεδόνων
679 629 859 699 βασιλέα
912 629 1161 696 συμμαχίαν
1217 626 1466 696 ἐποιήσατο.

83 686 202 729 ’ίδιον
247 684 296 730 δέ
334 701 400 730 τι
415 687 576 742 συνέβη
623 683 735 730 κατά
777 690 936 730 τοῦτον
974 684 1052 728 τὸν
1098 683 1324 728 ἐνιαυτόν·
1378 700 1468 728 των

83 742 188 812 γὰρ
199 741 249 786 έν
285 743 560 793 δυναστείαις
600 741 742 786 ὄντων
778 747 892 798 τρεῖς
929 740 1211 797 ἐτελεύτησαν
1249 741 1349 810 περὶ
1387 740 1468 784 τόν

83 797 222 843 αὐτὸν
263 798 434 870 καιρόν
479 797 689 854 Ἀμύντας
719 799 799 857 μὲν
830 799 1086 855 Θαρραλέου
1115 796 1361 869 βασιλεύων
1393 801 1469 854 τῆς

82 857 367 907 Μακεδονίας
405 855 673 926 ἐτελεύτησεν
709 854 841 910 ἄρξας
869 856 939 912 ε’τη
980 857 1118 900 εἴκοσι
1157 855 1232 899 καὶ
1270 854 1467 910 τέτταρα,

83 910 213 964 υἷους
250 911 478 959 ἀπολιπών
513 919 653 967 τρεῖς,
681 911 965 967 Ἀλέξανδρον
1001 913 1077 957 καὶ
1108 913 1361 964 Περδίκκαν
1393 912 1468 955 καὶ

86 971 326 1014 Φίλιππον·
341 968 572 1022 ,διεδέξατο
597 971 644 1013 δὲ
671 969 752 1026 τὴν
779 971 1002 1042 βασιλείαν
1023 967 1048 1012 6
1068 968 1166 1020 υἱός
1190 967 1468 1023 Ἀλέξανδρος

83 1026 159 1070 καὶ
195 1021 326 1082 ἧρξεν
365 1026 585 1073 ἐνιαυτόν.
632 1025 796 1096 ὁμοίως
834 1027 881 1070 δὲ
921 1027 993 1070 καὶ
1010 1024 1289 1094 Ἀγησίπολις
1328 1024 1352 1070 ὁ
1381 1030 1469 1069 τῶν

83 1083 445 1152 Λακεδαιμονίων
474 1082 677 1153 βασιλεύς
701 1083 983 1153 μετήλλαξεν
990 1081 1123 1135 α’ρξας
1148 1081 1364 1133 ἐνιαυτόν,
1386 1082 1469 1138 τήν

83 1139 131 1182 δὲ
161 1137 299 1196 άρχὴν
324 1138 643 1209 διαδεξάμενος
671 1141 920 1197 Κλεομένης
959 1138 983 1183 6
1015 1138 1204 1210 ἀδελφὸς
1237 1139 1470 1195 ἐβασίλευ-

84 1207 157 1239 σεν
187 1196 258 1252 ἔτη
274 1196 526 1267 τριάκοντα
553 1197 628 1240 καὶ
657 1196 854 1252 τέτταρα.
895 1198 1044 1252 τρίτος
1073 1196 1119 1240 δὲ
1143 1195 1296 1239 Ἰάσων
1326 1196 1350 1241 6
1383 1200 1469 1240 Φε-

83 1257 247 1306 ραῖος,
242 1250 436 1323 ἡγεμων
455 1251 683 1325 ᾑρημένος
710 1258 799 1325 τῆς
819 1255 1073 1304 Θετταλίας,
1102 1253 1176 1296 καὶ
1206 1255 1354 1299 δοκων
1382 1253 1467 1297 ἐπι-

21 1321 66 1356 50
83 1324 206 1361 εικως
234 1307 384 1366 άρχειν
411 1326 502 1354 των
529 1311 907 1381 υποτεταγμένων,
938 1309 1271 1380 ἐδολοφονήθη,
1302 1327 1362 1361 ως
1386 1312 1467 1367 μὲν

73 1364 268 1421 Ἔφορος
295 1367 542 1437 γέγραφεν,
577 1366 669 1411 υπό
698 1384 832 1411 τινων
862 1366 968 1412 ἑπτά
995 1368 1238 1412 νεανίσκων
1268 1379 1468 1422 συνομο-

87 1424 285 1493 σαμένων
312 1424 441 1493 δόξης
468 1423 614 1477 ε’νεκα,
653 1422 713 1493 ᾡς
742 1423 783 1468 δ’
814 1424 922 1479 ε’νιοι
934 1422 1227 1495 γράφουσιν,
1255 1423 1342 1469 υπὸ
1376 1429 1467 1469 Πο-

85 1477 291 1532 λυδοᾶρου
327 1477 568 1537 τάδελφοῦ
603 1481 752 1531 οὗτος
797 1474 844 1524 δὲ
875 1480 950 1526 καὶ
992 1479 1122 1532 αὐτὸς
1146 1481 1469 1553 διαδεξάμενος

86 1551 165 1591 την
191 1538 454 1580 δυναστείαν
481 1525 656 1591 ἦρξεν’
639 1535 860 1582 ενιαυτόν.
912 1540 1081 1591 Δοῦρις
1111 1535 1157 1580 δ’
1187 1535 1211 1582 6
1243 1538 1468 1609 Σάμιοςὸ

83 1558 425 1663 ἱστοριογράφος
467 1596 544 1648 τῆς
583 1609 674 1637 των
714 1592 982 1663 Ἑλληνικων
1027 1594 1222 1652 ἱστορίας
1264 1594 1471 1640 ἐντεῦθεν

83 1648 318 1719 εποιήσατο
357 1665 441 1720 ,την
480 1647 630 1717 ἀρχήν.
695 1653 834 1694 ταῦτα
871 1649 954 1706 μὲν
992 1653 1077 1695 οὐν
1115 1650 1311 1710 ἐπράχθη
1357 1669 1470 1698 κατα

81 1709 242 1750 τοῦτον
270 1704 348 1749 τὸν
376 1704 594 1749 ενιαυτόν.

194 1759 290 1805 Ἐπ’
313 1761 545 1833 άρχοντος
565 1761 611 1805 δ’
642 1759 858 1832 Ἀθήνησι
886 1760 1193 1816 Λυσιστράτου
1221 1763 1364 1835 παρα
1365 1764 1469 1810 Ῥω-

85 1818 244 1889 μαίοις
269 1818 437 1889 ἐγένετο
468 1817 640 1871 στάσις,
676 1833 766 1862 των
794 1834 875 1889 μεν
905 1820 1120 1878 οἰομένων
1150 1823 1245 1865 δεῖν
1274 1821 1470 1874 ὑπάτους

84 1891 174 1918 των
203 1874 250 1918 δὲ
277 1873 530 1945 χιλιάρχους
559 1877 791 1944 αἱρεῖσθαι.
842 1875 911 1919 επὶ
941 1876 1021 1946 μὲν
1060 1879 1146 1920 οὐν
1178 1895 1277 1923 τινα
1306 1879 1469 1935 χρόνον

86 1930 274 2001 ἀναρχία
314 1948 410 1989 την
435 1931 588 1975 στάσιν
625 1930 840 2003 ὑπέλαβε,
871 1947 986 2002 μετα
1007 1931 1054 1976 δὲ
1081 1937 1220 1978 ταῦτα
1250 1936 1368 1990 ε’δοξε
1397 1954 1471 1994 χι-·

84 1988 292 2044 λιάρχους
320 1990 548 2061 αἱρεῖσθαι
576 1987 648 2041 εξ·
693 1988 769 2032 καὶ
803 1987 1137 2061 κατεστάθησαν
1171 1992 1362 2045 Λεύκιος
1391 1995 1470 2037 Αί-

83 2047 225 2117 μίλιος
260 2044 337 2089 καὶ
367 2043 503 2098 Γάϊος
535 2038 789 2100 Ουέργίνιος
825 2045 902 2090 καὶ
937 2046 1158 2101 Σερούιος
1186 2051 1471 2121 Σουλπίκιος,

84 2101 197 2158 πρὸς
225 2101 273 2146 δὲ
303 2100 478 2154 τούτοις
499 2102 686 2153 Λεύκιος
705 2103 913 2154 Κοΐντιος
942 2103 1016 2147 καὶ
1045 2103 1180 2155 Γάϊος
1208 2108 1360 2176 Κορνη
1352 2106 1471 2159 ’,λιος

85 2159 147 2203 ἔτι
187 2158 235 2203 δε
264 2158 400 2212 Γάϊος
431 2155 686 2213 Ουαλέριος.
737 2158 805 2203 ἐπὶ
843 2159 890 2203 δε
921 2158 1092 2205 τούτων
1135 2163 1404 2220 Πολύδωρος
1443 2163 1471 2208 6

87 2219 277 2272 Φεραῖος
315 2213 341 2260 6
381 2229 473 2261 των
503 2217 733 2262 Θετταλων
772 2213 906 2273 ἄρξας
941 2214 1030 2262 ὑπὸ
1064 2181 1352 2278 Ἀλεξάνδρου
1388 2222 1474 2266 τοῦ

86 2399 120 2433 l.
141 2383 288 2444 μόνον]
299 2395 453 2454 μόνους
473 2393 574 2445 ’ΠΕΟ
596 2402 632 2437 et
654 2398 716 2445 qui
738 2412 784 2442 ον
805 2411 908 2447 nuper
929 2398 1069 2446 μόνους
1091 2402 1199 2460 ponit
1208 2404 1257 2439 F=
1279 2403 1361 2439 fort.
1383 2403 1470 2440 scri-

85 2445 236 2479 bendum
257 2442 380 2496 μόνης
560 2447 618 2483 11.
644 2446 877 2494 Θαῤῥαλέου]
905 2449 1122 2484 scribendum
1148 2449 1168 2485 6
1188 2446 1374 2509 Ἀριδαίου

177 2491 236 2527 13.
258 2488 322 2527 aba
345 2490 575 2548 Περδίκκαν]
600 2496 778 2537 περδικαν
799 2495 831 2529 F
1016 2494 1072 2531 15.
1097 2493 1117 2532 6
1139 2495 1238 2541 υἱὸς]
1259 2491 1369 2537 ουτος
1391 2496 1467 2539 AR,

89 2537 217 2575 caeteri
241 2535 361 2573 αὐτοῦ
500 2539 556 2573 19.
581 2540 783 2583 τριάκοντα
806 2539 872 2576 καὶ
893 2540 1049 2586 τέτταρα
1072 2542 1246 2587 (τεσσαρα
1256 2542 1323 2587 F)]
1347 2555 1468 2577 verum

89 2582 697 2671 ““’““Ξ’ὸ“.“92ἓῗηῖἒῖἔὲθῦ’ἒξέἒιὲἷ·”
674 2588 751 2667 ,”,9
738 2587 1193 2677 .3ἷιῖῖὲἓ”ι,1ῗιΔΑ“’ἳέἷῙιῖ
1205 2590 1364 2670 ’ὶέἷῖἓέῗ
1381 2600 1470 2667 ⁰⁸82,

1370 2648 1438 2670 ovt

272 2675 330 2711 30.
362 2675 617 2722 Λυσιστράτου
629 2645 669 2723 ]g
688 2680 946 2722 Πυσιστράτου
978 2683 997 2716 1
1186 2682 1245 2716 37.
1288 2681 1471 2725 Σερούιος

91 2718 385 2757 Rhodomannuez
416 2723 500 2756 libri
526 2725 772 2781 Σερουίλιος·
804 2726 866 2762 καὶ
899 2728 1116 2771 Σερουίλιος
1152 2729 1377 2769 Σουλπίκιος
1400 2737 1469 2762 ⁰¹¹¹·

92 2767 158 2801 AR
339 2766 397 2803 87.
423 2769 596 2812 Κοΐντιος
618 2770 680 2807 καὶ
706 2769 821 2815 Γάιος
843 2784 913 2809 om.
936 2774 1001 2811 AR

1501 742 1553 781 10

1500 967 1552 1009 15

1497 1257 1553 1298 20

1498 1481 1554 1524 25

1497 1744 1551 1783 61

1498 1801 1554 1841 30

1498 1995 1554 2040 35
