1820 3249
503 159 623 202 Lm.
654 159 743 200 XX.
801 159 930 200 CAR
953 162 1020 202 55.
1041 163 1108 202 65.
1386 165 1496 206 1509

120 271 286 342 Λιβύης
313 270 545 341 νεμόμενοι
569 269 695 326 μέχρι
711 273 798 339 τῆς
827 269 1003 326 ἐρήμου.
1033 269 1301 340 Ἀγαθοκλῆς
1330 271 1377 316 δὲ
1403 278 1492 324 τοῖς
1524 280 1576 319 20

119 330 198 385 μὲν
226 326 337 372 κατά
367 326 539 384 Λιβύην
574 325 815 383 συμμάχοις
847 327 921 370 καὶ
949 332 1044 379 ταῖς
1074 326 1313 380 δυνάμεσιν
1341 328 1496 383 ὑπερέ-

117 402 206 441 χων
245 389 332 428 τῶν
369 384 703 452 Καρχηδονίων,
740 383 838 439 περὶ
878 383 924 427 δὲ
959 387 1048 427 τῶν
1087 385 1135 428 ἐν
1173 371 1354 453 Σικελίᾳ
1391 400 1495 440 πρα-

115 442 293 512 γμάτων
320 438 542 496 ἀγωνιῶν,
581 438 785 496 ἄφρακτα
814 440 888 482 καὶ
924 439 1298 497 πεντηκοντόρους
1328 457 1495 512 ναυπη-

113 497 356 568 γησάμενος
392 497 613 565 ἐνεβίβασε
643 495 908 550 στρατιώτας
937 499 1182 566 διςχιλίους.
1240 497 1493 542 καταλιπων

116 555 163 598 δὲ
192 558 278 598 τῶν
303 553 352 597 ἐν
376 557 444 622 τῇ
467 552 612 609 Λιβύη
650 552 926 622 πραγμάτων
953 555 1196 608 στρατηγὸν
1222 551 1492 624 Ἀγάθαρχον
1521 559 1573 600 25

115 610 194 654 τόν
231 608 332 653 υἱὸν
358 607 532 667 ἀνήχθη
559 613 653 660 ταῖς
690 610 870 662 ναυσίν,
909 609 978 653 ἐπὶ
1007 611 1213 661 Σικελίας
1241 610 1319 657 τὸν
1349 615 1493 655 πλοῦν

111 665 391 720 ποιούμενος.

213 722 326 778 *Ἅμα
373 721 419 766 δὲ
460 719 636 772 τούτοις
683 722 1001 792 πραττομένοις
1045 720 1289 773 Ξενόδοκος
1336 721 1360 766 6
1400 727 1490 766 τῶν
1517 724 1573 763 56

107 777 455 849 Ἀκραγαντίνων
483 776 722 848 στρατηγὸς
750 777 913 830 πολλας
941 778 1021 834 μὲν
1054 782 1144 823 τῶν
1171 777 1340 824 πόλεων
1370 777 1489 848 ἠλευ-

109 834 331 891 θερωκώς,
360 834 536 885 ἐλπίδας
564 834 611 879 δὲ
639 834 826 904 μεγάλας
855 834 1137 905 παρεσχηκως
1164 840 1257 887 τοῖς
1284 834 1488 879 Σικελιιό·
1518 838 1572 879 30

110 909 204 942 ταις
231 895 304 948 τῆς
333 889 441 935 καθ’
473 890 581 962 ὅλην
607 890 689 947 τήν
715 895 855 962 νῆσον
884 890 1169 961 αὐτονομίας,
1205 890 1380 965 ἐξήγαγε
1408 893 1488 949 τὴν

112 918 303 1004 δύναμιν
336 948 405 991 ἐπὶ
433 947 538 998 τούς
570 945 888 1017 Ἀγαθοκλέους
917 947 1207 1004 στρατηγούς,
1239 947 1380 992 οὖσαν
1404 964 1484 993 πε-

112 1009 196 1058 ζῶν
224 1006 304 1074 μὲν
333 1003 548 1048 πλειόνων
585 1003 614 1060 ἢ
641 1006 836 1075 μυρίων,
868 1005 1036 1048 ἱππέων
1066 1006 1112 1049 δὲ
1142 1005 1296 1061 σχεδὸν
1322 1006 1483 1061 χιλίων.

112 1063 156 1104 οἱ
195 1061 241 1104 δὲ
269 1061 367 1131 περὶ
401 1062 618 1116 Λεπτίνην
654 1062 730 1103 καὶ
757 1059 1022 1131 Δημόφιλον
1058 1061 1107 1105 ἐκ
1136 1067 1224 1104 τῶν
1253 1065 1484 1112 Συρακου-

110 1123 203 1161 σῶν
247 1116 321 1160 καὶ
366 1120 456 1160 τῶν
495 1117 727 1170 φρουρίων
773 1116 1041 1170 επιλέξαντες
1081 1117 1214 1168 ὅσους
1258 1117 1483 1174 ἠδύναντο
1515 1115 1569 1156 35

108 1174 337 1224 πλείστους
375 1172 855 1229 ἀντεστρατοπέδευσαν
882 1173 1026 1226 πεζοῖς
1054 1173 1133 1228 μὲν
1161 1171 1489 1230 ὀκτακιςχιλίοις

31 1230 182 1274 448καὶ
210 1229 475 1280 διακοσίοις,
505 1231 683 1272 ἱππεῦσι
710 1229 758 1272 δὲ
784 1230 937 1285 χιλίοις
964 1230 1045 1273 καὶ
1068 1231 1333 1281 διακοσίοις.
1363 1247 1488 1285 γενο-

108 1287 241 1342 μένης
278 1288 361 1328 οὐν
399 1285 677 1356 παρατάξεως
715 1286 897 1341 ἰσχυρᾶς
935 1285 1137 1342 ἡττηθεὶς
1176 1284 1201 1329 6
1240 1285 1487 1338 ,Ξενόδοκος

107 1344 271 1412 ε’φυγεν
299 1343 358 1392 εἷς
386 1341 464 1385 τὸν
489 1339 772 1396 Ἀκράγαντα,
800 1343 876 1386 καὶ
901 1346 992 1386 τῶν
1021 1348 1298 1396 στρατιωτων
1327 1342 1484 1399 ἀπέβα-

105 1405 179 1443 λεν
209 1397 293 1442 οὐκ
329 1397 532 1448 ἐλάττους
565 1402 655 1441 τῶν
683 1400 849 1453 χιλίων
859 1399 934 1442 καὶ
963 1400 1376 1444 πεντακοσίων.οἱ
1402 1416 1483 1453 μεν
1513 1396 1567 1439 40

105 1458 190 1499 οὐν
214 1454 542 1509 Ἀκραγαντῖνοι
576 1452 713 1524 ταύτη
742 1472 795 1511 τῃ
824 1459 1038 1526 συμφορᾷ
1064 1455 1370 1509 περιπεσόντες
1399 1455 1483 1500 διέ-

105 1517 247 1564 λυσαν
275 1511 443 1555 ἑαυτῶν
472 1526 551 1581 μεν
578 1510 658 1566 τὴν
687 1497 921 1565 καλλίστην
948 1499 1171 1582 ἐπιβολήν,
1189 1528 1278 1554 των
1307 1512 1354 1559 δὲ
1375 1523 1480 1568 συμ-

105 1569 255 1639 μάχων
296 1584 374 1618 τας
411 1584 487 1623 της
515 1566 764 1637 ἐλευθερίας
791 1567 978 1618 ἐλπίδας.
1034 1567 1300 1625 Ἀγαθοκλῆς
1329 1567 1377 1611 δε
1404 1571 1481 1623 τῆς

105 1625 242 1681 μάχης
276 1623 374 1678 ἄρτι
410 1622 696 1695 γεγενημένης
730 1623 1034 1674 καταπλεύσας
1072 1628 1150 1680 τῆς
1187 1625 1390 1676 Σικελίας
1417 1626 1481 1676 εἰς

104 1685 402 1733 Σελινοῦντα,
436 1679 736 1733 ‘Hpamm'wg
777 1680 855 1734 μὲν
892 1679 1254 1750 ἠλευθερωκότας
1281 1679 1364 1736 τήν
1400 1679 1480 1724 πό·
1509 1677 1563 1722 45

102 1744 171 1782 λιν
213 1735 432 1807 ἠνάγκασε
471 1735 605 1780 πάλιν
640 1735 996 1780 υποτάττεσθαι
1001 1736 1277 1791 παρελθὼν
1323 1737 1370 1786 δὲ
1409 1736 1479 1780 ἐπὶ

100 1793 291 1848 θάτερον
319 1794 449 1848 μέρος
465 1796 552 1863 τῆς
579 1791 720 1850 νήσου
751 1795 966 1849 Θερμίτας
986 1770 1072 1848 μεν
1096 1791 1478 1848 προςαγαγόμενος

100 1850 412 1900 ὑποσπόνδους
451 1846 618 1905 ἀφῆκε,
657 1853 744 1894 τῶν
784 1851 1103 1920 Καρχηδονίων
1150 1849 1478 1904 φρουρούντων

100 1908 263 1963 ταύτην
299 1922 381 1975 την
406 1906 575 1958 πόλιν,
611 1907 926 1977 Κεφαλοίδιον
952 1905 999 1950 δὲ
1027 1905 1370 1975 εκπολιορκήσας
1398 1909 1476 1949 Λε-
1504 1909 1559 1952 50

101 1965 258 2020 πτίνην
293 1979 372 2018 μεν
407 1961 567 2018 ταύτης
601 1961 862 2032 επιμελητὴν
899 1960 1128 2016 ἀπέλιπεν,
1167 1961 1298 2013 αὐτὸς
1328 1961 1373 2005 δε
1402 1961 1476 2005 διά

99 2025 177 2076 τῆς
211 2019 440 2087 μεσογείου
478 2016 742 2088 ποιούμενος
786 2019 866 2075 τὴν
895 2020 1079 2072 πορείαν
1112 2017 1349 2090 ἐπεβάλετο
1397 2018 1474 2072 μὲν

98 2076 257 2128 νυκτὸς
286 2077 346 2126 εἰς
373 2074 427 2118 τά
455 2073 705 2129 Κεντόριπα
733 2080 1059 2130 παρειςπεσεῖν,
1086 2074 1369 2130 είδεχομὲνων
1398 2073 1474 2118 αύ-

97 2133 178 2176 τόν
214 2147 347 2176 τινων
384 2133 621 2175 πολιτικῶν
649 2130 851 2186 ἀνδρῶν,
889 2135 1175 2187 καταφανοῦς
1204 2131 1251 2174 δὲ
1278 2136 1355 2201 τῆς
1382 2131 1484 2174 ἐπι-

98 2192 233 2259 βολῆς
270 2188 508 2260 γενομένης
543 2188 619 2231 καὶ
655 2204 745 2231 των
774 2191 988 2257 φρουρῶν
1021 2186 1474 2244 παραβοηθησάντων,
1502 2190 1556 2233 55

97 2245 328 2298 εξέπεσεν’
311 2261 359 2289 εκ
386 2248 462 2301 τῆς
490 2243 657 2296 πόλεως
688 2243 929 2301 ἀποβαλων
953 2260 1043 2288 των
1065 2248 1342 2299 στρατιωτων
1362 2245 1474 2287 πλεί-

97 2368 155 2404 22.
180 2364 382 2426 ἄφρακτα]
393 2366 596 2424 ἀφράκτων
628 2366 749 2405 ὄντων
773 2369 884 2412 FQW
1065 2367 1124 2403 25.
1159 2366 1385 2413 Ἀγάθαρχον
1408 2368 1473 2403 ΧΥ

96 2414 199 2456 Bas„
223 2413 350 2449 caeteri
370 2411 599 2459 Ἀρχάγαθον
781 2416 837 2450 26.
865 2413 1047 2470 Σικελίας]
1075 2415 1248 2451 Σικελίαν
1272 2415 1306 2448 T
1329 2416 1413 2450 Bas.

234 2460 290 2493 30.
315 2458 474 2505 ἐξήγαγε]
499 2460 600 2505 εξῆγε
621 2461 698 2496 Fw
879 2461 937 2495 35.
961 2458 1090 2504 ὅσους]
1113 2460 1195 2495 libri
1222 2456 1289 2502 οὓς

95 2505 302 2549 πλείστους]
320 2505 406 2539 libri
427 2508 575 2547 πλείους

188 2551 268 2586 448.
313 2551 371 2585 38.
393 2550 458 2587 τὸν
479 2550 701 2596 Ἀκράγαντα
724 2552 789 2586 ΤΥ
814 2552 914 2594 Bas„
942 2550 1071 2587 caeteri
1093 2549 1161 2595 τὴν
1182 2547 1401 2607 Ἀκράγαντα

255 2596 313 2632 43.
346 2594 429 2638 άρτι
460 2599 589 2643 nysam]
627 2597 820 2644 ἇντιγεγεν.
856 2599 888 2632 X
1078 2596 1135 2631 49.
1173 2596 1468 2655 φρουρούντων]

97 2642 186 2683 τούς
213 2643 473 2686 φρουροῦντας
503 2644 665 2678 Reiskius
869 2643 1145 2688 Κεφαλοίδιον]
1178 2640 1392 2690 Κεφαλόδιν
1421 2643 1469 2677 W

111 2701 173 2730 ‚cx
201 2689 372 2732 scriptura
400 2691 598 2726 recentiore.
660 2691 736 2725 Vid.
769 2692 816 2726 ad
849 2692 973 2725 Antan.
1008 2689 1123 2723 itiner.
1153 2690 1469 2734 1›.92.“Wssss.‚

96 2748 165 2778 usq)
170 2735 312 2772 αλοίδιν
350 2736 381 2770 F
609 2732 667 2770 52
715 2749 760 2772 τα
800 2736 1001 2771 Cluverius:
1044 2734 1126 2768 libri
1164 2734 1232 2771 τόν

94 2782 152 2817 ΞΑ.
175 2779 360 2826 επιβολῆς]
385 2780 468 2817 libri
490 2779 687 2828 ἐπιβουλῆς
793 2818 795 2820 ,
870 2781 926 2816 56-
951 2781 1025 2815 τοῖν
1050 2791 1119 2815 om.
1142 2780 1172 2815 F
