1820 3249
474 219 746 262 LIB.XV11.
796 219 1185 263 GAP.113.114
1407 220 1517 261 1247

141 335 296 379 πολλοὶ
336 335 382 379 δὲ
422 331 590 387 δωρεάς
624 335 970 402 μεγαλοπρεπεῖς
1000 333 1277 388 κομίζοντες,
1320 330 1433 381 τινες
1472 329 1519 372 δὲ

145 392 253 446 ὑπὲρ
281 395 371 434 τῶν
392 390 722 446 ἐγκαλουμένων
747 388 1111 457 ἀπολογούμενοι.
1170 389 1298 445 χωρὶς
1320 387 1403 443 γὰρ
1429 391 1521 430 τῶν
1550 389 1605 429 65

143 447 225 492 ἄπο
256 452 343 504 τῆς
357 448 496 498 Ἀσίας
522 447 668 490 ἐθνῶν
686 447 761 489 καὶ
789 444 962 489 πόλεων
991 447 1051 488 ἔτι
1084 445 1129 488 δὲ
1162 448 1393 488 δυναστῶν
1424 448 1525 486 πολ-

144 506 214 548 λοὶ
248 506 345 548 καὶ·
359 508 449 547 τῶν
484 503 532 547 ἐκ
566 506 643 558 τῆς
673 501 894 572 Εὐρώπης
926 503 999 546 καὶ
1030 503 1197 558 Λιβύης
1237 500 1524 569 κατήντησαν,

145 563 192 606 ἐκ
227 562 306 618 μὲν
334 560 502 631 Λιβύης
531 558 833 630 Καρχηδόνιοι
872 561 946 602 καὶ
977 562 1288 628 Λιβυφοίνικες
1317 559 1389 601 καὶ
1417 555 1526 600 πάν

145 635 212 670 τες
252 620 297 661 οἵ
332 617 412 673 τὴν
451 616 670 672 παράλιον
706 618 931 667 οἰκοῦντες
969 616 1092 673 μέχρι
1133 620 1222 658 τῶν
1257 614 1527 668 Ἡρακλείων

144 679 332 730 στηλῶν,
364 675 410 717 ἐκ
441 674 487 717 δὲ
515 678 593 728 τῆς
622 672 842 730 Εὐρώπης
873 675 923 716 αἴ
946 690 990 716 τε
1020 677 1109 715 τῶν
1131 671 1348 728 Ἑλλήνων
1377 670 1524 721 πόλεις
1553 677 1610 715 70

141 733 383 785 ἐξέπεμψαν
410 730 485 773 καὶ
512 731 785 781 Μακεδόνες,
818 731 880 773 ε’τι
910 728 952 773 δ’
980 728 1180 783 Ἰλλυριοὶ
1213 729 1287 772 καὶ
1315 732 1404 771 τῶν
1427 727 1526 782 περὶ

143 787 222 831 τόν
249 787 424 844 Ἀδρίαν
455 787 701 831 οἰκούντων
741 789 784 830 οἱ
823 789 1020 836 πλείους.
1060 804 1113 829 τα
1147 801 1192 830 τε
1223 783 1392 843 Θρᾴκια
1420 784 1526 839 γένη

146 844 220 887 καὶ
248 849 335 887 τῶν
356 844 675 914 πλησιοχώρων
707 848 930 895 Γαλατῶν,
961 847 1021 887 ὡν
1048 843 1144 886 τότε
1174 846 1353 895 πρῶτον
1381 841 1432 884 τὸ
1461 840 1527 896 γέ-

146 917 226 952 νος
256 899 456 969 ἐγνώσθη
487 901 605 954 παρὰ
635 906 725 951 τοῖς
744 900 960 957 Ἐλλησιν.
1011 900 1033 944 6
1054 901 1099 944 δὲ
1119 899 1399 952 Ἀλέξανδρος
1419 895 1527 941 ἄπο·
1555 900 1611 942 75

146 959 327 1027 γραφὴν
366 957 515 1028 λαβών
552 962 638 1000 τῶν
666 958 892 1013 πρέσβεων
922 959 1084 1008 διέταξε
1112 961 1204 1007 τοῖς
1232 957 1311 1011 μὲν
1340 954 1530 1007 πρώτοις

148 1014 274 1058 διδόν
268 1031 321 1057 αι
348 1013 427 1065 τοὶς
456 1013 666 1068 ἄποκρίσε
669 1032 720 1065 ις,
754 1015 828 1057 καὶ
858 1020 950 1065 τοῖς
981 1014 1076 1069 ἑξῆς
1110 1013 1255 1056 ἅπασι.
1312 1013 1385 1055 καὶ
1414 1010 1530 1065 πρώ-

149 1087 242 1121 τοις
277 1071 357 1126 μὲν
393 1071 648 1126 ἐχρημάτισε
686 1076 778 1122 τοῖς
815 1068 924 1125 ’ὑπερ
959 1075 1048 1113 τῶν
1078 1073 1208 1123 ἱερῶν
1236 1084 1529 1124 παραγεγενη-

146 1127 316 1198 μένοις,
367 1128 588 1197 δευτέροις
628 1128 674 1170 δὲ
712 1133 805 1178 τοῖς
840 1128 938 1180 περὶ
975 1143 1065 1170 των
1108 1130 1286 1195 δωρεῶν
1326 1126 1526 1181 η’κουσιν,

147 1183 243 1255 εξῆς
281 1183 328 1226 δὲ
367 1189 460 1235 τοῖς
500 1182 838 1240 αμφιςβητήσεις
867 1185 1012 1240 ε’χουσι
1044 1183 1154 1238 πρὸς
1181 1183 1285 1233 τούς
1321 1182 1527 1238 ὁμόρους,
1556 1183 1611 1223 80

146 1239 364 1295 τετάρτοις
387 1240 433 1283 δὲ
451 1245 542 1292 τοῖς
563 1241 662 1294 περὶ
679 1245 769 1283 τῶν
791 1243 1024 1284 ἰδιωτικῶν
1048 1240 1221 1295 ἥκουσι,
1250 1238 1457 1294 πέμπτοις
1480 1239 1528 1282 δὲ

147 1301 241 1348 τοῖς
268 1296 321 1355 οἷς
325 1297 541 1350 τιλέγουσι
569 1298 674 1367 περὶ
695 1301 771 1353 τῆς
799 1296 1000 1341 καθόδου
1024 1313 1113 1339 των
1150 1296 1378 1368 φυγάδων.
1435 1299 1529 1346 τοῖς

149 1369 230 1409 μεν
259 1356 342 1397 οὐν
367 1352 548 1404 Ἠλείοις
577 1370 768 1408 πρωτοις
796 1353 1099 1427 ἐχρημάτισεν,
1133 1352 1211 1396 ειτ’
1237 1352 1529 1408 Ἀμμωνιευσι

73 1411 226 1454 Ξὸοκαὶ
255 1415 447 1467 Δελφοῖς
473 1412 548 1454 καὶ
582 1413 841 1463 Κορινθίοις
872 1412 932 1455 ε’τι
954 1411 999 1454 δὲ
1018 1409 1312 1463 Ἐπιδαυρίοις
1341 1410 1413 1453 καὶ
1436 1410 1583 1460 τοῖς8
1558 1407 1613 1450 85

154 1467 326 1518 σίλλοις,
366 1467 477 1510 κατα
515 1466 594 1523 τὴν
632 1468 765 1519 δόξαν
803 1472 893 1511 τῶν
923 1470 1052 1521 ἷερων
1081 1469 1334 1521 προκρίνων
1363 1466 1440 1517 τοὶς
1469 1467 1535 1509 ἐν-

152 1522 326 1576 τεύξεις.
386 1524 546 1574 πάσαις
585 1524 630 1568 δὲ
669 1530 762 1575 ταῖς
792 1527 1040 1593 πρεσβείαις
1071 1524 1372 1594 φιλοτιμηθεὶς
1410 1539 1533 1578 κεχα-

151 1579 358 1650 ρισμένας
387 1583 544 1624 δοῦναι
576 1598 652 1632 τας
676 1579 929 1636 ἀποκρίσεις
958 1579 1243 1636 εὐαρεστουμο
1226 1580 1325 1631 ένας
1346 1579 1534 1623 απέλυσε

150 1636 261 1680 κατὰ
289 1637 338 1680 τὸ
369 1637 572 1681 δυνατόν.
1563 1654 1647 1694 114

86 1697 90 1705 ’
260 1691 500 1745 Ἀπολύσας
530 1694 576 1738 δε
604 1693 683 1745 τὰς
712 1695 938 1750 πρεσβείας
965 1695 1065 1748 περὶ
1093 1695 1173 1749 τὴν
1201 1693 1345 1749 ταφὴι
1370 1692 1533 1761 ἐγίνετο
1561 1715 1642 1753 90

151 1754 232 1794 τοῦ
256 1750 587 1806 Ἡφαιστίωνος.
612 1751 838 1823 τοσαύτην
869 1752 915 1795 δὲ
941 1752 1140 1807 σπουδὴν
1168 1750 1401 1806 ἐποιήσατο
1423 1748 1535 1803 πρὸς

151 1823 234 1864 την
269 1812 345 1879 τῇς
383 1807 578 1880 ἐκφορᾶς
608 1808 851 1877 ἐπιμέλειαν
883 1808 987 1858 ὥςτε
1017 1808 1074 1864 μὴ
1105 1824 1246 1862 μονον
1274 1808 1350 1857 τὰς
1379 1822 1534 1876 προγε-

140 1865 393 1936 ,γενημένας
428 1863 536 1920 παρ’
579 1863 834 1919 ἀνθρώποις
868 1865 1010 1920 ταφὰς
1038 1864 1382 1919 ὑπερβαλέσθαι,
1423 1861 1534 1906 ἄλλα

155 1921 228 1964 καὶ
257 1927 349 1972 τοῖς
377 1920 601 1976 ἐσομένοις
617 1924 844 1992 μηδεμιαν
873 1921 1036 1977 υπέρθε
1041 1934 1110 1965 σιν
1139 1926 1403 1964 καταλιπεῖν.
1459 1918 1535 1963 καὶ

155 1977 240 2033 γὰρ
268 1977 491 2034 ηγόιπησεν
520 1977 659 2022 αὐτὸν
687 1995 775 2022 των
805 1979 852 2022 ἐν
883 1991 1044 2035 στοργη
1058 1980 1207 2049 φίλων
1236 1976 1538 2031 δοξαζομένων
1562 1970 1618 2014 95

155 2035 230 2077 καὶ
269 2051 373 2089 μετα
413 2035 500 2105 τὴν
529 2035 730 2090 τελευτὴν
777 2036 972 2105 ἐτίμησεν
1012 2034 1147 2078 αὐτὸν
1184 2034 1533 2091 αἰυπερβλήτως.

156 2095 295 2144 ζῶντα
334 2092 412 2146 μὲν
446 2109 531 2147 γαρ
567 2095 835 2164 προετίμησε
852 2092 1028 2136 πάντων
1056 2097 1143 2135 τῶν
1170 2095 1314 2146 φίλων
1326 2123 1336 2142 ,
1376 2093 1533 2144 καίπερ

157 2148 391 2202 Κρατέρου
423 2152 575 2204 φιλίαν
610 2148 782 2205 ἔχοντος
820 2149 1062 2221 ἐνάμιλλον.
1122 2149 1211 2192 ἐπει
1240 2147 1323 2204 γάρ
1353 2165 1418 2199 τις
1447 2162 1537 2190 των

157 2204 341 2259 ἑταίρων
369 2210 459 2249 εἰπε
478 2206 613 2262 μηδὲν
629 2205 964 2259 καταδεέστερον
978 2205 1296 2276 Ηφαιστίωνος
1315 2205 1392 2248 τὸν
1418 2202 1536 2258 Κρά-

157 2275 286 2314 τερον
314 2261 587 2333 στέργεσθαι,
629 2263 924 2319 ἐπεφθέγξατο
957 2262 1186 2316 Κρατερον
1216 2279 1294 2318 μεν
1323 2260 1435 2305 εἶναι
1465 2278 1535 2316 φι-
1567 2257 1647 2299 100

159 2318 408 2390 λοβασιλέα,
449 2318 746 2390 Ἡφαιστίωνα
777 2321 823 2363 δὲ
855 2320 1210 2376 φιλαλέξανδρον.
1267 2323 1343 2389 τῇς
1372 2319 1417 2362 δὲ
1445 2323 1537 2361 Λα-

161 2376 282 2427 ρείου
312 2375 472 2430 μητρὸς
500 2376 610 2420 κατὰ
637 2377 716 2432 τὴν
739 2376 916 2434 πρώτην
945 2378 1136 2429 ε’ντευξιν
1165 2375 1236 2419 διὰ
1259 2376 1337 2430 τὴν
1354 2375 1538 2447 ἄγνοιαν

160 2431 493 2489 προςκυνούσης
530 2433 610 2477 τὸν
646 2433 944 2491 Ἡφαιστίωνα
985 2433 1043 2486 ὡς
1079 2433 1186 2477 ὄντα
1223 2433 1424 2490 βασιλέα,
1463 2431 1540 2476 καὶ

163 2576 221 2612 68.
269 2580 552 2627 Λιβυφοίνικες]
573 2583 838 2642 Λιβοφοίνικες
859 2583 891 2617 F
914 2582 997 2616 Bas.
1006 2582 1174 2626 ‚Cospus
1319 2578 1539 2626 ἐξέπεμψαν]

165 2622 335 2682 ἔπεμψαν
358 2628 416 2662 Fh
639 2629 679 2665 δ’
702 2632 732 2664 F
950 2630 1007 2662 71.
1051 2627 1219 2669 Ἰλλύριοι
1241 2628 1325 2664 Bas.

163 2671 222 2706 80.
270 2670 454 2718 ὁμόρους]
479 2671 643 2719 ὁμήρους
666 2678 810 2720 Coeptus,
833 2676 893 2720 qui
916 2686 998 2709 mox
1022 2687 1091 2708 om.
1114 2673 1268 2716 Ἠλείοις

256 2729 338 2765 250.
362 2730 420 2764 93.
465 2727 760 2788 υπερβαλὲσθαι]
780 2745 852 2770 vus
855 2730 1080 2779 ρβάλλεσθαι
1102 2734 1132 2767 F
1314 2733 1394 2771 τοῖς
1415 2726 1540 2784 ἒσθμὲ·

166 2776 270 2820 νοις]
303 2780 384 2817 ταῖς
413 2775 604 2821 ἐσομέναις
634 2781 693 2815 FL
899 2780 955 2814 94.
1005 2779 1102 2823 τῶν]
1135 2781 1216 2819 ταῖς
1237 2779 1312 2813 τῶν
1336 2780 1437 2813 Basa
1469 2772 1543 2819 μά-

164 2825 270 2856 λιστα
292 2835 367 2858 των
387 2824 550 2859 Reiskius
715 2826 772 2861 97.
824 2828 1023 2870 Κρατεροῦ
1044 2825 1126 2859 libri
1152 2832 1186 2861 et
1208 2825 1301 2860 infra.
1459 2821 1542 2857 100-

168 2869 364 2914 Κρατερόν
385 2869 454 2914 μὲν
476 2872 546 2913 FL,
570 2872 699 2908 caeteri
722 2871 913 2918 Κρατερὸν
936 2885 1003 2917 μεν
1024 2871 1094 2916 γάρ
