1820 3249
556 159 670 202 LIB.
700 158 791 200 XV.
832 159 964 200 CAP.
994 163 1062 201 93.
1092 165 1160 203 94.
1410 167 1522 206 1035

145 273 225 344 μὲν
253 269 335 318 οὖν
361 270 606 326 Ἀγησίλαος
643 268 763 322 ὁρων
791 267 867 312 τὸν
897 269 1077 324 βασιλέα
1107 274 1518 339 καταπεπληγμένον

146 330 219 374 καὶ
257 328 316 397 μὴ
343 331 579 382 τολμῶντα
615 324 984 378 διακινδυνεύειν,
1033 328 1266 381 παρεκάλει
1306 331 1514 385 θαρόεῖν

146 390 222 442 τῆς
247 401 331 441 γαρ
359 385 482 454 νίκης
510 381 738 450 τυγχάνειν
768 381 821 424 οὐ
850 383 955 432 τούς
985 382 1094 425 κατὰ
1118 384 1166 426 τὸ
1196 388 1371 439 πλῆθος
1399 403 1517 440 προ-

146 443 333 512 έχοντας,
361 439 468 484 α’λλὰ
494 439 597 489 τούς
625 438 733 482 κατὰ
759 454 836 490 τας
865 437 1163 494 ἀνδραγαθίας
1190 442 1509 495 πρωτεύοντας.

147 497 201 542 οὐ
239 497 527 567 προςέχοντος
577 494 622 538 δ’
665 493 805 538 αὐτοῦ
852 496 1190 552 συνηναγκάσθη
1233 513 1310 552 μετ
1377 499 1513 543 αὐτοῦ
1546 506 1624 546 100

143 552 414 625 ποιήσασθαι
448 551 529 609 τὴν
568 550 846 622 ἀναχώρησιν
880 553 941 602 είς
981 569 1078 596 τινα
1113 554 1244 597 πόλιν
1285 552 1514 612 ευμεγέθη.

145 612 190 655 οἱ
219 609 259 654 δ’
289 609 523 681 Αἰγύπτιοι
548 607 598 651 τὸ
627 611 801 661 πρῶτον
831 607 1119 662 ἐπολιόρκουν
1142 609 1247 661 τούς
1269 617 1515 665 συγκεκλει-

144 666 350 721 σμένους·
376 666 466 709 ἐπεὶ
497 664 543 708 δὲ
569 663 762 714 πολλοὺς
792 665 838 708 έν
856 670 948 715 ταῖς
966 669 1253 736 τειχομαχίαις
1273 666 1315 710 εἷς
1317 668 1513 723 τέβαλον

143 725 268 779 τείχει
302 722 377 766 καὶ
411 721 567 778 τάφρῳ
608 720 954 791 περιελάμβανον
991 725 1072 779 την
1110 722 1251 767 πόλιν.
1319 727 1428 780 ταχὺ
1468 727 1513 770 δὲ
1543 729 1570 769 5

142 783 232 823 τῶν
261 779 399 834 ἔργων
428 777 783 832 συντελουμένων
811 777 883 822 δια
903 777 984 834 τὴν
1002 783 1298 851 πολυχειρίαν,
1333 784 1408 825 καὶ
1430 786 1520 826 τῶν

144 836 396 892 ἐπιτηδείων
431 835 812 886 ἐξαναλωθέντων,
865 834 888 878 ὁ
925 835 1004 891 μὲν
1047 837 1195 906 Ταχώς
1235 836 1411 893 ἀπέγνω
1441 840 1521 895 τὴν

146 894 388 964 σωτηρίαν,
441 891 464 935 6
497 891 543 934 δὲ
569 890 818 946 Ἀγησίλαος
846 892 1148 944 παρακαλέσας
1177 910 1284 946 τους
1312 896 1521 948 στρατιω-

145 966 245 1000 τας,
291 949 365 992 καὶ
400 946 559 998 νυκτὸς
596 947 848 1002 ἐπιθέμενος
884 954 977 999 τοῖς
1014 952 1262 1005 πολεμίοις,
1314 952 1521 996 διέσωσεν

118 1028 129 1036 »
147 1005 341 1056 ἅπαντας
367 1004 472 1055 τούς
502 1003 765 1059 στρατιώτας
794 1003 1066 1057 ἀνελπίστως.
1123 1007 1453 1059 ἐπιδιωξάντων
1475 1009 1521 1053 δὲ
1554 1017 1604 1056 10

145 1067 234 1105 τῶν
249 1063 530 1131 Αἰγυπτίων,
561 1061 634 1103 καὶ
662 1065 750 1104 τῶν
776 1059 924 1104 τόπων
954 1060 1096 1106 ὄντων
1125 1067 1341 1115 πεδινῶν,
1373 1082 1415 1109 οι
1444 1066 1522 1120 μὲν

145 1117 379 1174 Αἰγύπτιοι
407 1118 611 1172 διέλαβον
649 1121 709 1175 τῷ
746 1115 904 1172 πλήθει
927 1124 1230 1164 κεκυκλωσθαι
1258 1121 1368 1173 τούς
1396 1128 1523 1167 πολε-

147 1177 276 1230 μίους
312 1175 386 1218 καὶ
421 1174 585 1224 πάντας
621 1162 758 1243 άρδην
794 1173 1068 1245 ἀναιρήσειν·
1128 1176 1152 1220 ὁ
1192 1178 1237 1222 δὲ
1263 1176 1521 1248 Ἀγησίλαος

146 1229 498 1288 καταλαβόμενος
531 1229 669 1274 τόπον
699 1229 747 1281 ὃς
776 1235 885 1298 εἰχεν
916 1230 957 1281 ἐξ
987 1232 1192 1287 ἑκατέρου
1220 1235 1386 1289 μέρους
1415 1235 1523 1279 διω-
1556 1241 1607 1282 15

149 1304 261 1343 ρυγα
289 1292 492 1356 ποταμοῦ
520 1288 822 1355 χειροποίητον
854 1286 1040 1341 ύπέμειε
1068 1289 1150 1345 τὴν
1176 1307 1266 1334 των
1298 1295 1523 1347 πολεμίων

147 1345 325 1400 ἔφοδον.
382 1343 559 1396 ἐκτάξας
597 1342 643 1387 δε
677 1360 757 1398 την
795 1342 984 1413 δύναμιν
1027 1347 1194 1399 οἰκείως
1231 1353 1326 1399 τοῖς
1356 1348 1523 1402 τόποις,

147 1401 223 1444 καὶ
250 1405 342 1453 τοῖς
369 1404 449 1444 τοῦ
477 1403 678 1453 ποταμοῦ
708 1400 901 1453 ῥείθροις
931 1399 1158 1456 ὀχυρώσας
1185 1421 1266 1458 την
1297 1407 1522 1459 στρατιάν,

151 1461 318 1511 συνῆψε
347 1455 497 1527 μάχην.
554 1460 637 1500 τοῦ
675 1456 720 1499 δὲ
756 1458 956 1512 πλήθους
983 1464 1074 1509 τοῖς
1102 1462 1336 1515 Αἰγυπτίο
1332 1479 1366 1513 ς
1394 1460 1523 1518 άχρή-

150 1525 256 1557 στου
273 1514 525 1583 γενομένου,
555 1518 649 1562 ταῖς
671 1510 842 1564 ἀρεταῖς
865 1514 1122 1569 προέχοντες
1142 1520 1186 1559 οἱ
1187 1516 1336 1586 Ἐλλη
1334 1535 1404 1570 νες
1419 1525 1521 1563 πολ-
1552 1525 1606 1564 20

148 1569 255 1619 λους
281 1570 360 1624 μὲν
389 1568 646 1613 ἀπέκτειναν
675 1573 763 1611 τῶν
792 1571 1064 1623 Αἰγυπτίων,
1116 1589 1221 1624 τους
1262 1576 1308 1617 δὲ
1343 1576 1526 1628 λοιπούς

148 1625 329 1696 φεύγειν
363 1624 639 1694 ἠνάγκασαν.
688 1641 794 1680 μετα
829 1626 874 1669 δὲ
912 1631 1048 1670 ταῦτα
1085 1629 1108 1673 ὁ
1149 1646 1228 1683 μεν
1257 1634 1350 1686 Ταχ
1355 1631 1412 1683 ως
1428 1634 1525 1703 ῥᾳ-

149 1684 251 1734 δίως
287 1681 579 1749 ἀνεκτήσατο
594 1680 673 1735 τὴν
713 1698 793 1724 κατ
850 1685 1075 1737 Αἴγυπτον
1114 1688 1365 1741 βασιλείαν,
1415 1688 1438 1732 6
1477 1680 1524 1732 δ’

143 1736 396 1795 Ἀγησίλαος
428 1738 486 1789 ὠς
524 1736 659 1793 μόνος
695 1741 996 1792 κατωρθωκώς
1025 1758 1105 1796 την
1132 1746 1362 1797 βασιλείαν
1390 1744 1528 1801 ἐτιμή-

87 1801 131 1835 17
146 1801 207 1851 θη
235 1794 558 1865 προςηκούσαις
587 1797 780 1847 δωρεαῖς.
840 1794 1029 1839 ἐπανιων
1058 1798 1104 1841 δὲ
1135 1801 1194 1850 εἰς
1223 1799 1305 1855 τήν
1335 1805 1527 1856 πατρίδα
1556 1810 1610 1850 25

150 1851 223 1895 διὰ
253 1852 457 1921 Κυρήνης
486 1851 743 1906 ἐτελεύτησε,
773 1852 849 1894 καὶ
874 1856 955 1895 τοῦ
985 1854 1184 1909 σώματος
1213 1856 1258 1899 έν
1287 1858 1428 1912 μέλιτι
1451 1876 1525 1902 κο-

149 1908 379 1964 μισθέντος
415 1910 475 1959 εἰς
511 1909 593 1963 τήν
622 1907 834 1977 Σπάρτην
869 1909 986 1978 ε’τυχε
1015 1916 1092 1965 τῆς
1122 1915 1353 1970 βασιλικῆς
1382 1920 1526 1971 ταφῆς

150 1981 194 2008 τε
222 1965 296 2009 καὶ
323 1969 463 2035 τιμῆς.
519 1965 593 2008 καὶ
621 1981 674 2011 τα
702 1965 795 2035 μὲν
808 1965 919 2008 κατὰ
940 1966 1018 2036 τὴν
1044 1967 1190 2014 Ἀσίαν
1209 1970 1334 2026 μέχρι
1353 1972 1525 2016 τούτων

149 2022 315 2078 προέβη
344 2038 454 2065 κατα
482 2025 644 2065 τοῦτον
671 2020 752 2071 τόν
779 2022 995 2066 ἐνιαυτόν
1554 2038 1610 2077 30

263 2077 388 2121 Κατὰ
416 2078 463 2122 δὲ
492 2078 571 2134 τὴν
604 2077 943 2150 Πελοπόννησον
972 2085 1063 2131 τοῖς
1088 2080 1264 2138 Ἀρκάσι
1287 2084 1528 2156 γενομένης
1555 2095 1611 2134 94

149 2133 346 2206 εἰρήνης
358 2138 507 2190 κοινῆς
544 2134 649 2189 μετά
680 2135 759 2190 τὴν
788 2135 835 2178 ἐν
865 2140 1109 2182 Μαντινεία
1147 2140 1299 2197 μάχην
1319 2141 1526 2186 ἐνιαυτόν

150 2189 290 2244 μόνον
328 2191 606 2246 ἐμμείναντες
651 2197 743 2242 τοῖς
779 2191 928 2262 ὅρκοις
970 2184 1101 2253 πάλιν
1141 2198 1410 2267 κατέστησαν
1433 2199 1525 2270 ‘216-

151 2251 297 2301 λεμον.
353 2247 401 2291 ἐν
440 2264 519 2303 μεν
549 2247 632 2303 γὰρ
673 2252 766 2299 τοῖς
805 2248 962 2302 ὅρκοις
991 2268 1048 2307 ην
1086 2255 1388 2323 γεγραμμένον
1426 2255 1524 2299 ἑκά·
1554 2262 1609 2303 35

153 2315 284 2353 στους
312 2305 371 2355 εἰς
399 2304 478 2359 τὴν
507 2321 675 2348 εαυτων
704 2303 879 2350 ἀπιέναι
907 2310 1097 2362 πατρίδα
1126 2310 1232 2364 μετὰ
1263 2311 1346 2367 τὴν
1364 2311 1524 2367 μάχην·

152 2361 212 2410 εἰς
241 2359 287 2404 δὲ
314 2360 394 2416 τὴν
422 2359 634 2431 *Μεγάλην
662 2360 794 2404 πόλιν
820 2362 1018 2420 ὑπῆρχον
1049 2367 1096 2409 αἱ
1121 2372 1426 2423 περιοικοῦσαι
1454 2368 1529 2413 πό

153 2419 239 2466 λεις
275 2417 589 2488 μετῳκισμέναι
626 2418 699 2460 καὶ
740 2421 957 2487 δυςχερῶς
975 2423 1215 2491 φέρουσαι
1254 2441 1337 2480 την
1379 2425 1426 2468 ἐκ
1454 2430 1531 2480 τῆς

154 2474 361 2528 πατρίδος
399 2472 673 2530 μετάστασιν.
733 2474 886 2532 διόπερ
928 2476 1077 2523 αὐτων
1105 2481 1442 2560 ἐπανελθόντων
1472 2485 1532 2534 εἰς

154 2593 212 2630 12.
256 2597 528 2643 κεκυκλωσθαι]
562 2597 818 2636 κυκλώσεσθαι
846 2600 1044 2647 Stephanus
1183 2644 1185 2646 ,
1229 2605 1287 2643 15.
1337 2603 1527 2652 διώρυγα]

156 2640 318 2686 διώρυχα
340 2645 379 2677 F
394 2657 413 2688 γ
436 2656 544 2689 snpra
565 2657 586 2691 χ
609 2646 723 2690 posito

245 2699 302 2734 77.
333 2699 390 2736 33.
435 2699 658 2757 κατέστησαν
689 2700 854 2759 πόλεμον
883 2706 1001 2748 Aba,
1045 2708 1173 2743 caeteri
1194 2705 1432 2754 ,κατέστησαν
1463 2707 1532 2744 τόν

154 2741 338 2826 πόλὲμοιϊ
357 2745 578 2793 κατέστησαν
606 2750 658 2791 εἰς
684 2748 751 2786 τὸν
779 2749 938 2796 πόλεμον
955 2753 1228 2801 wesselingius,
1260 2755 1531 2801 κατεστήσαντο

154 2802 181 2824 π
251 2802 301 2826 818
329 2803 381 2826 lus

336 2919 355 2935 1
