1820 3249
276 81 386 122 1076
613 73 727 117 LIB.
756 71 869 116 XVI.
929 72 1058 114 CAP.
1088 75 1310 116 37.-—39.

192 195 248 238 40
276 205 410 234 κοντα
447 188 525 257 μὲν
562 184 738 230 ἀνεῖλον
773 187 860 228 τῶν
906 182 1114 238 Φωκέων,
1165 184 1318 230 ἑκατὸν
1348 185 1394 231 δὲ
1422 185 1495 229 καὶ
1522 183 1640 241 τριά-

270 262 406 291 κοντα
434 242 691 298 ἐζώγρησαν

381 301 525 371 Ἡμεῖς
555 300 601 343 δὲ
628 299 681 341 τά
712 298 808 352 περὶ
842 296 1066 348 Βοιωτοὺς
1094 298 1167 341 καὶ
1198 301 1360 350 Φωκεῖς
1389 294 1641 367 διεληλυθό-

194 366 251 406 38
279 374 347 410 τες
375 356 586 426 ἐπάνιμεν
606 355 672 398 ἐπὶ
701 353 780 397 τόν
811 355 1041 396 Φίλιππον.
1099 357 1225 404 οὑτος
1253 354 1336 409 γάρ
1365 352 1543 409 νικήσας
1562 351 1640 395 τόν

275 414 541 470 Ὀνόμαρχον
570 412 773 467 ἐπιφανεῖ
801 408 1035 462 παρατάξει
1063 409 1142 465 τήν
1169 411 1211 452 τ’
1233 412 1279 453 ἐν
1305 415 1462 463 Φεραῖς
1485 425 1641 463 τυραν-

193 475 248 518 45
277 474 379 516 νίδα
413 472 586 513 καθεῖλε
620 468 694 511 καὶ
722 470 776 523 τῇ
804 466 924 509 πόλει
951 466 1031 521 τήν
1060 466 1309 520 ἐλευθερίαν
1339 465 1533 516 ἀποδούς
1567 465 1642 508 καὶ

278 545 332 572 τα
370 526 476 570 ἄλλα
512 541 564 567 τα
601 540 711 567 κατα
749 522 838 589 τήν
872 524 1107 565 Θετταλίαν
1143 522 1412 580 καταστήσας
1448 525 1642 590 προῆγεν

278 584 348 628 ἐπὶ
385 582 474 653 τὰς,
504 579 651 631 Πύλας
679 576 931 634 πολεμήσων
959 583 1049 628 τοῖς
1081 583 1293 622 Φωκεῦσι.
1353 577 1644 623 κωλυσάντων

280 641 326 685 δὲ
351 643 439 683 τῶν
463 636 709 704 Ἀθηναίων
736 638 922 678 διελθεῖν
948 633 1024 684 τάς
1052 633 1287 688 παρόδους,
1317 636 1562 691 ἐπανῆλθεν
1583 636 1644 685 εἰς

196 705 250 747 50
285 696 575 745 Μακεδονίαν,
604 691 802 762 ηὐξηκως
836 691 992 733 ἑαυτοῦ
1021 691 1099 745 τήν
1117 694 1338 761 βασιλείαν
1358 698 1451 742 ταῖς
1469 708 1512 734 τε
1534 690 1643 744 πρά-

280 755 367 806 ξεσι
395 753 467 796 καὶ
494 754 547 808 τῇ
576 749 685 804 πρὸς
712 749 761 791 τό
790 752 914 790 θεῖον
944 745 1151 805 εὐσεβεία.
1213 747 1414 798 Φάϋλλος
1445 748 1490 791 δὲ
1520 760 1644 801 στρα-

277 808 435 858 τεύσας
455 810 514 857 εἷς
533 804 736 859 Λοκροὺς
753 803 858 854 τούς
877 804 1280 872 ἐπονομαζομένους
1295 804 1643 874 Ἐπικνημιδίους
1657 808 1718 843 Ill

277 865 356 916 τάς
372 880 450 934 μεν
467 864 599 911 άλλας
616 860 764 911 πόλεις
782 859 1035 915 ἐχειρώσατο
1056 862 1211 913 πάσας,
1223 863 1347 930 μίαν
1375 861 1419 904 δε
1439 862 1519 929 τήν
1544 858 1644 902 ὀνο-

280 920 523 990 μαζομένην
541 916 730 971 Νάρυκα
750 918 820 959 δια
843 919 1081 971 προδοσίας
1098 916 1257 967 νυκτός
1274 914 1555 970 παραλαβών,
1567 915 1645 959 πά-

198 978 251 1022 55
280 984 350 1021 λιν
379 976 554 1027 ἐξέπεσε,
586 975 658 1018 καὶ
686 977 775 1016 τῶν
799 978 1072 1026 στρατιωτων
1101 972 1314 1030 ἀπέβαλεν
1334 971 1417 1017 οὐκ
1445 973 1645 1022 ἐλάττους

281 1050 371 1078 των
397 1033 644 1076 διακοσίων.
693 1045 797 1085 μετα
827 1030 873 1073 δὲ
905 1034 1041 1073 ταῦτα
1069 1032 1486 1085 στρατοπεδεύοντος
1505 1029 1646 1073 αὐτοῦ

281 1090 380 1144 περὶ
398 1106 473 1140 τας
491 1087 818 1157 ὀνομαζομένας
823 1086 955 1141 ’Ἄβας
967 1104 1008 1130 οι
997 1088 1205 1130 Βοιωτοι
1226 1086 1382 1137 νυκτὸς
1397 1087 1646 1141 ἐπιθέμενοι

281 1152 374 1198 τοῖς
404 1149 631 1189 Φωκεῦσιν
660 1141 833 1186 άνεῖλον
862 1142 1006 1186 αὐτῶν
1036 1143 1118 1187 οὐκ
1148 1143 1342 1199 ὀλίγους·
1385 1143 1645 1197 ἐπαρθέντες

197 1211 252 1252 60
283 1204 328 1247 δὲ
364 1218 423 1260 τῳ
458 1199 754 1274 προτερήματι
777 1203 1007 1256 παρῆλθον
1040 1202 1099 1251 εἰς
1126 1216 1205 1256 την
1232 1204 1321 1243 τῶν
1353 1201 1540 1243 Φωκέων
1566 1217 1647 1255 χω-

280 1276 377 1316 ραν,
406 1259 480 1302 καὶ
506 1258 669 1311 πολλὴν
699 1253 833 1311 αὐτῆς
862 1257 1161 1311 πορθήσαντες
1188 1256 1407 1313 ήθροισαν
1434 1257 1649 1312 λαφύρων

278 1320 460 1373 πλῆθος.
519 1312 788 1358 ἐπανιόντων
818 1313 860 1356 δ’
894 1312 1057 1365 αὐτων,
1088 1314 1162 1357 καὶ
1190 1317 1243 1370 τῇ
1273 1315 1542 1367 Ναρυκαίων
1571 1313 1649 1356 πό-

278 1377 344 1416 λει
380 1369 729 1439 πολιορκουμένῃ
770 1369 1083 1439 βοηθούντων,
1129 1369 1353 1425 ἐπιφανεὶς
1390 1368 1413 1413 ὁ
1447 1369 1648 1439 Φάυλλος

278 1427 463 1479 τούτους
491 1428 569 1484 μὲν
600 1426 828 1480 ἐτρέψατο,
867 1426 946 1482 τὴν
976 1427 1021 1470 δὲ
1057 1426 1185 1470 πόλιν
1217 1426 1328 1470 ελών
1356 1425 1464 1469 κατά
1493 1425 1650 1481 κράτος

196 1487 251 1532 65
282 1483 491 1555 διήρπασε
532 1482 608 1528 καὶ
647 1483 929 1533 κατέσκαψεν
997 1481 1130 1534 αὐτός
1169 1483 1216 1526 δὲ
1253 1484 1494 1538 περιπεσών
1529 1483 1647 1556 νόσῳ

279 1540 465 1612 φθινάδι
503 1540 576 1584 καὶ
612 1538 754 1583 πολυν
789 1539 952 1595 χρόνον
981 1538 1288 1610 άρρωστήσας,
1332 1540 1546 1591 ἐπιπόνως
1574 1530 1648 1584 και

280 1602 356 1654 τῆς
395 1596 593 1667 άσεβείας
632 1597 799 1646 οἰκείως
838 1596 1093 1650 κατέστρεψε
1130 1596 1209 1639 τὸν
1237 1598 1358 1667 βίον,
1397 1596 1646 1640 καταλιπων

281 1659 370 1698 τῶν
400 1651 590 1697 Φωκέων
620 1651 882 1723 στρατηγὸν
895 1652 1116 1696 Φάλαικον
1142 1653 1220 1696 τὸν
1244 1651 1520 1708 Ὀνομάρχου
1545 1652 1647 1696 υἱὸν

195 1720 251 1759 70
279 1715 363 1754 τοῦ
391 1710 469 1753 τὸν
498 1710 616 1765 ἱερὸν
645 1708 836 1764 πόλεμον
866 1707 1168 1760 ἐκκαύσαντος,
1197 1708 1427 1752 ἀντίπαιδα
1455 1709 1534 1779 τήν
1555 1708 1646 1782 ήλι-

279 1769 381 1811 κίαν
410 1765 536 1809 ὄντα·
585 1765 936 1835 παρακατέστησε
965 1763 1004 1808 δ’
1038 1764 1156 1835 αὐτῷ
1188 1766 1422 1818 ἐπίτροπον
1451 1765 1542 1822 α’μα
1570 1767 1646 1810 καὶ

279 1822 521 1879 στρατηγόν
549 1822 788 1873 Μνασέαν,
835 1821 911 1864 ε’να
948 1838 1035 1864 των
1062 1820 1219 1866 ἑαυτοῦ
1249 1825 1403 1877 φίλων.
1462 1824 1566 1878 μετὰ
1599 1823 1645 1866 δὲ

277 1884 414 1923 ταῦτα
452 1881 496 1922 οἷ
533 1879 720 1922 Βοιωτοὶ
758 1878 913 1929 νυκτὸς
941 1877 1192 1932 ἐπιθέμενοι
1216 1883 1309 1930 τοῖς
1340 1883 1539 1923 Φωκεῦσι
1566 1878 1645 1923 τόν

277 1952 322 1980 τε
358 1935 598 1991 στρατηγόν
627 1933 773 1978 αὐτῶν
802 1935 1014 1978 Μνασέαν
1044 1934 1299 1979 απέκτειναν
1317 1937 1388 1979 καὶ
1408 1941 1496 1978 τῶν
1519 1947 1645 1990 στρα-

193 1995 249 2039 75
278 1996 441 2036 τιωτῶν
469 1994 529 2043 εἰς
556 1993 819 2042 διακοσίους.
864 1989 956 2061 μετ’
986 1990 1133 2059 ὀλίγον
1162 1990 1208 2035 δ’
1234 1994 1499 2063 ἱππομαχίας
1526 2009 1646 2044 γενο-

276 2048 410 2121 μένης
442 2047 540 2101 περὶ
585 2047 861 2118 Χαιρώνειαν
897 2047 921 2091 ὁ
964 2046 1182 2100 Φάλαικος
1220 2048 1419 2106 ἡττηθεὶς
1456 2048 1644 2105 ἀπέβαλε

275 2121 365 2149 των
393 2103 558 2148 ἱππέων
586 2104 669 2148 οὐκ
683 2102 887 2174 ὀλίγους.

191 2169 248 2208 39
376 2161 493 2215 ’Ἅμα
530 2161 577 2204 δὲ
614 2159 787 2212 τούτοις
822 2160 1134 2216 πραττομένοις
1161 2161 1235 2205 καὶ
1262 2160 1370 2205 κατά
1388 2161 1479 2230 τήν
1509 2165 1642 2205 Πελο-

194 2227 249 2266 80
277 2217 500 2288 πόννησον
537 2215 735 2272 ἐγένοντο
771 2217 952 2272 ταραχαὶ
992 2218 1064 2261 καὶ
1092 2217 1288 2288 κινήσεις
1327 2216 1399 2262 διά
1437 2219 1643 2270 τοιαύτας

276 2274 398 2324 τινας
435 2274 587 2324 αἰτίας.
643 2273 983 2343 Λακεδαιμόνιοι
1018 2273 1130 2328 πρὸς
1157 2275 1514 2345 Μεγαλοπολίτας
1551 2277 1642 2318 δια-

277 2329 513 2402 φερόμενοι
540 2328 620 2402 τήν
646 2346 794 2385 χωραν
824 2328 969 2373 αὐτῶν
989 2330 1260 2385 κατέδραμον
1282 2329 1541 2386 Ἀρχιδαμου
1560 2330 1641 2387 τὴν

276 2384 513 2444 ἡγεμονίαν
543 2385 735 2442 ἔχοντος·
772 2386 815 2429 οἱ
843 2386 888 2430 δὲ
917 2389 1267 2444 Μεγαλοπολῖται
1295 2387 1641 2443 παροξυνθέντες

274 2554 333 2593 40.
379 2554 591 2601 Βοιωτους]
618 2568 707 2598 τους
730 2552 918 2597 Βοιωτούς
939 2556 969 2590 L
1103 2554 1319 2602 ἐπονομαζ]
1344 2555 1492 2601 ὅνομαζ.
1509 2559 1541 2592 Y
1557 2558 1639 2594 Bas.

363 2613 442 2649 111.
474 2612 532 2647 53.
580 2611 646 2648 Να
648 2615 761 2659 ρυκα]
784 2613 966 2657 Ναρύκαν
988 2614 1058 2650 Iac.
1083 2614 1297 2650 Gronovius·
1329 2615 1412 2649 libri
1434 2613 1584 2659 Ἀρύκαν

408 2658 468 2694 62.
502 2627 757 2716 Ναρυκαίων]
782 2660 865 2694 libri
885 2658 1083 2703 Ἀρυκαίων
1265 2661 1322 2695 71.
1360 2659 1437 2707 ἅμα
1461 2673 1530 2696 om.
1554 2662 1636 2697 Bas.

452 2703 677 2752 στρατηγὸν]
700 2703 791 2743 ὄντα
814 2707 944 2743 addunt
962 2706 1025 2742 FY
1047 2707 1130 2744 Bas.
