1820 3249
616 169 728 211 LIB.
774 168 897 212 XVI.
1337 168 1448 210 1577

66 295 277 336 peratorem
311 290 523 334 impetrant.
560 285 706 320 virtutis
746 293 783 321 et
812 286 1006 333 aequitatis
1045 286 1225 321 studiosus
1253 285 1449 319 Timoleon

67 348 223 381 fratrem
262 343 466 391 tyrannidis
487 349 743 387 -appetentem
776 345 1074 382 obtruncaverat.
1125 356 1183 377 res
1213 342 1361 377 Siciliae
1390 341 1452 375 Ti-

69 403 216 438 moleon
247 403 396 448 egregie
426 399 591 433 defendit
629 406 666 433 et
693 401 854 435 restituit
886 398 985 448 [65.].
1027 400 1273 436 Timoleontis
1302 398 1455 433 naviuin

69 466 266 506 apparatus
277 484 287 503 ,
317 459 389 492 iter
417 457 458 490 in
489 456 657 491 Siciliam
684 457 815 491 faustis
850 458 1036 491 ominibus
1067 458 1227 502 laetum,
1259 456 1344 502 igne
1373 466 1457 488 coe—

69 517 153 552 lesti
195 517 463 551 collustratum.
543 513 674 548 Poenis
721 514 835 549 obviis
874 514 1071 548 Timoleon
1113 514 1275 547 feliciter
1313 513 1458 557 elapsus

72 571 172 622 [66.].
213 576 425 608 Poenorum
463 570 782 615 machinationes,
824 571 915 604 socii
956 576 1039 604 tum
1080 571 1144 604 alii
1185 576 1267 604 tum
1308 569 1458 602 Hicetas

70 632 384 676 Syracusanorum
413 627 602 673 princeps,
635 627 763 672 copiae
794 633 830 661 et
867 627 906 660 in
939 628 1086 661 Siciliae
1116 627 1223 661 urbes
1248 625 1460 671 'expeditio-

72 698 136 720 nes
167 668 265 734 [67].
295 685 340 719 de
370 684 556 730 Syracusis
586 690 806 718 concertant
836 683 1033 728 Dionysius
1064 691 1100 718 et
1133 684 1292 717 Hicetas.
1335 682 1461 716 Timo-

70 743 155 776 leon
185 742 322 777 iterum
350 741 481 775 Poenis
510 741 651 786 elapsus
680 740 974 774 Tauromenium
1004 741 1120 786 fugit,
1151 740 1248 774 unde
1278 740 1317 773 in
1347 739 1456 772 Hice·
1469 758 1548 792 109.

70 806 150 834 tam
183 805 219 833 et
245 798 446 843 Syracusas
482 808 526 830 ex
554 797 756 842 improviso
786 797 969 842 impetum
1003 797 1093 831 facit
1126 793 1228 845 [68.].
1286 796 1456 829 Primum
1490 817 1522 850 1-

70 855 199 890 foedus
238 855 346 901 inter⁴
383 857 571 890 Romanos
611 860 648 888 et
689 854 1007 899 Carthaginienses
1053 854 1181 888 ictum.
1267 853 1311 886 In
1351 852 1458 885 Caria

72 913 195 946 Idrieo
225 912 396 945 successit
427 910 517 944 Ada.
561 913 602 945 In
632 910 757 945 Sicilia
787 911 987 955 Syracusae
1024 910 1163 944 divisae
1192 910 1290 943 inter
1319 909 1460 953 Diony-

73 970 182 1014 sium,
203 969 388 1012 Hicetam,
407 968 682 1002 Timoleontem
712 974 748 1001 et
778 969 928 1002 Poenos.
965 968 1028 1001 sed
1046 967 1255 1010 Timoleon,
1273 966 1378 999 novis
1401 975 1460 998 so-
1493 972 1500 979 ⁸

74 1026 141 1061 ciis
163 1032 199 1060 et
218 1025 333 1070 copiis
355 1031 495 1069 auctus,
516 1024 700 1070 Syracusis
729 1025 884 1069 aliisque
909 1025 1060 1058 urbibus
1089 1023 1242 1069 potitur,
1273 1025 1312 1058 in
1333 1024 1461 1055 Mace·
1478 1040 1556 1075 109·

74 1082 184 1117 donia
195 1082 384 1127 Philippus
401 1081 546 1127 Illyrios
562 1081 689 1114 domat
710 1088 746 1114 et
763 1082 954 1115 Thessalos
976 1081 1044 1114 sibi
1062 1081 1235 1114 conciliat
1253 1077 1352 1128 [69.].
1372 1078 1461 1112 Dio-
1491 1097 1525 1133 2.

74 1139 197 1184 nysius
226 1138 395 1172 abdicato
424 1138 584 1183 imperio
615 1139 779 1182 privatus
814 1138 1037 1172 Corinthum
1069 1138 1218 1182 migrat.
1257 1148 1330 1183 quo
1360 1136 1460 1170 facto

74 1195 271 1229 Timoleon
301 1195 538 1240 Syracusanis
579 1200 718 1228 statum
757 1194 1052 1228 democraticum
1092 1195 1237 1239 reddit,
1270 1205 1463 1239 novasque

74 1251 175 1298 leges
204 1251 343 1285 scribit.
383 1251 498 1285 annui
530 1251 768 1296 magistratus
797 1257 884 1285 sunt
912 1252 1007 1285 Iovis
1037 1251 1203 1296 Olympii
1244 1250 1461 1296 amphipoli,

77 1320 100 1342 a
128 1308 262 1354 quibus
291 1308 377 1342 anni
415 1314 662 1342 numerantur
693 1304 793 1357 [‚7o.].
826 1307 1017 1352 Philippus
1051 1308 1290 1353 Cersoblepte
1319 1308 1464 1341 devicto

77 1365 280 1400 Thraciam
309 1376 426 1410 regno
456 1364 711 1398 Macedonum
741 1365 833 1398 facit
861 1364 1115 1399 tributariam.
1149 1361 1305 1400 Adiecta
1330 1365 1462 1398 notitia
1477 1373 1554 1408 109,

77 1421 312 1466 Theopompi
338 1421 421 1456 Chii
451 1432 575 1455 rerum
597 1422 806 1456 Sicularum
831 1421 998 1455 historici
1030 1418 1131 1471 [71.].
1161 1423 1313 1456 Mortuo
1332 1422 1463 1466 Arym-
1494 1432 1529 1465 3,

78 1478 127 1512 ba
164 1489 254 1524 rege
282 1479 534 1512 Molossorum
573 1478 614 1512 in
642 1489 756 1524 regno
796 1478 962 1512 succedit
991 1478 1210 1513 Alexander.
1254 1479 1297 1512 In
1337 1479 1467 1512 Sicilia

79 1534 279 1570 Timoleon
315 1535 516 1569 Leontinos
554 1541 590 1569 et
627 1536 805 1570 Hicetam
843 1535 1029 1568 obsidione
1071 1535 1231 1579 premit3
1268 1536 1469 1580 Leptinem

81 1590 268 1626 devictum
305 1592 344 1625 in
372 1592 667 1637 Peloponnesum
707 1593 748 1626 in
789 1592 955 1625 exsilium
995 1591 1112 1625 mittit
1143 1589 1243 1639 [72..]
1285 1590 1331 1625 ad
1361 1592 1468 1626 susti·

80 1648 220 1683 nendos
249 1649 338 1682 belli
375 1655 515 1683 sumtus
545 1650 740 1685 Timoleon
771 1647 1137 1694 Carthaginiensium
1176 1660 1285 1694 agros
1315 1648 1468 1695 deprae-

82 1705 209 1749 datur,
247 1706 458 1752 multasque
496 1717 624 1740 eorum
662 1706 771 1740 urbes
809 1705 848 1738 in
887 1707 1102 1739 societatem
1144 1705 1290 1750 recipit.
1338 1706 1466 1740 exinde
1482 1708 1561 1746 109.

83 1762 402 1807 Carthaginienses
431 1775 546 1797 novas
575 1764 697 1809 copias
725 1763 763 1796 in
793 1762 958 1796 Siciliam
987 1761 1143 1795 mittunt
1174 1759 1273 1810 [73..]
1304 1762 1467 1797 Phocion
1496 1762 1532 1799 4.

83 1819 318 1853 Clitarchum
352 1820 451 1853 bello
481 1821 609 1855 vincit.
664 1822 706 1854 In·
737 1819 846 1853 Caria
877 1819 952 1853 Ada
980 1830 1097 1864 regno
1131 1818 1332 1864 expellitur
1361 1831 1382 1853 a
1411 1821 1472 1854 Pi-

84 1875 232 1910 xodaro.
272 1876 460 1922 Philippus
493 1878 709 1911 Perinthum
735 1875 926 1910 obsidione
963 1881 999 1908 et
1023 1875 1302 1921 oppugnatione
1331 1877 1474 1922 gravis-

86 1932 179 1966 sima
218 1932 366 1978 premit.
408 1930 561 1968 obsessis
604 1933 797 1980 Byzantini
839 1932 978 1966 auxilia
1016 1930 1170 1966 mittunt
1205 1929 1303 1980 [74.].
1341 1933 1473 1969 iisdem

85 1991 283 2025 Persarum
319 2001 387 2023 rex
420 2002 530 2035 opem
566 1991 657 2024 ferri
694 1991 811 2024 iubet.
856 1989 1098 2022 nihilominus
1134 1989 1322 2034 Philippus
1353 2001 1474 2035 oppu-

87 2046 258 2092 gnandae
286 2047 371 2080 urbi
401 2047 578 2080 continuo
607 2047 731 2080 instat.
761 2051 894 2079 natura
924 2046 999 2078 loci
1028 2052 1064 2079 et
1093 2045 1381 2091 Byzantinorum
1406 2059 1473 2081 au-
1496 2070 1498 2072 -

87 2102 176 2136 xilia
205 2103 336 2137 urbem
367 2104 530 2137 maxime
559 2110 739 2141 tutantur.
779 2103 905 2148 itaque
931 2102 1124 2147 Philippus
1162 2103 1355 2147 copiarum
1384 2115 1472 2149 par-

89 2165 164 2193 tem
202 2159 248 2193 ad
277 2160 493 2205 Byzantium
522 2160 631 2194 simul
661 2159 952 2206 oppugnandum
981 2159 1140 2205 ablegat.
1187 2159 1342 2195 Adiecta
1368 2161 1562 2203 noti-110·

87 2216 142 2250 tia
170 2216 435 2251 historicorum
453 2217 594 2262 Ephori
625 2223 660 2250 et
682 2216 796 2262 Diylli
827 2213 926 2263 [76.].
957 2216 1194 2250 Athenienses
1214 2216 1467 2252 Graecorum„
1501 2225 1533 2259 1,

80 2279 161 2319 'que
200 2273 263 2307 alii
303 2274 350 2308 ob
385 2274 602 2319 Byzantium
632 2274 817 2307 obsessam
856 2271 1030 2317 Philippo
1060 2273 1198 2307 bellum
1230 2272 1372 2308 inferre
1407 2275 1472 2308 de-

93 2335 271 2364 cernunt:
313 2331 410 2378 quod
453 2337 495 2364 ut
534 2330 713 2373 declinet,
755 2329 947 2363 obsidione
985 2328 1152 2363 abstinet.
1220 2330 1266 2363 In
1305 2331 1475 2366 Siciliam

93 2386 252 2420 maxima
283 2379 337 2420 vis
365 2379 570 2431 'copiarum
601 2386 830 2431 Carthagine
866 2385 976 2422 venit.
1018 2386 1065 2420 ob
1105 2397 1188 2420 eam
1228 2398 1379 2422 causam
1411 2388 1478 2422 Ti-

94 2444 239 2476 moleon
265 2454 350 2476 cum
368 2444 498 2478 Hiceta
517 2455 647 2488 pacem
677 2443 770 2477 facit
802 2439 900 2489 [77.].
930 2442 1127 2477 Timoleon
1158 2444 1369 2479 exhortatus
1394 2456 1478 2479 suos

93 2499 235 2532 bellum
264 2499 304 2532 in
333 2499 475 2534 hostico
508 2512 638 2546 gerere
668 2505 786 2545 parat.
826 2499 864 2532 in
895 2499 973 2544 ipso
1002 2500 1136 2534 itinere
1166 2500 1385 2535 seditionem
1417 2512 1478 2535 ex-

95 2555 187 2589 citat
217 2556 409 2600 Thrasius,
449 2557 695 2591 Phocensium
735 2556 826 2589 olim
860 2556 966 2591 miles
1002 2552 1101 2604 [78.].
1135 2557 1262 2592 sedata
1299 2558 1479 2592 seditione

96 2618 134 2645 et
161 2612 314 2646 exclusis
345 2612 520 2658 improbis
549 2614 588 2648 in
616 2613 761 2647 hostem
789 2618 916 2646 movet
935 2612 1129 2648 Timoleon
1161 2619 1197 2647 et
1226 2615 1324 2648 forte
1353 2614 1478 2648 oblato

94 2668 192 2702 bono
233 2669 357 2703 omine
401 2675 587 2705 recreatus
625 2670 809 2715 proelium
850 2669 1049 2707 committit
1086 2671 1250 2705 hostibus
1286 2671 1477 2703 funestum

98 2722 198 2773 [79.].
232 2726 364 2759 iterato
395 2727 535 2771 proelio
565 2727 716 2763 horrida
751 2728 950 2770 tempestas
981 2727 1111 2761 Poenis
1141 2727 1304 2763 maxime
1342 2726 1478 2759 infesta

97 2782 192 2816 fuit:
233 2794 307 2829 quo
337 2781 478 2818 factum
515 2789 555 2818 ut
585 2784 738 2818 foedam
778 2783 920 2817 cladem
950 2789 1165 2829 paterentur
1205 2790 1242 2818 et
1271 2783 1384 2817 effuse
1417 2783 1478 2817 su·

1468 368 1546 402 108.

1485 428 1519 457 4.
