1820 3249
476 192 593 233 [AB.
622 190 710 233 XV.
760 191 892 232 cAP.
909 194 978 233 85.
1000 195 1071 234 86.
1351 199 1460 240 1027

88 300 215 361 εἶχον
231 301 505 355 ἀκοντιστάς,
543 302 589 347 οἱ
616 301 663 346 δὲ
694 304 878 356 Θηβαῖοι
907 303 1190 357 τριπλασίους
1220 308 1456 364 σφενδονή-

86 378 163 413 τας
197 361 271 405 καὶ
306 357 563 410 ἀκοντιστάς
597 356 702 410 τούς
740 358 787 401 ἐκ
838 361 928 401 τών
964 358 1061 412 περὶ
1099 358 1178 414 τήν
1205 328 1455 430 Θετταλίαν

86 417 235 461 τόπων
269 413 624 485 ἀπεσταλμένους,
693 431 816 458 ουτοι
855 414 1161 469 περιττότερον
1200 415 1247 459 ἐκ
1283 420 1454 463 παίδων

87 477 331 542 ζηλοῦντες
333 472 426 543 ’,τὴν
454 472 500 515 ἐν
536 470 708 522 τούτοις
743 469 884 539 μάχην
919 470 1110 527 μεγάλην
1140 471 1282 528 ῥοπὴν
1309 481 1453 519 ποιεῖν
1483 476 1535 516 80

86 529 293 573 εἰώθασιν
328 528 376 572 ἐν
403 533 497 579 ταῖς
525 527 682 584 μάχαις
712 528 805 571 διὰ
817 527 896 595 τὴν
925 528 971 570 ἐν
1007 528 1180 579 τούτοις
1216 529 1451 598 ἐμπειρίαν.

85 585 233 638 διόπερ
258 586 301 629 οἱ
326 583 552 655 Ἀθηναῖοι
576 583 1021 653 κατατιτρωσκόμενοι
1045 585 1124 654 μὲν
1144 583 1230 628 ὑπὸ
1251 590 1450 640 ψιλικῶν,

83 640 459 711 καταπονούμενοι
508 639 552 684 δ’
598 639 686 684 ὑπὸ
731 644 819 683 τών
838 638 1222 710 ἀνθεστηκότων,
1264 641 1450 695 ἅπαντες

80 695 351 752 ἐτράπησαν
389 697 468 753 τὴν
496 697 542 741 δὲ
572 696 720 766 φυγήν
757 696 878 748 ἐκτὸς
913 701 1001 740 τῶν
1036 696 1228 751 κεράτων
1270 699 1450 769 ποιησά-
1479 701 1531 741 85

79 767 203 824 μενοι
233 755 546 806 διωρθώσαντο
579 753 660 809 τήν
688 759 830 809 ἡτταν.
888 752 976 808 α’μα
1014 755 1092 809 μὲν
1120 753 1204 809 γάρ
1233 771 1343 798 κατα
1372 755 1452 812 τὴν

79 808 359 880 ἀποχώρησιν
386 809 470 854 οὐκ
500 808 712 864 ἐτάραξαν
746 810 826 866 τὴν
860 811 978 853 ἰδίαν
1011 810 1234 866 φάλαγγα,
1264 811 1368 880 ,ἅμα
1403 813 1450 856 δὲ

70 866 379 921 περιπεσόντες
403 865 629 936 Εὐβοεῦσι
657 867 730 910 καὶ
767 866 1061 922 μισθοφόροις
1095 869 1208 911 τισὶν
1247 865 1450 912 ἀπεσταλ-

75 924 224 979 μένοις
256 923 326 967 ἐπὶ
360 922 443 979 τήν
480 923 724 992 κατάληψιν
760 939 849 966 των
883 925 1067 993 πλησίον
1105 922 1276 980 λόφων,
1318 923 1449 969 συνά-

75 987 234 1031 ψαντες
264 979 412 1031 αὐτοῖς
453 981 594 1049 μάχην
631 979 826 1031 ἅπαντας
865 979 1135 1024 ἀπέκτειναν.
1195 982 1239 1024 οἱ
1277 980 1323 1025 δὲ
1357 986 1446 1025 τών
1475 989 1530 1030 90

76 1038 282 1105 Θηβαίων
311 1038 453 1087 ἱππεῖς
481 1037 584 1087 τούς
615 1053 694 1106 μεν
720 1037 963 1092 φεύγοντας
995 1035 1076 1080 οὐκ
1100 1037 1364 1109 ἐπεδίωξαν,
1376 1039 1445 1082 ἐπὶ

74 1092 119 1136 δὲ
148 1092 227 1148 τήν
259 1092 463 1148 φάλαγγα
496 1109 585 1135 των
622 1091 988 1159 ἀντιτεταγμένων
1031 1093 1311 1145 ἐπελάσαντες
1350 1095 1446 1150 έφι-

72 1152 331 1204 λοτιμοῦντο
360 1148 630 1201 παραλλάξαι
669 1150 774 1200 τῒιύς
801 1149 966 1202 πεζούς.
1024 1151 1204 1204 ἰσχυρᾶς
1231 1150 1276 1194 δὲ
1309 1152 1445 1208 μάχης

72 1206 326 1275 γενομένης,
381 1206 454 1249 καὶ
503 1210 594 1248 τῶν
638 1203 882 1275 Ἀθηναίων
930 1206 1327 1260 καταπονουμένων
1370 1210 1444 1251 καὶ

72 1261 183 1330 πρὸς
209 1261 357 1334 φυγήν
386 1261 690 1318 ὁρμησάντων,
732 1260 754 1305 ὁ
786 1266 872 1305 τῶν
903 1261 1083 1305 Ἠλείων
1124 1264 1337 1331 ἵππαρχος
1374 1264 1442 1308 ἐπὶ
1473 1269 1527 1311 95

70 1323 147 1374 τῆς
170 1318 379 1388 οὐραγίας
406 1321 660 1374 τεταγμένος
690 1318 959 1375 έπεβοηθησε
991 1324 1082 1369 τοῖς
1111 1319 1337 1375 φεύγουσι,
1370 1322 1443 1365 καὶ

69 1375 258 1426 πολλοὺς
293 1379 382 1418 τῶν
415 1379 623 1418 Βοιωτῶν
651 1376 909 1446 καταβαλών
937 1377 1234 1430 παλίντροπον
1272 1376 1444 1447 ἐποίησε

69 1448 148 1485 την
177 1431 327 1502 μάχην.
386 1433 430 1474 οῖ
458 1448 536 1486 μεν
574 1434 658 1475 οὑν
686 1436 774 1474 τῶν
800 1431 977 1474 Ἠλείων
1006 1432 1145 1483 ἱππεῖς
1175 1437 1335 1476 τοῦτον
1364 1434 1443 1478 τὸν

69 1488 234 1542 τρόπον
270 1487 550 1540 ἐπιφανέντες
592 1491 653 1543 τῷ
693 1492 803 1543 λαιῷ
841 1487 985 1542 κέρατι
1030 1489 1077 1531 τὸ
1122 1489 1302 1544 γεγονὸς
1341 1492 1437 1561 περὶ
1473 1502 1552 1541 100

70 1543 176 1595 τούς
205 1543 456 1614 συμμάχους
487 1533 705 1598 έλαττώμα
743 1544 1067 1596 διωρθώσαντο.
1127 1545 1197 1587 ἐπὶ
1235 1546 1280 1589 δὲ
1309 1547 1442 1590 θατέ-

70 1616 154 1653 ρου
182 1599 360 1654 κέρατος
389 1599 709 1653 έπιρραξάντων
733 1598 931 1655 ἀλλήλοις
959 1605 1047 1643 τῶν
1077 1601 1243 1644 ’ἱππέων
1267 1603 1442 1673 βραχυν

66 1656 229 1711 ’χρόνον
257 1673 284 1710 η
317 1655 427 1712 μάχη
458 1656 668 1724 διέμεινεν
698 1656 958 1711 ι’σόῤῥοπος,
994 1658 1098 1712 μετά
1130 1657 1176 1700 δὲ
1203 1662 1339 1701 ταῦτα
1368 1658 1441 1702 διά

65 1729 109 1756 τε
138 1713 188 1757 τό
219 1716 387 1768 πλῆθος
416 1713 489 1755 καὶ
517 1711 598 1768 τήν
633 1711 792 1767 ἀρετὴν
819 1717 908 1755 τῶν
936 1716 1145 1756 Βοιωτῶν
1180 1731 1254 1757 και
1288 1718 1439 1758 Θεττα-

63 1773 155 1812 λῶν
184 1770 348 1814 ἱππέων
377 1770 423 1821 οἱ
451 1784 566 1839 μετα
585 1773 672 1812 τῶν
702 1768 964 1811 Μαντινέων
1004 1767 1124 1820 ὄντες
1143 1769 1434 1839 ἐβιάσθησαν,
1492 1780 1518 1821 5

63 1826 138 1869 καὶ
160 1825 346 1896 συχνους
368 1817 664 1884 ἀποβαλόντες
693 1826 940 1896 κατέφυγον
968 1825 1080 1895 πρὸς
1104 1842 1184 1881 την
1212 1829 1330 1870 ἰδίαν
1354 1828 1436 1883 φά-

63 1887 214 1938 λαγγα.
258 1899 285 1938 η
326 1898 404 1937 μεν
433 1886 516 1925 οὐν
553 1886 643 1925 τῶν
680 1880 786 1934 παρ’
825 1879 1088 1937 ἀμφοτέροις
1128 1883 1296 1927 ἱππέων
1325 1885 1436 1941 μάχη
1464 1893 1520 1933 8ss

63 1943 265 1982 τοιοῦτον
293 1938 385 1994 ε’σχε
413 1938 460 1982 τὸ
486 1937 628 1989 τέλος·
660 1940 705 1981 αἱ
737 1939 783 1982 δὲ
812 1939 975 1991 πεζικαὶ
1006 1938 1212 2007 δυνάμεις
1241 1940 1299 1991 ὦς
1329 1953 1435 1984 συν-
1466 1952 1518 1991 10

63 1999 206 2066 ἦλθον
235 1996 295 2046 εἰς
321 2000 466 2051 χεῖρας
501 2000 591 2046 τοῖς
625 1996 868 2064 πολεμίοις,
898 1995 1120 2063 μεγάλους
1150 2013 1224 2039 και
1257 2002 1436 2067 θαυμα-

63 2051 194 2103 στοὺς
239 2049 413 2114 ἀγῶνας
456 2050 789 2121 συνεστήσαντο.
855 2050 1063 2096 οὐδέποτε
1102 2052 1186 2107 γὰρ
1221 2052 1436 2110 Ελλήνων

61 2107 174 2163 πρὸς
190 2106 405 2178 ἿΕλληνας
440 2107 768 2178 ἀγωνιζομένων
806 2106 905 2151 οὔτε
943 2112 1114 2178 πλῆθος
1153 2109 1327 2164 ἀνδρῶν
1365 2127 1434 2154 το-

61 2169 197 2209 σοῦτο
243 2163 510 2234 παρετάξατο
559 2163 663 2209 οὔθ’
714 2163 922 2220 ἡγεμόνες
962 2163 1293 2236 ἀξιολογώτεροι
1340 2172 1433 2218 τοῖς

61 2218 302 2291 ἀξιώμασιν
330 2219 430 2265 οὔτε
461 2220 615 2276 άνδρες
644 2221 936 2275 δυνατώτεροι
970 2227 1065 2272 ταῖς
1090 2222 1137 2264 έν
1167 2228 1258 2274 τοῖς
1286 2224 1431 2267 κινδύ-
1465 2232 1514 2271 lo

60 2293 154 2328 νοις
183 2275 613 2347 ἀνδραγαθίαις.οῖ
639 2277 722 2333 γὰρ
752 2282 1008 2347 πεζομαχεῖν
1048 2277 1203 2333 ἄριστα
1243 2279 1432 2335 δυνάμε-

60 2349 133 2377 νοι
160 2334 269 2378 κατὰ
295 2351 400 2386 τους
428 2333 744 2404 υποκειμένους
771 2334 952 2404 καιροὺς
980 2335 1167 2378 Βοιωτοὶ
1195 2336 1270 2379 καὶ
1297 2340 1433 2380 Λακε-

61 2390 283 2447 δαιμόνιοι
320 2390 432 2446 πρός
467 2389 678 2448 άλληλους
715 2407 825 2435 κατα
855 2408 934 2447 την
961 2390 1082 2444 τάξιν
1120 2390 1433 2449 ἀνθεστηκότες

58 2542 116 2578 78.
138 2543 206 2589 τήν
227 2550 307 2582 ante
328 2548 526 2585 Θετταλίαν
550 2560 618 2584 om
638 2549 670 2582 F
852 2547 909 2582 81.
934 2546 1127 2593 εἰώθασιν]
1150 2549 1269 2592 immo,
1295 2549 1428 2592 opinor,

60 2559 256 2627 εἰώθεηισαν
531 2594 715 2650 ψιλικων]
754 2608 828 2629 των
852 2595 949 2629 addit
972 2596 1055 2629 Rei
1058 2596 1136 2630 kius
1269 2631 1271 2633 ,
1318 2609 1429 2630 κατα-

59 2635 313 2691 πονουμενοι]
344 2639 710 2696 καταπολεμούμενοι
738 2641 987 2684 AFHIKLQR
1187 2641 1245 2675 97.
1269 2643 1431 2698 καταβα-

59 2679 134 2718 λῶν
158 2684 229 2726 Fl,
255 2688 382 2721 caeteri
403 2685 618 2732 καταλαβών
800 2688 858 2722 98.
882 2689 1015 2722 τοῦτον
1038 2686 1105 2721 τὸν
1130 2686 1284 2744 τρόπον]
1309 2701 1428 2732 τοντφ

58 2729 120 2809 Ξᾳῐῖι
135 2741 176 2775 w
156 2728 258 2777 ρόπῳ
281 2731 357 2810 FIK3.
390 2734 559 2814 τοσοῦτὲ
567 2731 829 2820 Ᾰεῐῗὸςέειέξὲτξ
833 2733 1023 2814 [ἑοσοΰτον
1050 2732 1084 2767 9
1110 2733 1152 2770 τὸ
1175 2732 1278 2815 &lagg
1288 2733 1431 2816 {gygas

59 2820 214 2865 γαθίαις
236 2823 350 2865 AFK,
376 2824 502 2859 caeteri
524 2822 794 2871 ἀνδραγαθίαις
814 2823 1045 2868 ἐπεδείξαντο
1368 2793 1387 2826 ρ

1042 2876 1155 2922 66*
