1820 3249
496 215 790 292 'Llsshxvffl
847 214 975 257 GAP.
1004 219 1073 260 28
1102 219 1517 262 29.1285

68 331 236 385 ἳεοβεν
295 329 339 373 οἱ
374 327 453 385 μὲν
485 325 568 383 γὰρ
610 325 844 381 ἅνθρωποι
882 327 956 371 διὰ
995 327 1044 371 τό
1080 331 1156 384 τῆς
1183 330 1323 384 ψυχῆς
1351 327 1516 384 εὐχάρι-

147 396 251 428 στον
279 385 352 429 καὶ
379 384 679 455 μεγαλόψυχον
709 384 965 439 συνέτρεχον
985 383 1205 453 πάντοθεν
1231 388 1289 436 εἰς
1311 386 1391 458 την
1407 386 1516 431 ’-Αλε

145 441 388 496 ξάνδρειαν,
417 440 490 485 καὶ
517 439 761 495 προθύμως
789 440 971 492 ἑαυτούς
993 443 1053 492 εἰς
1073 442 1154 497 την
1179 445 1405 497 στρατείαν
1429 459 1515 485 πα-
1539 447 1593 489 40

145 500 349 567 ρείχοντο,
378 499 532 550 καίπερ
552 501 627 553 τῆς
647 500 871 554 βασιλικῆς
885 497 1110 553 δυνάμεως
1129 498 1369 568 μελλούσης
1389 504 1512 543 πολε·-

141 561 238 624 μεῖν
264 554 374 625 πρὸς
403 558 699 624 Πτολεμαῖον,
730 555 804 598 καὶ
832 554 1052 598 κινδύνων
1079 554 1312 612 προδήλων
1340 556 1413 600 καὶ
1442 572 1514 612 με-

141 611 288 666 yonam
318 610 457 655 ὄντων
495 609 611 666 ὅμως
652 611 836 662 ἅπαντες
875 610 955 668 τήν
983 611 1145 655 τούτου
1175 614 1392 682 σωτηρίαν
1420 618 1514 664 τοῖς

143 669 271 723 ἰδίοις
306 666 531 718 κινδύνοις
570 668 777 719 ἑκουσίως
804 669 1178 738 περιεποιήσαντο.
1248 671 1291 713 οἱ
1330 670 1376 714 δὲ
1415 670 1513 713 θεοὶ

142 723 215 768 διὰ
254 723 334 780 τὴν
373 723 529 779 ἀρετὴν
569 725 641 773 καὶ
679 726 738 775 εἰς
771 724 936 776 πάντας
961 742 1065 776 τους
1095 727 1252 794 φίλους
1280 726 1511 770 ἐπιείκειαν
1539 729 1594 772 45

139 780 201 825 ἐκ
223 797 312 825 των
347 783 573 850 μεγίστων
588 780 809 825 κινδύνων
836 782 1091 852 παραδόξως
1121 780 1257 825 αὐτὸν
1287 783 1509 827 διέσωσαν.

251 840 496 892 Περδίκκας
523 854 608 893 γαρ
637 836 925 908 ὑφορώμενος
942 837 1091 883 ‘atheo
1109 837 1188 894 τὴν
1208 837 1400 894 αὔξησιν,
1432 837 1509 882 oei}-
1537 843 1594 882 29

137 895 210 945 τὰς
245 895 325 949 μὲν
365 895 506 949 ἔκρινε
545 893 648 950 μετα
688 899 776 938 τῶν
818 895 1032 950 βασιλέων
1069 898 1130 953 τῷ
1170 897 1354 952 πλείστῳ
1394 895 1512 966 μέρει

136 955 214 1006 τῆς
242 949 470 1007 δυναμεως
500 951 750 1005 στρατεύειν
780 952 850 995 έπὶ
879 952 958 1008 τήν
986 941 1226 1006 Αἴγυπτον,
1257 941 1433 1007 Εὐμένη
1461 949 1509 995 δ’

138 1007 369 1079 ἐξέπεμψεν
405 1009 476 1052 ἐπὶ
512 1008 588 1052 τὸν
623 1007 938 1063 Ἑλληςποντον
977 1009 1233 1056 κωλύσοντα
1271 1025 1375 1060 τους
1414 1009 1512 1063 περὶ
1540 1010 1597 1054 50

136 1065 215 1108 τὸν
237 1063 516 1134 Ἀντίπατρον
545 1064 617 1108 καὶ
653 1064 878 1119 Κράτερον
907 1066 1148 1120 διαβαίνειν
1169 1067 1228 1116 εἰς
1246 1082 1326 1121 την
1352 1064 1512 1113 Ἀσίαν,

139 1119 243 1172 δούς
279 1118 399 1178 αὐτῷ
432 1121 521 1189 τὴν
548 1119 827 1191 ἁρμόζουσαν
866 1121 1069 1175 δύναμιν.
1138 1123 1428 1180 συνεξέπεμψε
1466 1121 1514 1166 δὲ

137 1177 212 1221 καὶ
249 1181 337 1221 τῶν
372 1166 613 1248 αξιολόᾳων
650 1176 878 1248 ἡγεμόνων
916 1178 1022 1229 τούς
1053 1179 1252 1229 ἱκανούς,
1306 1181 1368 1222 ὠν
1395 1181 1511 1250 ἦσαν,

137 1233 474 1288 ἐπιφανέστατοι
497 1231 692 1285 Ἀλκέτας
723 1232 746 1278 6
776 1233 966 1304 αδελφός
995 1234 1068 1278 καὶ
1089 1233 1409 1306 Νεοπτόλεμος,
1439 1235 1514 1279 καὶ
1543 1237 1598 1280 55

136 1289 311 1342 τούτοις
348 1289 693 1345 παρεκελεύσατο
740 1291 884 1335 πάντα
923 1296 1175 1346 πειθαρχεῖν
1215 1291 1403 1346 Εὐμένει
1441 1290 1515 1335 διοέ

136 1363 181 1391 τε
210 1347 289 1403 τὴν
317 1349 579 1402 στρατηγίαν
609 1346 749 1391 αὐτοῦ
769 1348 842 1392 καὶ
860 1347 933 1392 δια
949 1365 1030 1404 την
1048 1352 1124 1404 τῆς
1143 1349 1326 1400 πίστεως
1345 1347 1517 1405 βεβαιό-

136 1420 255 1458 τητα.
297 1403 320 1446 6
347 1403 392 1446 δ’
392 1403 615 1474 Ενμένης
635 1404 740 1459 μετὰ
770 1409 845 1460 τῆς
862 1407 1077 1476 δοθείσης
1107 1404 1332 1474 δυνάμεως
1361 1409 1518 1457 παρελ-

135 1459 234 1506 &mv
260 1459 332 1504 ἐπὶ
353 1459 430 1504 τόν
447 1458 773 1516 Ἑλλήςποντον,
803 1461 876 1504 καὶ
894 1460 1459 1532 προςκατασκευασάμενος
1454 1461 1517 1505 ἐκ

135 1520 211 1572 τῆς
240 1517 353 1567 ἰδίας
382 1518 649 1570 σατραπείας
677 1518 820 1560 ἵππων
850 1522 1032 1587 πλῆθος,
1063 1517 1274 1587 ἐκόσμησε
1292 1535 1371 1575 την
1391 1531 1513 1587 στρα-
1543 1522 1598 1563 60

134 1573 246 1626 τιάν,
275 1574 423 1628 ἐλλιπῆ
452 1577 736 1617 καθεστῶσαν
767 1574 877 1617 κατὰ
911 1578 1040 1617 τοῦτο
1070 1574 1118 1617 τό
1150 1575 1288 1629 μέρος.
1349 1578 1439 1618 τῶν
1468 1574 1515 1618 δὲ

133 1629 233 1683 περὶ
263 1630 498 1700 Κράτερον
516 1631 589 1673 καὶ
610 1629 898 1684 Ἀντίπατρον
915 1630 1254 1685 περαιωσάντων
1281 1647 1358 1680 τας
1386 1630 1518 1674 δυνά-

97 1688 101 1695 ’
132 1703 228 1756 μεις
257 1687 303 1730 ἐκ
331 1690 405 1743 τῆς
433 1685 666 1743 Εὐρώπης,
698 1686 721 1730 6
748 1704 828 1742 μεν
858 1688 1167 1742 Νεοπτόλεμος
1199 1688 1430 1757 φθονήσας
1453 1690 1517 1745 τῷ

133 1741 348 1812 Εὐμένει,
397 1744 470 1787 καὶ
509 1759 607 1798 περι
644 1743 780 1786 αὑτὸν
821 1744 930 1799 ε’χων
969 1743 1283 1799 Μακεδοιικὴν
1328 1731 1518 1799 δύναμιν

129 1798 383 1872 ἀξιόλογον,
430 1799 574 1858 λάθρα
615 1800 977 1856 διεπρεσβεύσατο
1017 1800 1129 1854 πρός
1167 1801 1274 1851 τοὺς
1309 1801 1405 1853 περὶ
1436 1800 1514 1843 τὸν
1542 1804 1597 1847 65

129 1854 432 1910 Ἀντίπατρον,
471 1857 544 1900 καὶ
586 1857 855 1911 συνθέμενος
883 1858 1201 1912 κοινοπραγίαν
1225 1857 1514 1913 ἐπεβούλευσε

132 1917 195 1982 τῷ
215 1912 417 1981 Εὐμένει.
433 1912 699 1983 καταφανὴς
719 1914 765 1957 δε
784 1931 858 1970 γει
862 1913 1029 1967 ὁμενος,
1047 1931 1120 1957 και
1136 1914 1514 1968 συναναγκασθεὶς

131 1968 276 2026 μάχην
305 1968 511 2022 συνάψαι,
544 1967 677 2020 αὐτός
712 1986 756 2013 τε
785 1970 1088 2018 ἐκινδύνευσεν
1117 1969 1407 2041 ἀναιρεθῆναι
1439 1971 1512 2014 καὶ

133 2027 233 2095 τὴν
249 2025 437 2081 δύναμιν
468 2025 620 2096 σχεδὸν
657 2025 830 2069 ἅπασαν
860 2026 1087 2098 ἀπέβαλεν
1147 2025 1172 2071 6
1201 2044 1285 2081 γαρ
1317 2026 1515 2096 Εὐμένης
1542 2034 1597 2073 70

133 2079 314 2139 νικήσας
342 2083 415 2126 καὶ
444 2081 635 2134 πολλοὺς
663 2081 854 2136 ανελιόν,
884 2083 934 2128 τό
964 2084 1123 2134 λοιπόν
1151 2100 1195 2127 τε
1226 2088 1396 2139 πλῆθος
1424 2087 1515 2129 τῶν

134 2143 410 2209 στρατιωτων
434 2155 736 2195 προςηγαγετο
761 2141 835 2183 καὶ
864 2157 944 2197 την
982 2138 1174 2195 δύναμιν
1200 2140 1279 2195 τὴν
1309 2142 1426 2184 ἰδίαν
1458 2138 1513 2184 οὐ

133 2194 272 2250 μόνον
301 2196 375 2240 διὰ
402 2200 478 2266 τῆς
506 2198 628 2250 νίκης
658 2196 909 2266 ἐπηύξησεν
941 2195 1051 2241 ἀλλὰ
1069 2196 1421 2267 προςλαβόμενος
1440 2197 1514 2241 καὶ

135 2251 409 2296 Μακεδόνων
446 2251 628 2308 οἷγαθῶν
657 2251 832 2307 ανδρῶν
861 2257 1043 2308 πλῆθος.
1101 2253 1406 2309 Νεοπτόλεμος
1435 2270 1515 2309 μεν

135 2310 216 2352 οὐν
243 2309 348 2366 μετὰ
377 2311 642 2365 τριακοσίων
672 2311 838 2355 ἱππέων
870 2311 1106 2385 διασωθεὶς
1138 2310 1186 2355 ἐκ
1214 2314 1289 2367 τῆς
1319 2310 1509 2366 παρατά-
1541 2317 1595 2357 75

225 2486 306 2522 289.
341 2488 398 2524 38.
444 2488 666 2547 πάντοθεν]
692 2488 930 2534 πανταχόθεν
956 2491 1015 2525 Fv
1199 2490 1258 2525 39
1302 2470 1512 2532 προθίμως

134 2535 164 2568 F
169 2534 225 2575 W
246 2535 374 2569 caeteri
396 2536 620 2592 προθύμους
802 2537 860 2572 40.
897 2538 1164 2591 παρείχοντο]
1180 2535 1384 2580 παρέχοντα
1410 2536 1454 2569 W

224 2579 281 2614 42-
330 2577 449 2627 ὅμως]
480 2579 617 2624 ὁμοίως
642 2584 672 2617 F
698 2588 872 2617 correctus
897 2583 930 2617 in
955 2595 1078 2629 marg.
1233 2583 1290 2618 44.
1331 2582 1417 2617 θεοὶ
1441 2593 1511 2615 om.

134 2625 215 2659 Bas.
363 2626 421 2660 51
468 2628 533 2662 τὸν
555 2642 624 2670 ow
650 2629 680 2663 Ι·
827 2629 884 2664 59.
931 2627 1370 2686 προκατασκευασάμενος
1393 2639 1511 2662 omnes

291 2670 350 2704 69.
398 2672 591 2727 στρατιαν]
615 2675 806 2730 στρατείαν
831 2676 910 2708 Bas.
1083 2675 1234 2720 ἐλλιπῆ]
1259 2673 1400 2718 ἐλλειπῆ
1426 2674 1506 2706 Bas.

132 2747 137 2752 .
293 2716 352 2753 63.
395 2718 445 2763 τῷ
473 2719 528 2753 Et·
529 2720 652 2764 μένει]
674 2719 741 2755 τὸν
769 2718 919 2767 Εὐμένη
945 2722 1004 2764 W,
1030 2721 1095 2757 τόν
1119 2721 1255 2766 εὐμενῆ
1280 2721 1307 2753 1⁴
1330 2732 1397 2764 qun
1421 2720 1506 2752 solet

132 2764 277 2811 act-:enm
466 2765 523 2800 67.
571 2767 640 2801 καὶ
665 2779 733 2800 om.
759 2768 842 2802 Bas.
1023 2769 1081 2803 71.
1131 2767 1263 2803 λοιπόν
1287 2768 1346 2810 τε]
1375 2761 1508 2799 λοιπὸν

133 2807 241 2842 ἙἹΨ
424 2808 481 2846 72.
527 2809 596 2854 την
620 2811 780 2854 δύναμιν
811 2827 877 2858 την
909 2813 1033 2858 ἰδίαν]
1073 2811 1140 2857 τήν
1164 2815 1264 2849 ἰδιαν
1293 2812 1451 2855 δύναμιν
1477 2808 1505 2844 F

317 2853 373 2889 73.
422 2855 483 2890 καὶ
508 2858 757 2906 προςλαβόμεν
761 2860 823 2903 ος]
847 2861 1022 2900 imm-tunt
1046 2832 1134 2904 BW',
1164 2872 1234 2895 om.
1257 2859 1317 2894 καὶ
1344 2858 1371 2892 F
