1820 3249
316 123 424 163 1212
671 122 786 162 Lm.
818 100 970 167 ΗΠ.
994 123 1136 165 -οΑΡ.
1164 129 1233 169 τε.
1262 130 1332 169 το

315 244 441 283 σιν,
440 232 738 305 ἐστράτευσεν
775 233 849 278 ἐπ’
891 233 1042 280 αὐτόν.
1102 237 1125 282 ὁ
1168 239 1214 281 δὲ
1257 234 1584 292 Σατιβαρζάνης
1611 224 1691 303 τὴν

204 293 284 333 100
313 290 392 346 μὲν
424 290 613 345 δύναμιν
640 290 852 347 ἤθροισεν
871 295 932 344 εἰς
954 293 1250 347 Χορτάκανα,
1261 293 1389 337 πόλιν
1410 292 1690 348 5mq>ocva6m²7
1677 303 1764 336 -201

313 363 394 416 την
418 352 505 390 τῶν
534 348 580 390 ἐν
603 348 778 399 τούτοις
794 355 887 401 τοῖς
913 349 1065 402 τόποις
1092 353 1165 395 καὶ
1195 363 1360 421 φυσικῃ
1392 350 1691 403 διαφέρουσαν

314 402 557 475 ὀχυρότητι.
617 409 699 448 τοῦ
742 406 788 449 δὲ
831 408 1038 461 βασιλέως
1075 407 1327 458 ἐπιστάντος
1364 406 1613 461 κατεπλάγη
1639 405 1690 449 τό

313 477 359 504 τε
400 462 582 517 μέγεθος
620 465 697 533 τῆς
739 465 964 518 δυνάιιεως
1000 465 1074 507 καὶ
1110 465 1185 515 τὰς
1217 464 1569 533 διαβεβοημένοις
1605 466 1693 505 τῶν

259 519 284 560 5
315 522 592 562 Μακεδονων
623 517 933 576 ἀνδραγαθίας.
993 522 1142 574 διόπερ
1168 519 1305 572 αὐτὸς
1335 537 1413 576 μεν
1443 522 1548 574 μετὰ
1572 522 1695 574 διςχι-

311 577 419 618 λίων
449 575 614 633 ιππέων
646 577 868 629 ἐξίππευσε
897 577 1005 646 πρός
1035 582 1221 634 Βῆσσον,
1252 578 1472 632 παρακαλέ
1478 589 1568 620 σων
1597 580 1696 632 βοη-

311 636 406 675 θεῖν
439 634 547 677 κατα
579 651 726 705 ταχος·
759 641 864 685 τοῖς
880 635 927 677 δ’
949 635 1110 685 ἄλλοις
1141 635 1395 690 παρηγγειλε
1425 638 1694 688 καταφυγεῖν

313 691 373 740 εἰς
405 690 510 745 ὄρος
547 692 595 734 τό
628 692 904 746 καλούμενον
933 692 976 741 *‚
1007 692 1106 746 ἕχον
1145 692 1306 742 πολλὰς
1343 693 1580 746 δυςχωρίας
1619 690 1695 732 καὶ

315 763 462 815 φυγας
493 748 702 799 εὐθέτους
737 754 828 799 τοῖς
857 748 914 804 μή
946 752 1136 802 τολμῶσι
1163 747 1274 791 ’κατὰ
1303 748 1440 802 στόμα
1471 749 1695 790 διακινδυ-

232 809 285 849 10
313 805 469 848 νεύειν.
530 807 592 848 ὠν
635 805 905 858 πραξάντων
933 803 982 846 τό
1010 804 1326 859 παρεγγελθέν,
1358 803 1381 847 6
1412 803 1612 859 βασιλευς
1643 820 1694 859 τη

318 862 503 918 συνήθει
544 865 768 918 φιλοτιμία
805 859 1075 917 χρησαιιενος
1112 863 1186 904 καὶ
1225 860 1332 910 τούς
1360 860 1695 915 καταφυγόντας

319 921 379 969 εἴς
408 936 505 962 τινα
535 927 697 972 πετραν
727 919 909 986 ὀχυράν
923 919 995 961 καὶ
1025 919 1214 974 μεγάλην
1242 916 1539 973 πολιορκήσας
1576 916 1693 969 ἐνερ-

317 981 425 1044 γῶς,
471 975 719 1044 ἠνάγκασεν
758 974 938 1025 ἑαυτοὺς
978 977 1270 1029 παραδοῦναι.
1330 974 1433 1029 μετὰ
1474 974 1520 1017 δὲ
1559 977 1695 1015 ταῦτα

237 1036 288 1076 15
319 1031 459 1082 πάσας
482 1033 563 1083 τὰς
591 1033 700 1076 κατα
713 1032 810 1087 τὴν
844 1034 1109 1100 σατραπείαν
1136 1031 1303 1086 ταύτην
1327 1032 1476 1080 πόλεις
1506 1031 1551 1073 ἐν
1579 1028 1696 1082 τριά-

319 1088 450 1133 κονθ’
483 1089 664 1145 ἡμέραις
693 1091 1100 1144 κατακτησάμενος,
1142 1093 1335 1143 προῆγεν
1365 1089 1410 1131 ἐκ
1434 1105 1515 1142 της
1541 1086 1698 1141 Ὑρκα-

314 1148 446 1197 νίας,
473 1147 546 1189 καὶ
577 1147 784 1219 διανύσας
815 1148 874 1197 εἰς
902 1163 954 1188 τα
986 1148 1181 1201 βασίλεια
1211 1150 1304 1200 τῆς
1315 1148 1614 1201 Δραγγηνῆς,
1634 1143 1697 1187 ἐν·

315 1208 461 1246 ταύθα
492 1203 677 1257 διέτριβε
707 1205 779 1246 καὶ
808 1204 887 1258 τὴν
918 1201 1107 1258 δύναμιν
1139 1202 1437 1257 ἄνελαμβανε.

232 1265 288 1303 ’79
420 1260 556 1303 Κατα
604 1260 650 1303 δὲ
697 1261 882 1310 τούτους
921 1276 1024 1309 τους
1063 1258 1245 1313 καιρούς
1285 1259 1505 1312 περιέπεσε
1542 1222 1696 1311 πραξει

234 1323 288 1362 20
318 1321 520 1389 μοχθηρᾷ
549 1334 623 1360 και
652 1334 727 1372 της
757 1319 869 1366 ἰδίας
901 1315 1186 1371 χρηστότητος
1217 1315 1433 1371 ἀλλοτρία.
1492 1331 1582 1357 των
1608 1330 1696 1384 γαρ

320 1375 460 1429 φίλων
499 1391 563 1423 τις
599 1378 679 1416 τοῦ
712 1374 920 1429 βασιλέως
951 1373 1092 1425 ὄνομα
1126 1374 1313 1428 Λίμνος,
1353 1370 1698 1427 μεμψιμοιρησας

315 1434 400 1487 τῷ
408 1433 577 1493 βασιλεῖ
603 1432 704 1484 περί
733 1447 865 1474 τινων
892 1430 966 1472 καὶ
996 1434 1055 1488 τῷ
1085 1434 1218 1501 θυμῷ
1247 1428 1494 1500 51590'7586052),
1525 1428 1698 1482 ἐπιβου-

317 1489 397 1542 λην
428 1486 721 1541 συνεστήσατο
753 1486 849 1530 κατ’
885 1484 1036 1529 αὐτοῦ.
1098 1486 1207 1541 ἔχων
1237 1485 1279 1530 δ’
1314 1484 1536 1540 ἐρώμενον
1565 1484 1699 1528 Νικό-

233 1545 287 1586 25
320 1560 473 1599 μαχον,
503 1548 664 1587 τοῦτον
695 1544 832 1588 ἔπεισε
862 1547 1128 1614 κοινωνῆσαι
1157 1547 1231 1600 τῆς
1261 1542 1508 1599 ἐπιβουλης.
1570 1557 1698 1591 ουτος

318 1601 365 1644 δὲ
392 1601 492 1651 νέος
523 1601 586 1643 ὢν
614 1606 836 1651 παντελῶς
865 1599 1185 1644 ανεκοινιόσατο
1215 1600 1296 1654 τὴν
1325 1602 1483 1653 πρᾶξιν
1502 1603 1562 1656 τῷ
1581 1597 1699 1642 αδελ-

318 1661 390 1713 φςό
421 1659 659 1729 Κεβαλίνῳ.
721 1656 744 1701 6
777 1659 821 1701 δὲ
853 1657 1063 1713 φοβηθεὶς
1092 1656 1150 1711 μὴ
1181 1656 1350 1712 φθάση
1367 1673 1430 1706 τις
1468 1660 1558 1698 τῶν
1592 1668 1697 1699 συν-

319 1695 501 1757 ειδότων
538 1731 610 1757 και
645 1714 820 1772 δηλώσῃ
862 1715 941 1767 τὴν
977 1713 1213 1768 ἐπιβουλην
1241 1718 1302 1769 τῷ
1334 1715 1520 1768 βασιλεῖ,
1565 1710 1699 1763 αὐτὸς

320 1771 461 1824 ε’κρινε
480 1776 683 1839 μηνῦσαι
743 1769 977 1825 παρελθών
1005 1776 1087 1813 ουν
1118 1771 1184 1813 ἐπὶ
1215 1771 1293 1825 τὴν
1325 1770 1476 1838 αὐλην
1506 1770 1577 1812 καὶ
1603 1782 1700 1812 συν-

235 1833 289 1871 30
319 1828 462 1882 τυχών
496 1828 671 1870 Φιλώτα
699 1830 773 1870 καὶ
793 1829 1045 1882 διαλεχθείς,
1077 1827 1382 1881 παρεκελεύετο
1400 1828 1480 1882 τήν
1499 1845 1587 1882 ταχ·
1584 1829 1699 1881 ’στην

320 1884 578 1940 απαγγεῐλαι
606 1888 667 1939 τῷ
698 1889 868 1940 βασιλεῖ
894 1884 974 1939 τὴν
1002 1887 1175 1938 πρᾶξιν.
1238 1883 1260 1926 6
1294 1885 1339 1928 δε
1380 1884 1578 1934 Φιλώτας
1617 1884 1698 1926 εἴτε

319 1943 392 1985 καὶ
434 1941 505 1985 δια
536 1941 583 1984 τὸ
615 1948 847 1984 κοινωνεῖν
875 1947 970 2010 τῆς
984 1941 1215 1996 επιβουλῆς
1243 1943 1324 1984 είτε
1352 1943 1426 1983 καὶ
1457 1941 1529 1985 δια
1559 1942 1699 2009 ρᾳθυ-

322 2000 426 2066 μίαν
454 1998 531 2066 τόν
563 1998 753 2051 ρηυέντα
781 1998 915 2053 λόγον
946 1995 1092 2053 αργῶς
1123 1998 1319 2049 ἐδέξατο,
1361 1999 1433 2041 καὶ
1463 1995 1700 2050 παρελθών

236 2061 289 2103 35
319 2054 427 2107 πρὸς
456 2055 533 2097 τὸν
556 2054 864 2123 Ἀλέξανδρον,
904 2073 976 2097 και
1005 2059 1164 2109 πολλης
1194 2055 1266 2097 καὶ
1295 2056 1582 2123 παντοδαπης
1603 2070 1697 2096 κοι-

318 2114 524 2182 νολογίας
555 2111 787 2167 μετασχών,
819 2111 949 2155 οὐδεν
977 2117 1066 2155 τῶν
1095 2110 1183 2155 ὑπὸ
1216 2113 1458 2163 Κεβαλίνου
1477 2108 1725 2180 ῥηθέντων.

319 2166 589 2223 απήγγειλεν.
651 2168 837 2220 ἐξελθών
879 2169 926 2212 δὲ
955 2169 1065 2223 πρὸς
1098 2167 1176 2211 τὸν
1205 2171 1450 2223 Κεβαλῖνον
1479 2173 1597 2210 εἶπεν
1631 2166 1699 2210 ὅτι

318 2225 475 2281 καιρὸν
505 2224 746 2281 ἐπιτηδειον
778 2224 860 2269 οὐκ
891 2226 983 2282 ἔσχε
1013 2229 1304 2282 διασαφῆσαι,
1343 2224 1620 2280 ἐπηγγέλλετο
1653 2224 1698 2268 δε

408 2407 488 2440 221.
521 2407 555 2441 3.
603 2407 646 2443 τό
668 2410 727 2453 τε]
754 2405 795 2443 τὸ
818 2411 902 2444 Bas.
1066 2405 1257 2451 δυνάμεως
1279 2408 1346 2441 ΤΧ
1369 2408 1471 2451 Bas„
1497 2408 1623 2442 caeteri
1639 2409 1700 2442 ad-

317 2453 402 2485 dunt
424 2454 494 2487 τοῦ
519 2455 704 2497 βασιλέως,
733 2467 821 2498 quae
843 2455 1008 2489 asterisco
1032 2455 1166 2488 notavit
1189 2455 1385 2497 Stephanus
1468 2480 1471 2481 γ
1539 2454 1573 2488 6.
1610 2455 1701 2498 βοη-

317 2499 415 2546 θεῖν]
443 2500 647 2544 βοηθήσειν
671 2503 702 2534 F
840 2502 873 2534 7.
907 2505 983 2544 post
1006 2499 1234 2542 καλούμενον
1259 2503 1425 2534 lacunam
1443 2501 1574 2535 habent
1589 2501 1699 2542 LTX,

317 2547 828 2582 crucemx·e1a³terisc‘umBa„
840 2548 1176 2591 etsteph.12.
1202 2547 1300 2590 τινὰ]
1315 2545 1421 2592 vij
1534 2546 1590 2581 13.
1615 2544 1700 2581 ἑαν-

458 2603 473 2625 ε

318 2636 429 2680 τους]
467 2635 607 2678 αύτους
630 2629 751 2684 εαυτῷ
774 2640 805 2673 F
1001 2640 1058 2672 17.
1108 2639 1350 2684 Δραγγηνῆς]
1385 2635 1602 2696 Δραγγήνης
1624 2638 1697 2679 FL,

322 2682 451 2716 caeteri
474 2686 680 2728 Δραγγινῆς
873 2684 928 2719 24.
977 2682 1020 2719 δ’
1050 2685 1080 2717 F
1269 2685 1327 2721 25.
1376 2681 1550 2730 οντος],
1555 2687 1699 2727 ,lacuna

323 2729 379 2762 hic
401 2735 462 2763 est
474 2736 579 2774 usque
602 2732 650 2765 ad
673 2731 823 2766 medium
845 2742 873 2765 c.
897 2731 954 2765 81.
980 2732 1015 2764 ἰη
1039 2730 1294 2766 T“W13ssB1,.
1453 2730 1511 2768 33.
1541 2711 1697 2776 ἀ’ργαῖς]

324 2773 462 2821 οἶεργως
492 2777 573 2811 Bas.
759 2776 816 2812 35.
865 2777 1094 2822 Κεβαλίνον]
1126 2780 1341 2823 Κεφαλίνου
1374 2778 1458 2813 Bas·
