1820 3249
534 124 1554 169 LIB.XV11.cAP.53.54.1187

174 237 415 311 μυριάδων.
487 236 596 282 κατὰ
636 236 682 280 δε
728 234 810 290 τήν
849 233 1113 305 ὁδοιπορίαν
1153 234 1295 286 δεξιὸν
1327 235 1408 291 μὲν
1444 236 1552 307 ἔχων

175 299 255 341 τόν
289 299 451 366 Τίγριν,
476 293 707 365 ἀριστερὸν
735 294 781 336 δὲ
809 293 887 336 τόν
907 291 1163 360 Εὐφράτην,
1194 295 1358 348 προῆγε
1379 294 1452 336 διά
1472 293 1550 350 χώ-

179 370 258 410 ρας
287 351 546 407 εὐδαίμονος
573 351 646 394 καὶ
677 349 920 405 δυναμένης
949 355 1040 400 τοῖς
1067 348 1241 405 κτήνεσι
1271 351 1432 405 δαψιλῆ
1451 367 1548 406 χορ·
1578 359 1631 400 65

176 411 370 466 τάσματα
390 409 703 463 παρασχέσθαι,
727 410 787 465 τῷ
811 407 856 449 δὲ
879 404 1038 460 πληθει
1057 410 1144 448 τῶν
1168 411 1440 477 στρατιωτῶν
1461 410 1552 450 ἱκα-

176 467 258 518 νιές
293 464 461 520 τροφάς
499 468 746 532 χορηγῆσαι.
813 463 993 506 ε’σπευδε
1033 461 1117 516 γάρ
1154 462 1253 531 περὶ
1288 462 1369 518 τὴν
1405 465 1553 507 Νίνον

177 523 447 593 ποιήσασθαι
469 522 547 577 τήν
568 519 822 573 παράταξιν,
855 517 1165 590 εὐθετωτάτων
1187 517 1329 562 ὄντων
1346 535 1437 562 των
1451 521 1552 575 περὶ

179 577 316 633 αὐτὴν
355 580 517 622 πεδίων
554 577 626 622 καὶ
655 576 821 632 πολλὴν
850 574 1125 647 εὐρυχωρίαν
1154 575 1462 645 παρεχομένων
1491 580 1553 633 τῷ

175 636 347 692 μεγέθει
384 639 473 678 τῶν
504 633 813 705 ἠθροισμένων
847 631 921 676 ὑπ’
955 631 1096 675 αυτοῦ
1124 632 1370 701 δυνάμεων.
1425 649 1552 676 κατα-
1580 643 1636 683 70

177 692 555 745 στρατοπεδεύσας
594 693 639 735 δὲ
676 691 775 744 περὶ
811 689 962 745 κώμην
997 689 1079 742 τήν
1109 687 1435 758 ὀνομαζομένην
1453 689 1554 744 ’Ἀρ-

176 752 311 817 βηλα,
352 748 429 799 τάς
472 747 678 802 δυνάμεις
708 748 902 790 ἐνταῦθα
931 745 1037 789 καθ’
1069 743 1239 814 ἡμέραν
1266 744 1453 797 ἐξέταττε
1478 746 1553 790 καὶ

175 809 229 862 τῆ
261 811 431 861 συνεχεῖ
458 806 646 856 διατάξει
675 804 748 847 καὶ
783 805 932 872 μελέτῃ
970 801 1285 845 κατεσκεύασεν
1323 801 1551 854 εὐπειθεῖς.

177 863 353 918 σφόδρα
400 861 483 916 γὰρ
527 861 694 917 ἠγωνία
739 860 904 916 μήποτε
943 863 1117 902 πολλων
1153 859 1228 902 καὶ
1241 857 1554 930 ἀσυμφώνων
1582 865 1638 907 75
1707 851 1709 854 ’

176 919 322 962 ἐθνῶν
354 917 659 985 ἠθροισμένων
688 922 781 968 ταῖς
812 915 1052 967 διαλέκτοις
1087 914 1251 972 ταραχή
1285 932 1350 966 τις
1379 915 1556 973 γένηται

174 974 284 1020 κατὰ
313 976 393 1030 τήν
421 974 672 1029 παράταξιν.

291 1031 400 1086 Περὶ
431 1032 476 1074 δε
506 1030 746 1079 διαλύσεως
775 1028 848 1072 καὶ
876 1027 1091 1083 πρότερον
1122 1013 1205 1098 μεν
1230 1027 1433 1083 ἐξέπεμψε
1453 1044 1552 1082 πρε-
1583 1037 1638 1077 54

175 1087 359 1142 σβευτάς
397 1086 509 1142 πρὸς
544 1086 852 1140 Ἀλέξανδρον,
898 1085 1101 1140 έκχωρῶν
1148 1083 1268 1140 αὐτῷ
1315 1089 1392 1153 τῆς
1433 1085 1554 1137 ἐντὸς
1583 1096 1638 1136 80

161 1143 325 1196 ’Ἅλυος
356 1148 554 1199 ποταμοῦ
584 1142 739 1200 χώρας,
768 1142 842 1185 καὶ
870 1129 1261 1212 προςεπηγγέλλετο
1293 1141 1450 1185 δώσειν
1468 1140 1554 1212 άρ-

175 1203 334 1271 γυρίου
369 1200 559 1243 τάλαντα
596 1202 788 1255 διςχίλια.
859 1215 918 1248 ως
965 1196 1011 1241 δ’
1064 1196 1120 1240 οὐ
1159 1202 1382 1252 προςεῖχεν
1422 1197 1556 1269 αὐτῶ,

177 1257 310 1301 πάλιν
349 1257 580 1313 ἐξέπεμψεν
619 1256 777 1306 άλλους
816 1255 1043 1310 πρέσβεις,
1090 1254 1280 1297 ἐπαινῶν
1309 1255 1388 1310 μὲν
1417 1245 1556 1298 αὐτδν

177 1315 245 1358 ἐπὶ
284 1318 345 1370 τῷ
384 1318 526 1365 καλῶς
563 1318 801 1382 κεχρῆσθαι
837 1328 889 1368 τη
927 1327 972 1354 τε
1011 1311 1140 1366 μητρὶ
1175 1311 1249 1354 καὶ
1287 1317 1378 1362 τοῖς
1408 1311 1556 1363 ἄλλοις

179 1359 488 1440 αἰχμαλώτοις,
536 1370 668 1422 άξιων
700 1369 745 1413 δὲ
776 1370 908 1422 φίλον
943 1367 1148 1421 γενέσθαι
1185 1367 1260 1411 καὶ
1293 1372 1442 1425 λαβεῖν
1477 1385 1554 1425 την
1584 1378 1638 1420 85

178 1427 300 1479 ἐντός
330 1425 574 1480 Εὐφράτου
603 1426 748 1482 χώραν
777 1425 849 1468 καὶ
878 1422 1056 1467 τάλαντ’
1092 1422 1310 1479 ἀργυρίου
1345 1396 1553 1480 τριςχίλία

177 1485 252 1529 καὶ
287 1484 364 1539 τὴν
400 1484 552 1537 ἑτέραν
579 1488 668 1526 τῶν
699 1483 857 1526 ἑαυτοῦ
886 1481 1144 1550 θυγατέρων
1171 1486 1379 1535 γυναῖκα,
1418 1482 1554 1525 καθό-

178 1546 260 1584 λου
300 1542 345 1584 δε
381 1542 616 1596 γενόμενον
647 1537 848 1595 γαμβρὸν
878 1538 950 1580 καὶ
980 1536 1100 1589 τάξιν
1129 1540 1232 1580 υἱοῦ
1259 1538 1453 1610 λαβόντα
1481 1555 1554 1582 κα-

176 1597 320 1652 θάπερ
349 1597 564 1641 κοινωνὸν
593 1596 799 1652 γενέσθαι
826 1597 902 1649 τῆς
930 1593 1032 1649 ὅλης
1061 1596 1291 1649 βασιλείας.
1333 1593 1357 1638 ὁ
1377 1593 1422 1638 δ’
1441 1593 1549 1638 Ἀλέ
1584 1608 1638 1648 90

178 1656 361 1708 ξανδρος
398 1656 458 1705 εἰς
492 1671 541 1697 το
581 1653 814 1706 συνέδριον
852 1652 1123 1705 παραλαβων
1152 1651 1319 1702 πάντας
1346 1651 1452 1702 τούς
1487 1653 1555 1721 φί-

178 1716 284 1762 λους
314 1712 386 1754 καὶ
415 1711 510 1766 περὶ
550 1714 638 1753 τῶν
667 1706 993 1777 προτιθεμένων
1024 1707 1233 1760 αιρέσεων
1262 1706 1556 1751 ἀνακοινωσά-

180 1784 332 1838 μενος,
351 1766 475 1823 ἠξίου
501 1766 580 1823 τὴν
610 1768 728 1809 ἰδίαν
756 1763 951 1837 γνώιιην
965 1763 1151 1806 ἕκαστον
1179 1764 1283 1818 μετά
1311 1764 1557 1833 παρρησίας

182 1822 511 1879 ἀποφήνασθαι.
568 1827 656 1866 τῶν
690 1839 770 1878 μεν
810 1817 893 1864 ουν
923 1819 1064 1863 άλλων
1091 1819 1237 1872 οὐδεὶς
1266 1821 1433 1889 ἐτόλμα
1454 1835 1556 1876 συμ-

181 1884 418 1937 βουλεῦσαι
461 1880 532 1925 διά
569 1879 619 1923 τὸ
662 1880 845 1939 μέγεθος
884 1881 960 1949 τῆς
1003 1877 1293 1947 ὑποκειμένης
1333 1876 1555 1934 ζητήσεως,
1586 1890 1641 1930 95

184 1939 447 2010 Παρμενίων
487 1936 532 1980 δὲ
562 1939 733 1991 πρῶτος
763 1940 908 1986 εἰπεν,
945 1933 1055 1989 Ἐγώ
1086 1951 1164 1988 μεν
1195 1952 1258 1978 ων
1284 1933 1557 1988 Ἀλέξανδρος

181 1993 339 2065 ε’λαβοξι
379 2010 434 2036 αν
473 2011 526 2036 τα
566 1992 770 2063 διδόμενα
809 1992 884 2035 καὶ
907 1990 996 2052 τὴν
1032 1992 1241 2035 σύνθεσιν
1272 1991 1554 2047 ἐποιησάμην.

182 2049 207 2095 ὁ
238 2048 282 2095 δ’
308 2048 588 2116 Ἀλέξανδρος
615 2048 854 2106 ὑπολαβων
883 2052 995 2101 εἰπε,
1025 2047 1182 2104 Κάγώ,
1228 2050 1265 2092 εἰ
1295 2051 1559 2104 Παρμενίων

180 2174 240 2210 64.
270 2177 412 2232 προῆγε
434 2175 540 2218 FLQ,
563 2174 691 2209 caeteri
713 2173 847 2221 προῄει
1030 2172 1086 2208 66.
1120 2171 1158 2208 δε
1181 2174 1223 2215 Ε,
1248 2173 1376 2207 caeteri
1399 2184 1436 2207 τε

182 2220 351 2278 τροφὰς]
371 2219 516 2265 τρυφάς
538 2222 619 2255 Bas.
779 2221 836 2255 67.
866 2219 970 2275 περὶ]
1000 2217 1059 2255 ἐπὶ
1083 2221 1141 2253 Fh
1294 2219 1353 2254 68.
1387 2218 1470 2263 περὶ
1494 2233 1563 2254 αυ-

183 2266 276 2312 τὴν]
302 2266 418 2313 αὐτῆς
439 2269 470 2302 F
641 2266 698 2301 70.
746 2280 798 2302 νπ
807 2265 840 2311 ’]
866 2262 960 2309 νπὲρ
984 2266 1014 2299 F
1173 2265 1231 2300 72.
1279 2232 1462 2310 ε’ξέταττερ]
1489 2264 1562 2309 §52¹-

184 2326 316 2349 ταττον
339 2315 370 2348 F
564 2311 620 2347 75.
667 2312 731 2348 καὶ
753 2333 799 2339 -
823 2311 1047 2356 διαλέκτοις]
1093 2308 1353 2366 ἠθροισμένων
1383 2312 1444 2346 καὶ
1480 2316 1561 2352 ταῖς

187 2359 388 2399 διαλέκτοις
411 2357 651 2404 ἀσυμφώνων
673 2360 732 2394 FL
899 2358 957 2393 78.
1004 2357 1066 2392 καὶ
1089 2358 1288 2403 πρότερον]
1313 2356 1497 2401 πρότερον
1520 2358 1562 2402 L,

185 2407 336 2448 πρῶτον
359 2407 389 2440 Ε
572 2404 771 2450 ἐξέπεμψε]
798 2404 934 2448 έπεμψε
959 2405 1019 2437 FL
1200 2405 1254 2438 80.
1300 2416 1499 2448 προςεπηγ,
1500 2404 1563 2439 έλ-

187 2454 267 2487 λετο
291 2452 387 2493 Bas„
411 2449 648 2496 προςῇγγελλε
671 2453 712 2494 L,
735 2449 999 2496 προςεπήγγελε
1023 2450 1062 2494 Ε,
1089 2451 1537 2495 οεεῑειίπροςεπηγγέλετο

278 2497 335 2532 81.
379 2479 555 2542 διςχίλια]
579 2500 847 2544 πεντακιςχίλια
866 2498 926 2532 FL
1109 2497 1167 2530 84.
1213 2498 1258 2543 τῇ
1281 2497 1340 2540 τε]
1366 2499 1410 2542 τῇ
1427 2498 1460 2531 Τ
1479 2498 1561 2531 Bas.

1284 2544 1358 2577 ίλιοι

379 2587 437 2624 86.
483 2587 638 2624 τάλαντ’
670 2590 752 2625 Bas.
951 2587 1152 2631 τριςχίλια]
1183 2555 1382 2632 τριςῖιιιύρια
1404 2589 1452 2622 F:
1483 2587 1563 2620 vide

187 2632 445 2669 annotationem
625 2635 682 2669 87.
731 2634 884 2680 ἑτέραν]
908 2632 1064 2691 υστέραν
1088 2634 1117 2666 F
1300 2635 1357 2669 90.
1404 2633 1558 2676 πάντας]

188 2679 395 2719 ἅπαντας-Ε
520 2680 578 2715 93.
602 2679 891 2738 ἀποφήνασθαι]
909 2678 1192 2723 ἀποφαίνεσθαι
1208 2680 1269 2714 FL
1393 2681 1450 2715 96.
1477 2677 1560 2722 ἐγώ]

191 2739 241 2766 ως
253 2725 319 2770 ἐγώ
334 2726 391 2759 FL
513 2727 570 2761 97.
595 2724 870 2784 ἐποιησάμην]
853 2725 900 2762 άν
912 2724 1157 2773 ἐποιησάμην
1153 2727 1213 2759 FL
1339 2726 1396 2761 98.
1423 2723 1562 2760 υπολα-

190 2770 266 2818 βων
278 2771 366 2818 εἷπε]
381 2770 480 2808 εἶπεν
491 2769 688 2818 υπολαβών
700 2775 729 2808 F
852 2775 886 2810 εἰ
898 2773 1120 2818 Παρμενίων
1133 2766 1192 2816 ἦν]
1209 2774 1432 2817 Παρμενίων
1444 2784 1495 2807 ων
1505 2771 1565 2806 FL

1174 2826 1288 2870 76*
