<?xml version="1.0" encoding="UTF-8"?>
<!DOCTYPE html PUBLIC "-//W3C//DTD XHTML 1.0 Transitional//EN"
    "http://www.w3.org/TR/xhtml1/DTD/xhtml1-transitional.dtd">
<html xmlns="http://www.w3.org/1999/xhtml" xml:lang="en" lang="en">
 <head>
  <title>
</title>
<meta http-equiv="Content-Type" content="text/html;charset=utf-8" />
  <meta name='ocr-system' content='tesseract 3.04.00' />
  <meta name='ocr-capabilities' content='ocr_page ocr_carea ocr_par ocr_line ocrx_word'/>
</head>
<body>
  <div class='ocr_page' id='page_1' title='image "./p1bibliothecahisto02dioduoft_0246.png"; bbox 0 0 1820 3249; ppageno 0'>
   <div class='ocr_carea' id='block_1_1' title="bbox 301 106 1342 155">
    <p class='ocr_par' dir='ltr' id='par_1_1' title="bbox 301 106 1342 155">
     <span class='ocr_line' id='line_1_1' title="bbox 301 106 1342 155; baseline -0.002 -3"><span class='ocrx_word' id='word_1_1' title='bbox 301 112 412 155; x_wconf 81' lang='lat'><em>1168</em></span> <span class='ocrx_word' id='word_1_2' title='bbox 632 106 747 148; x_wconf 84' lang='lat' dir='ltr'><em>LlB.</em></span> <span class='ocrx_word' id='word_1_3' title='bbox 777 106 904 155; x_wconf 77' lang='lat' dir='ltr'>xvu.</span> <span class='ocrx_word' id='word_1_4' title='bbox 963 106 1037 146; x_wconf 81' lang='lat' dir='ltr'><em>CA</em></span> <span class='ocrx_word' id='word_1_5' title='bbox 1052 107 1093 147; x_wconf 83' lang='grc' dir='ltr'><em>Ρ.</em></span> <span class='ocrx_word' id='word_1_6' title='bbox 1121 110 1189 150; x_wconf 71' lang='lat'><em>34.</em></span> <span class='ocrx_word' id='word_1_7' title='bbox 1208 111 1342 150; x_wconf 64' lang='lat'><em>-36</em></span> 
     </span>
    </p>
   </div>
   <div class='ocr_carea' id='block_1_2' title="bbox 205 219 1746 2376">
    <p class='ocr_par' dir='ltr' id='par_1_2' title="bbox 205 219 1746 2376">
     <span class='ocr_line' id='line_1_2' title="bbox 302 219 1671 291; baseline 0.001 -26"><span class='ocrx_word' id='word_1_8' title='bbox 302 220 545 290; x_wconf 82' lang='grc' dir='ltr'><em>βαρβάρων</em></span> <span class='ocrx_word' id='word_1_9' title='bbox 565 220 671 276; x_wconf 78' lang='grc' dir='ltr'><em>ταχύ</em></span> <span class='ocrx_word' id='word_1_10' title='bbox 699 220 976 291; x_wconf 77' lang='grc' dir='ltr'><em>τραπέντων</em></span> <span class='ocrx_word' id='word_1_11' title='bbox 1015 221 1088 264; x_wconf 86' lang='grc' dir='ltr'><em>και</em></span> <span class='ocrx_word' id='word_1_12' title='bbox 1117 219 1341 266; x_wconf 80' lang='grc' dir='ltr'><em>τοσούτων</em></span> <span class='ocrx_word' id='word_1_13' title='bbox 1359 221 1643 290; x_wconf 87' lang='grc' dir='ltr'><em>μυριάδων’</em></span> <span class='ocrx_word' id='word_1_14' title='bbox 1626 241 1671 267; x_wconf 85' lang='grc' dir='ltr'><em>εν</em></span> 
     </span>
     <span class='ocr_line' id='line_1_3' title="bbox 301 276 1672 348; baseline 0.001 -27"><span class='ocrx_word' id='word_1_15' title='bbox 301 283 468 348; x_wconf 80' lang='grc' dir='ltr'><em>στενοῖς</em></span> <span class='ocrx_word' id='word_1_16' title='bbox 496 276 644 328; x_wconf 81' lang='grc' dir='ltr'><em>τόποις</em></span> <span class='ocrx_word' id='word_1_17' title='bbox 673 293 754 332; x_wconf 89' lang='grc' dir='ltr'><em>την</em></span> <span class='ocrx_word' id='word_1_18' title='bbox 784 277 930 333; x_wconf 71' lang='grc' dir='ltr'><em>φυγὴν</em></span> <span class='ocrx_word' id='word_1_19' title='bbox 949 277 1238 347; x_wconf 81' lang='grc' dir='ltr'><em>ποιουμένων,</em></span> <span class='ocrx_word' id='word_1_20' title='bbox 1267 277 1373 348; x_wconf 78' lang='grc' dir='ltr'><em>ταχὺ</em></span> <span class='ocrx_word' id='word_1_21' title='bbox 1401 283 1484 329; x_wconf 80' lang='grc' dir='ltr'><em>πᾶς</em></span> <span class='ocrx_word' id='word_1_22' title='bbox 1516 278 1539 323; x_wconf 98' lang='lat'><em>6</em></span> <span class='ocrx_word' id='word_1_23' title='bbox 1571 291 1672 323; x_wconf 83' lang='grc' dir='ltr'><em>συν-</em></span> 
     </span>
     <span class='ocr_line' id='line_1_4' title="bbox 298 334 1746 407; baseline 0.002 -29"><span class='ocrx_word' id='word_1_24' title='bbox 298 335 412 407; x_wconf 75' lang='grc' dir='ltr'><em>εχὴς</em></span> <span class='ocrx_word' id='word_1_25' title='bbox 423 335 555 385; x_wconf 90' lang='grc' dir='ltr'><em>τόπος</em></span> <span class='ocrx_word' id='word_1_26' title='bbox 592 351 761 388; x_wconf 86' lang='grc' dir='ltr'><em>νεκρων</em></span> <span class='ocrx_word' id='word_1_27' title='bbox 798 334 1042 403; x_wconf 71' lang='grc' dir='ltr'><em>ἐπληρώθη.</em></span> <span class='ocrx_word' id='word_1_28' title='bbox 1100 335 1257 385; x_wconf 85' lang='grc' dir='ltr'><em>νυκτὸς</em></span> <span class='ocrx_word' id='word_1_29' title='bbox 1295 335 1338 378; x_wconf 80' lang='grc' dir='ltr'><em>δ’</em></span> <span class='ocrx_word' id='word_1_30' title='bbox 1377 335 1746 404; x_wconf 71' lang='grc' dir='ltr'><em>ἐπιλαβούσηςῙΒεῐ</em></span> 
     </span>
     <span class='ocr_line' id='line_1_5' title="bbox 297 390 1668 457; baseline 0.001 -22"><span class='ocrx_word' id='word_1_31' title='bbox 297 395 341 435; x_wconf 77' lang='grc' dir='ltr'><em>οἱ</em></span> <span class='ocrx_word' id='word_1_32' title='bbox 367 391 445 447; x_wconf 76' lang='grc' dir='ltr'><em>μὲν</em></span> <span class='ocrx_word' id='word_1_33' title='bbox 474 392 642 444; x_wconf 78' lang='grc' dir='ltr'><em>Πέρσαι</em></span> <span class='ocrx_word' id='word_1_34' title='bbox 673 392 833 447; x_wconf 76' lang='grc' dir='ltr'><em>ῥαδίως</em></span> <span class='ocrx_word' id='word_1_35' title='bbox 863 390 1156 457; x_wconf 77' lang='grc' dir='ltr'><em>διεσπάρησαν</em></span> <span class='ocrx_word' id='word_1_36' title='bbox 1185 393 1243 442; x_wconf 84' lang='grc' dir='ltr'><em>εἰς</em></span> <span class='ocrx_word' id='word_1_37' title='bbox 1271 392 1463 442; x_wconf 79' lang='grc' dir='ltr'><em>πολλούς</em></span> <span class='ocrx_word' id='word_1_38' title='bbox 1489 391 1668 446; x_wconf 82' lang='grc' dir='ltr'><em>τόπους,</em></span> 
     </span>
     <span class='ocr_line' id='line_1_6' title="bbox 297 447 1669 503; baseline 0 -11"><span class='ocrx_word' id='word_1_39' title='bbox 297 450 341 492; x_wconf 83' lang='grc' dir='ltr'><em>οἱ</em></span> <span class='ocrx_word' id='word_1_40' title='bbox 378 449 424 491; x_wconf 80' lang='grc' dir='ltr'><em>δὲ</em></span> <span class='ocrx_word' id='word_1_41' title='bbox 461 447 714 498; x_wconf 81' lang='grc' dir='ltr'><em>Μακεδόνες</em></span> <span class='ocrx_word' id='word_1_42' title='bbox 756 447 1028 502; x_wconf 81' lang='grc' dir='ltr'><em>παυσάμενοι</em></span> <span class='ocrx_word' id='word_1_43' title='bbox 1058 451 1136 490; x_wconf 83' lang='grc' dir='ltr'><em>τοῦ</em></span> <span class='ocrx_word' id='word_1_44' title='bbox 1163 449 1355 503; x_wconf 81' lang='grc' dir='ltr'><em>διωγμοῦ</em></span> <span class='ocrx_word' id='word_1_45' title='bbox 1384 464 1496 502; x_wconf 91' lang='grc' dir='ltr'><em>προς</em></span> <span class='ocrx_word' id='word_1_46' title='bbox 1526 448 1669 503; x_wconf 79' lang='grc' dir='ltr'><em>ἁρπα-</em></span> 
     </span>
     <span class='ocr_line' id='line_1_7' title="bbox 294 503 1670 572; baseline 0.002 -26"><span class='ocrx_word' id='word_1_47' title='bbox 294 503 378 560; x_wconf 73' lang='grc' dir='ltr'><em>γὴν</em></span> <span class='ocrx_word' id='word_1_48' title='bbox 404 503 642 572; x_wconf 75' lang='grc' dir='ltr'><em>ὥρμησαν,</em></span> <span class='ocrx_word' id='word_1_49' title='bbox 687 504 759 547; x_wconf 86' lang='grc' dir='ltr'><em>καὶ</em></span> <span class='ocrx_word' id='word_1_50' title='bbox 797 503 980 559; x_wconf 87' lang='grc' dir='ltr'><em>μάλιστα</em></span> <span class='ocrx_word' id='word_1_51' title='bbox 1016 505 1111 559; x_wconf 87' lang='grc' dir='ltr'><em>περὶ</em></span> <span class='ocrx_word' id='word_1_52' title='bbox 1142 504 1218 554; x_wconf 84' lang='grc' dir='ltr'><em>τοὶς</em></span> <span class='ocrx_word' id='word_1_53' title='bbox 1245 505 1470 559; x_wconf 82' lang='grc' dir='ltr'><em>βασιλικὰς</em></span> <span class='ocrx_word' id='word_1_54' title='bbox 1509 505 1670 562; x_wconf 83' lang='grc' dir='ltr'><em>σκηνας</em></span> 
     </span>
     <span class='ocr_line' id='line_1_8' title="bbox 297 560 1666 616; baseline 0 -11"><span class='ocrx_word' id='word_1_55' title='bbox 297 561 369 605; x_wconf 80' lang='grc' dir='ltr'><em>διά</em></span> <span class='ocrx_word' id='word_1_56' title='bbox 398 560 447 603; x_wconf 82' lang='grc' dir='ltr'><em>τὸ</em></span> <span class='ocrx_word' id='word_1_57' title='bbox 478 565 645 616; x_wconf 76' lang='grc' dir='ltr'><em>πλῆθος</em></span> <span class='ocrx_word' id='word_1_58' title='bbox 673 565 748 616; x_wconf 77' lang='grc' dir='ltr'><em>τῆς</em></span> <span class='ocrx_word' id='word_1_59' title='bbox 779 561 1062 614; x_wconf 77' lang='grc' dir='ltr'><em>πολυτελείας</em></span> <span class='ocrx_word' id='word_1_60' title='bbox 1086 560 1365 616; x_wconf 76' lang='grc' dir='ltr'><em>ἠσχολοῦντο.</em></span> <span class='ocrx_word' id='word_1_61' title='bbox 1417 561 1567 616; x_wconf 86' lang='grc' dir='ltr'><em>διόπερ</em></span> <span class='ocrx_word' id='word_1_62' title='bbox 1590 578 1666 605; x_wconf 87' lang='grc' dir='ltr'><em>πο.-</em></span> 
     </span>
     <span class='ocr_line' id='line_1_9' title="bbox 212 610 1666 688; baseline 0.001 -26"><span class='ocrx_word' id='word_1_63' title='bbox 212 623 266 662; x_wconf 81' lang='lat'><em>20</em></span> <span class='ocrx_word' id='word_1_64' title='bbox 296 618 383 669; x_wconf 79' lang='grc' dir='ltr'><em>λὺς</em></span> <span class='ocrx_word' id='word_1_65' title='bbox 404 617 482 672; x_wconf 77' lang='grc' dir='ltr'><em>μὲν</em></span> <span class='ocrx_word' id='word_1_66' title='bbox 513 617 725 673; x_wconf 83' lang='grc' dir='ltr'><em>α’ργυρος,</em></span> <span class='ocrx_word' id='word_1_67' title='bbox 758 615 839 660; x_wconf 79' lang='grc' dir='ltr'><em>οὐκ</em></span> <span class='ocrx_word' id='word_1_68' title='bbox 869 616 1012 687; x_wconf 86' lang='grc' dir='ltr'><em>ὀλίγος</em></span> <span class='ocrx_word' id='word_1_69' title='bbox 1042 610 1087 669; x_wconf 83' lang='grc' dir='ltr'><em>δε</em></span> <span class='ocrx_word' id='word_1_70' title='bbox 1117 617 1295 672; x_wconf 84' lang='grc' dir='ltr'><em>χρυσός,</em></span> <span class='ocrx_word' id='word_1_71' title='bbox 1322 624 1595 688; x_wconf 79' lang='grc' dir='ltr'><em>παμπληθεις</em></span> <span class='ocrx_word' id='word_1_72' title='bbox 1619 619 1666 664; x_wconf 80' lang='grc' dir='ltr'><em>δὲ</em></span> 
     </span>
     <span class='ocr_line' id='line_1_10' title="bbox 294 672 1668 744; baseline 0 -25"><span class='ocrx_word' id='word_1_73' title='bbox 294 676 367 720; x_wconf 82' lang='grc' dir='ltr'><em>καὶ</em></span> <span class='ocrx_word' id='word_1_74' title='bbox 397 679 643 724; x_wconf 86' lang='grc' dir='ltr'><em>πολυτελεῖς</em></span> <span class='ocrx_word' id='word_1_75' title='bbox 677 674 884 744; x_wconf 78' lang='grc' dir='ltr'><em>ἐσθητες</em></span> <span class='ocrx_word' id='word_1_76' title='bbox 898 672 944 715; x_wconf 81' lang='grc' dir='ltr'><em>ἐκ</em></span> <span class='ocrx_word' id='word_1_77' title='bbox 981 677 1056 728; x_wconf 85' lang='grc' dir='ltr'><em>τῆς</em></span> <span class='ocrx_word' id='word_1_78' title='bbox 1094 675 1316 728; x_wconf 82' lang='grc' dir='ltr'><em>βασιλικῆς</em></span> <span class='ocrx_word' id='word_1_79' title='bbox 1347 675 1476 731; x_wconf 79' lang='grc' dir='ltr'><em>γάζης</em></span> <span class='ocrx_word' id='word_1_80' title='bbox 1521 678 1668 732; x_wconf 84' lang='grc' dir='ltr'><em>διεφο-</em></span> 
     </span>
     <span class='ocr_line' id='line_1_11' title="bbox 295 729 1667 800; baseline 0.001 -26"><span class='ocrx_word' id='word_1_81' title='bbox 295 735 471 786; x_wconf 83' lang='grc' dir='ltr'><em>ροῦντο.</em></span> <span class='ocrx_word' id='word_1_82' title='bbox 531 729 690 785; x_wconf 83' lang='grc' dir='ltr'><em>ὁμοίως</em></span> <span class='ocrx_word' id='word_1_83' title='bbox 729 729 775 772; x_wconf 82' lang='grc' dir='ltr'><em>δὲ</em></span> <span class='ocrx_word' id='word_1_84' title='bbox 813 729 913 772; x_wconf 86' lang='grc' dir='ltr'><em>καὶ</em></span> <span class='ocrx_word' id='word_1_85' title='bbox 926 732 1013 772; x_wconf 77' lang='grc' dir='ltr'><em>τῶν</em></span> <span class='ocrx_word' id='word_1_86' title='bbox 1050 733 1130 778; x_wconf 83' lang='grc' dir='ltr'><em>τοῦ</em></span> <span class='ocrx_word' id='word_1_87' title='bbox 1165 730 1374 800; x_wconf 84' lang='grc' dir='ltr'><em>βασιλέως</em></span> <span class='ocrx_word' id='word_1_88' title='bbox 1412 734 1551 787; x_wconf 84' lang='grc' dir='ltr'><em>φίλων</em></span> <span class='ocrx_word' id='word_1_89' title='bbox 1592 733 1667 789; x_wconf 78' lang='grc' dir='ltr'><em>καὶ</em></span> 
     </span>
     <span class='ocr_line' id='line_1_12' title="bbox 295 781 1667 855; baseline 0 -23"><span class='ocrx_word' id='word_1_90' title='bbox 295 801 520 844; x_wconf 84' lang='grc' dir='ltr'><em>συγγενων</em></span> <span class='ocrx_word' id='word_1_91' title='bbox 548 786 621 830; x_wconf 83' lang='grc' dir='ltr'><em>καὶ</em></span> <span class='ocrx_word' id='word_1_92' title='bbox 649 790 737 828; x_wconf 77' lang='grc' dir='ltr'><em>τῶν</em></span> <span class='ocrx_word' id='word_1_93' title='bbox 766 782 910 828; x_wconf 80' lang='grc' dir='ltr'><em>ἄλλων</em></span> <span class='ocrx_word' id='word_1_94' title='bbox 942 784 1166 855; x_wconf 75' lang='grc' dir='ltr'><em>ἡγεμόνων</em></span> <span class='ocrx_word' id='word_1_95' title='bbox 1196 786 1280 829; x_wconf 77' lang='grc' dir='ltr'><em>οὐκ</em></span> <span class='ocrx_word' id='word_1_96' title='bbox 1310 785 1455 841; x_wconf 83' lang='grc' dir='ltr'><em>ὀλίγος</em></span> <span class='ocrx_word' id='word_1_97' title='bbox 1485 781 1667 847; x_wconf 74' lang='grc' dir='ltr'><em>διηρπά-Ι</em></span> 
     </span>
     <span class='ocr_line' id='line_1_13' title="bbox 210 841 1667 916; baseline 0.001 -29.001"><span class='ocrx_word' id='word_1_98' title='bbox 210 850 264 891; x_wconf 75' lang='lat'><em>25</em></span> <span class='ocrx_word' id='word_1_99' title='bbox 294 863 348 900; x_wconf 91' lang='grc' dir='ltr'><em>γη</em></span> <span class='ocrx_word' id='word_1_100' title='bbox 385 848 590 894; x_wconf 80' lang='grc' dir='ltr'><em>πλοῦτος.</em></span> <span class='ocrx_word' id='word_1_101' title='bbox 659 841 712 885; x_wconf 80' lang='grc' dir='ltr'><em>οὐ</em></span> <span class='ocrx_word' id='word_1_102' title='bbox 755 842 894 897; x_wconf 87' lang='grc' dir='ltr'><em>μόνον</em></span> <span class='ocrx_word' id='word_1_103' title='bbox 941 842 1027 897; x_wconf 79' lang='grc' dir='ltr'><em>γάρ</em></span> <span class='ocrx_word' id='word_1_104' title='bbox 1071 844 1117 885; x_wconf 81' lang='grc' dir='ltr'><em>αἱ</em></span> <span class='ocrx_word' id='word_1_105' title='bbox 1152 847 1245 901; x_wconf 87' lang='grc' dir='ltr'><em>τῆς</em></span> <span class='ocrx_word' id='word_1_106' title='bbox 1266 846 1509 916; x_wconf 86' lang='grc' dir='ltr'><em>βασιλικῆς</em></span> <span class='ocrx_word' id='word_1_107' title='bbox 1526 848 1667 896; x_wconf 83' lang='grc' dir='ltr'><em>οἰκίας</em></span> 
     </span>
     <span class='ocr_line' id='line_1_14' title="bbox 295 898 1667 967; baseline 0 -23"><span class='ocrx_word' id='word_1_108' title='bbox 295 900 402 945; x_wconf 85' lang='grc' dir='ltr'><em>άλλα</em></span> <span class='ocrx_word' id='word_1_109' title='bbox 440 901 514 943; x_wconf 85' lang='grc' dir='ltr'><em>καὶ</em></span> <span class='ocrx_word' id='word_1_110' title='bbox 553 901 599 942; x_wconf 79' lang='grc' dir='ltr'><em>αἱ</em></span> <span class='ocrx_word' id='word_1_111' title='bbox 620 903 708 941; x_wconf 78' lang='grc' dir='ltr'><em>τῶν</em></span> <span class='ocrx_word' id='word_1_112' title='bbox 737 901 958 967; x_wconf 79' lang='grc' dir='ltr'><em>συγγενῶν</em></span> <span class='ocrx_word' id='word_1_113' title='bbox 987 898 1059 942; x_wconf 87' lang='grc' dir='ltr'><em>καὶ</em></span> <span class='ocrx_word' id='word_1_114' title='bbox 1089 900 1229 955; x_wconf 83' lang='grc' dir='ltr'><em>φίλων</em></span> <span class='ocrx_word' id='word_1_115' title='bbox 1258 905 1460 954; x_wconf 84' lang='grc' dir='ltr'><em>γυναῖκες</em></span> <span class='ocrx_word' id='word_1_116' title='bbox 1492 900 1561 957; x_wconf 77' lang='grc' dir='ltr'><em>ἐφ’</em></span> <span class='ocrx_word' id='word_1_117' title='bbox 1594 901 1667 956; x_wconf 81' lang='grc' dir='ltr'><em>ἁρ-</em></span> 
     </span>
     <span class='ocr_line' id='line_1_15' title="bbox 293 954 1667 1026; baseline 0.001 -26"><span class='ocrx_word' id='word_1_118' title='bbox 293 957 442 1025; x_wconf 89' lang='grc' dir='ltr'><em>μάτων</em></span> <span class='ocrx_word' id='word_1_119' title='bbox 481 954 713 1012; x_wconf 86' lang='grc' dir='ltr'><em>ὀχούμεναι</em></span> <span class='ocrx_word' id='word_1_120' title='bbox 750 954 1033 1011; x_wconf 88' lang='grc' dir='ltr'><em>καταχρύσων</em></span> <span class='ocrx_word' id='word_1_121' title='bbox 1079 955 1445 1026; x_wconf 80' lang='grc' dir='ltr'><em>συνηκολούθουν</em></span> <span class='ocrx_word' id='word_1_122' title='bbox 1477 957 1586 1001; x_wconf 87' lang='grc' dir='ltr'><em>κατά</em></span> <span class='ocrx_word' id='word_1_123' title='bbox 1624 976 1667 1002; x_wconf 90' lang='grc' dir='ltr'><em>τι</em></span> 
     </span>
     <span class='ocr_line' id='line_1_16' title="bbox 292 1012 1666 1081; baseline 0.001 -24"><span class='ocrx_word' id='word_1_124' title='bbox 292 1013 478 1068; x_wconf 87' lang='grc' dir='ltr'><em>πάτριον</em></span> <span class='ocrx_word' id='word_1_125' title='bbox 510 1014 610 1064; x_wconf 76' lang='grc' dir='ltr'><em>ἔθος</em></span> <span class='ocrx_word' id='word_1_126' title='bbox 639 1016 727 1055; x_wconf 78' lang='grc' dir='ltr'><em>τῶν</em></span> <span class='ocrx_word' id='word_1_127' title='bbox 751 1016 956 1081; x_wconf 68' lang='grc' dir='ltr'><em>Περσῶν.</em></span> <span class='ocrx_word' id='word_1_128' title='bbox 1014 1012 1170 1069; x_wconf 77' lang='grc' dir='ltr'><em>ἑκάστη</em></span> <span class='ocrx_word' id='word_1_129' title='bbox 1202 1014 1247 1056; x_wconf 79' lang='grc' dir='ltr'><em>δὲ</em></span> <span class='ocrx_word' id='word_1_130' title='bbox 1276 1012 1443 1057; x_wconf 90' lang='grc' dir='ltr'><em>τούτων</em></span> <span class='ocrx_word' id='word_1_131' title='bbox 1482 1014 1555 1058; x_wconf 92' lang='grc' dir='ltr'><em>δια</em></span> <span class='ocrx_word' id='word_1_132' title='bbox 1583 1031 1666 1071; x_wconf 89' lang='grc' dir='ltr'><em>την</em></span> 
     </span>
     <span class='ocr_line' id='line_1_17' title="bbox 293 1068 1668 1143; baseline 0 -29"><span class='ocrx_word' id='word_1_133' title='bbox 293 1069 545 1127; x_wconf 80' lang='grc' dir='ltr'><em>ὑπερβολὴν</em></span> <span class='ocrx_word' id='word_1_134' title='bbox 569 1073 649 1112; x_wconf 83' lang='grc' dir='ltr'><em>τοῦ</em></span> <span class='ocrx_word' id='word_1_135' title='bbox 679 1068 870 1112; x_wconf 86' lang='grc' dir='ltr'><em>πλούτου</em></span> <span class='ocrx_word' id='word_1_136' title='bbox 903 1069 976 1112; x_wconf 85' lang='grc' dir='ltr'><em>καὶ</em></span> <span class='ocrx_word' id='word_1_137' title='bbox 1010 1086 1085 1125; x_wconf 87' lang='grc' dir='ltr'><em>της</em></span> <span class='ocrx_word' id='word_1_138' title='bbox 1111 1073 1281 1140; x_wconf 79' lang='grc' dir='ltr'><em>τρυφῆς</em></span> <span class='ocrx_word' id='word_1_139' title='bbox 1307 1072 1532 1143; x_wconf 85' lang='grc' dir='ltr'><em>περιήγετο</em></span> <span class='ocrx_word' id='word_1_140' title='bbox 1564 1076 1668 1127; x_wconf 86' lang='grc' dir='ltr'><em>πλῆ-</em></span> 
     </span>
     <span class='ocr_line' id='line_1_18' title="bbox 212 1124 1665 1183; baseline 0 -12"><span class='ocrx_word' id='word_1_141' title='bbox 212 1132 264 1171; x_wconf 82' lang='lat'><em>30</em></span> <span class='ocrx_word' id='word_1_142' title='bbox 293 1134 377 1177; x_wconf 79' lang='grc' dir='ltr'><em>θος</em></span> <span class='ocrx_word' id='word_1_143' title='bbox 414 1124 732 1170; x_wconf 88' lang='grc' dir='ltr'><em>πολυδαπάνου</em></span> <span class='ocrx_word' id='word_1_144' title='bbox 769 1129 1036 1182; x_wconf 83' lang='grc' dir='ltr'><em>κατασκευῆς</em></span> <span class='ocrx_word' id='word_1_145' title='bbox 1075 1127 1148 1169; x_wconf 87' lang='grc' dir='ltr'><em>καὶ</em></span> <span class='ocrx_word' id='word_1_146' title='bbox 1188 1130 1439 1181; x_wconf 86' lang='grc' dir='ltr'><em>γυναικείου</em></span> <span class='ocrx_word' id='word_1_147' title='bbox 1480 1127 1665 1183; x_wconf 89' lang='grc' dir='ltr'><em>κόσμου.</em></span> 
     </span>
     <span class='ocr_line' id='line_1_19' title="bbox 293 1179 1665 1254; baseline -0.001 -26"><span class='ocrx_word' id='word_1_148' title='bbox 293 1183 465 1235; x_wconf 78' lang='grc' dir='ltr'><em>πάθος</em></span> <span class='ocrx_word' id='word_1_149' title='bbox 477 1181 517 1228; x_wconf 80' lang='grc' dir='ltr'><em>δ’</em></span> <span class='ocrx_word' id='word_1_150' title='bbox 550 1179 606 1240; x_wconf 78' lang='grc' dir='ltr'><em>ἦν</em></span> <span class='ocrx_word' id='word_1_151' title='bbox 635 1182 882 1226; x_wconf 88' lang='grc' dir='ltr'><em>δεινότατον</em></span> <span class='ocrx_word' id='word_1_152' title='bbox 911 1184 1006 1235; x_wconf 88' lang='grc' dir='ltr'><em>περὶ</em></span> <span class='ocrx_word' id='word_1_153' title='bbox 1036 1199 1113 1233; x_wconf 84' lang='grc' dir='ltr'><em>τας</em></span> <span class='ocrx_word' id='word_1_154' title='bbox 1144 1184 1560 1254; x_wconf 78' lang='grc' dir='ltr'><em>αἰχμαλωτιζομὲνας</em></span> <span class='ocrx_word' id='word_1_155' title='bbox 1590 1203 1665 1240; x_wconf 88' lang='grc' dir='ltr'><em>γυ-</em></span> 
     </span>
     <span class='ocr_line' id='line_1_20' title="bbox 292 1238 1664 1311; baseline -0.001 -26"><span class='ocrx_word' id='word_1_156' title='bbox 292 1247 459 1292; x_wconf 85' lang='grc' dir='ltr'><em>ναῖκας.</em></span> <span class='ocrx_word' id='word_1_157' title='bbox 518 1258 562 1285; x_wconf 91' lang='grc' dir='ltr'><em>αι</em></span> <span class='ocrx_word' id='word_1_158' title='bbox 591 1239 692 1296; x_wconf 82' lang='grc' dir='ltr'><em>γὰρ</em></span> <span class='ocrx_word' id='word_1_159' title='bbox 701 1239 914 1294; x_wconf 87' lang='grc' dir='ltr'><em>πρότερον</em></span> <span class='ocrx_word' id='word_1_160' title='bbox 943 1240 1014 1284; x_wconf 79' lang='grc' dir='ltr'><em>διὰ</em></span> <span class='ocrx_word' id='word_1_161' title='bbox 1043 1239 1214 1311; x_wconf 77' lang='grc' dir='ltr'><em>τρυφήν</em></span> <span class='ocrx_word' id='word_1_162' title='bbox 1239 1238 1307 1283; x_wconf 80' lang='grc' dir='ltr'><em>ἐπ’</em></span> <span class='ocrx_word' id='word_1_163' title='bbox 1328 1238 1512 1311; x_wconf 83' lang='grc' dir='ltr'><em>άπήναις</em></span> <span class='ocrx_word' id='word_1_164' title='bbox 1530 1247 1664 1284; x_wconf 86' lang='grc' dir='ltr'><em>πολυ-</em></span> 
     </span>
     <span class='ocr_line' id='line_1_21' title="bbox 292 1294 1664 1369; baseline 0 -28"><span class='ocrx_word' id='word_1_165' title='bbox 292 1298 428 1341; x_wconf 81' lang='grc' dir='ltr'><em>τελέσι</em></span> <span class='ocrx_word' id='word_1_166' title='bbox 456 1294 580 1352; x_wconf 88' lang='grc' dir='ltr'><em>μόγις</em></span> <span class='ocrx_word' id='word_1_167' title='bbox 609 1297 994 1352; x_wconf 79' lang='grc' dir='ltr'><em>κατακομιζόιιεναι</em></span> <span class='ocrx_word' id='word_1_168' title='bbox 1022 1314 1095 1340; x_wconf 81' lang='grc' dir='ltr'><em>και</em></span> <span class='ocrx_word' id='word_1_169' title='bbox 1123 1296 1293 1352; x_wconf 79' lang='grc' dir='ltr'><em>γυμνόν</em></span> <span class='ocrx_word' id='word_1_170' title='bbox 1320 1297 1450 1369; x_wconf 77' lang='grc' dir='ltr'><em>μέρος</em></span> <span class='ocrx_word' id='word_1_171' title='bbox 1475 1302 1555 1341; x_wconf 85' lang='grc' dir='ltr'><em>τοῦ</em></span> <span class='ocrx_word' id='word_1_172' title='bbox 1583 1299 1664 1341; x_wconf 75' lang='grc' dir='ltr'><em>στό-</em></span> 
     </span>
     <span class='ocr_line' id='line_1_22' title="bbox 208 1353 1664 1425; baseline 0 -28"><span class='ocrx_word' id='word_1_173' title='bbox 208 1355 262 1397; x_wconf 82' lang='lat'><em>35</em></span> <span class='ocrx_word' id='word_1_174' title='bbox 292 1372 426 1411; x_wconf 89' lang='grc' dir='ltr'><em>ματος</em></span> <span class='ocrx_word' id='word_1_175' title='bbox 458 1353 587 1397; x_wconf 80' lang='grc' dir='ltr'><em>οὐδὲν</em></span> <span class='ocrx_word' id='word_1_176' title='bbox 618 1355 870 1424; x_wconf 79' lang='grc' dir='ltr'><em>φαίνουσαι</em></span> <span class='ocrx_word' id='word_1_177' title='bbox 886 1353 981 1396; x_wconf 87' lang='grc' dir='ltr'><em>τότε</em></span> <span class='ocrx_word' id='word_1_178' title='bbox 1011 1355 1299 1424; x_wconf 88' lang='grc' dir='ltr'><em>μονοχίτωνες</em></span> <span class='ocrx_word' id='word_1_179' title='bbox 1327 1355 1399 1397; x_wconf 85' lang='grc' dir='ltr'><em>καὶ</em></span> <span class='ocrx_word' id='word_1_180' title='bbox 1429 1371 1505 1405; x_wconf 87' lang='grc' dir='ltr'><em>τας</em></span> <span class='ocrx_word' id='word_1_181' title='bbox 1527 1355 1664 1425; x_wconf 76' lang='grc' dir='ltr'><em>ἐσθη-</em></span> 
     </span>
     <span class='ocr_line' id='line_1_23' title="bbox 291 1409 1665 1480; baseline -0.001 -25"><span class='ocrx_word' id='word_1_182' title='bbox 291 1428 367 1463; x_wconf 89' lang='grc' dir='ltr'><em>τας</em></span> <span class='ocrx_word' id='word_1_183' title='bbox 391 1410 757 1480; x_wconf 77' lang='grc' dir='ltr'><em>περιῤῥήττουσαι</em></span> <span class='ocrx_word' id='word_1_184' title='bbox 777 1409 870 1466; x_wconf 79' lang='grc' dir='ltr'><em>μετ’</em></span> <span class='ocrx_word' id='word_1_185' title='bbox 893 1410 1101 1464; x_wconf 87' lang='grc' dir='ltr'><em>όδυρμων</em></span> <span class='ocrx_word' id='word_1_186' title='bbox 1132 1411 1177 1453; x_wconf 79' lang='grc' dir='ltr'><em>ἐκ</em></span> <span class='ocrx_word' id='word_1_187' title='bbox 1206 1426 1295 1453; x_wconf 89' lang='grc' dir='ltr'><em>των</em></span> <span class='ocrx_word' id='word_1_188' title='bbox 1320 1415 1494 1466; x_wconf 76' lang='grc' dir='ltr'><em>σκηνῶν</em></span> <span class='ocrx_word' id='word_1_189' title='bbox 1523 1410 1665 1468; x_wconf 79' lang='grc' dir='ltr'><em>ἐξεπή-</em></span> 
     </span>
     <span class='ocr_line' id='line_1_24' title="bbox 290 1466 1664 1536; baseline -0.001 -24"><span class='ocrx_word' id='word_1_190' title='bbox 290 1471 402 1520; x_wconf 88' lang='grc' dir='ltr'><em>δων,</em></span> <span class='ocrx_word' id='word_1_191' title='bbox 454 1466 743 1536; x_wconf 73' lang='grc' dir='ltr'><em>ἐπιβοώμεναι</em></span> <span class='ocrx_word' id='word_1_192' title='bbox 782 1466 915 1518; x_wconf 74' lang='grc' dir='ltr'><em>θεοὺς</em></span> <span class='ocrx_word' id='word_1_193' title='bbox 955 1468 1025 1509; x_wconf 88' lang='grc' dir='ltr'><em>καὶ</em></span> <span class='ocrx_word' id='word_1_194' title='bbox 1064 1468 1410 1520; x_wconf 87' lang='grc' dir='ltr'><em>προςπίπτουσαι</em></span> <span class='ocrx_word' id='word_1_195' title='bbox 1447 1472 1538 1519; x_wconf 83' lang='grc' dir='ltr'><em>τοῖς</em></span> <span class='ocrx_word' id='word_1_196' title='bbox 1574 1471 1664 1512; x_wconf 78' lang='grc' dir='ltr'><em>τῶν</em></span> 
     </span>
     <span class='ocr_line' id='line_1_25' title="bbox 288 1522 1664 1595; baseline 0 -27"><span class='ocrx_word' id='word_1_197' title='bbox 288 1524 570 1593; x_wconf 83' lang='grc' dir='ltr'><em>κρατούντων</em></span> <span class='ocrx_word' id='word_1_198' title='bbox 611 1522 777 1580; x_wconf 90' lang='grc' dir='ltr'><em>γόνασι.</em></span> <span class='ocrx_word' id='word_1_199' title='bbox 836 1522 1192 1578; x_wconf 87' lang='grc' dir='ltr'><em>περιαιρούμεναι</em></span> <span class='ocrx_word' id='word_1_200' title='bbox 1222 1524 1266 1567; x_wconf 78' lang='grc' dir='ltr'><em>δὲ</em></span> <span class='ocrx_word' id='word_1_201' title='bbox 1294 1530 1386 1575; x_wconf 86' lang='grc' dir='ltr'><em>ταῖς</em></span> <span class='ocrx_word' id='word_1_202' title='bbox 1415 1526 1534 1594; x_wconf 78' lang='grc' dir='ltr'><em>χερσὶ</em></span> <span class='ocrx_word' id='word_1_203' title='bbox 1557 1540 1664 1595; x_wconf 86' lang='grc' dir='ltr'><em>τρε-</em></span> 
     </span>
     <span class='ocr_line' id='line_1_26' title="bbox 288 1579 1664 1650; baseline -0.001 -24"><span class='ocrx_word' id='word_1_204' title='bbox 288 1581 475 1637; x_wconf 90' lang='grc' dir='ltr'><em>μούσαις</em></span> <span class='ocrx_word' id='word_1_205' title='bbox 512 1580 591 1624; x_wconf 81' lang='grc' dir='ltr'><em>τόν</em></span> <span class='ocrx_word' id='word_1_206' title='bbox 629 1585 711 1625; x_wconf 81' lang='grc' dir='ltr'><em>τοῦ</em></span> <span class='ocrx_word' id='word_1_207' title='bbox 749 1579 944 1636; x_wconf 81' lang='grc' dir='ltr'><em>σώματος</em></span> <span class='ocrx_word' id='word_1_208' title='bbox 974 1579 1143 1636; x_wconf 85' lang='grc' dir='ltr'><em>κόσμον</em></span> <span class='ocrx_word' id='word_1_209' title='bbox 1172 1581 1245 1624; x_wconf 87' lang='grc' dir='ltr'><em>καὶ</em></span> <span class='ocrx_word' id='word_1_210' title='bbox 1273 1580 1350 1632; x_wconf 80' lang='grc' dir='ltr'><em>τὰς</em></span> <span class='ocrx_word' id='word_1_211' title='bbox 1362 1581 1513 1650; x_wconf 86' lang='grc' dir='ltr'><em>κόμας</em></span> <span class='ocrx_word' id='word_1_212' title='bbox 1543 1580 1664 1625; x_wconf 83' lang='grc' dir='ltr'><em>άνει-</em></span> 
     </span>
     <span class='ocr_line' id='line_1_27' title="bbox 206 1635 1662 1709; baseline -0.001 -27"><span class='ocrx_word' id='word_1_213' title='bbox 206 1645 261 1687; x_wconf 82' lang='grc'><em>40</em></span> <span class='ocrx_word' id='word_1_214' title='bbox 291 1638 417 1709; x_wconf 80' lang='grc' dir='ltr'><em>μέναι</em></span> <span class='ocrx_word' id='word_1_215' title='bbox 444 1637 516 1681; x_wconf 79' lang='grc' dir='ltr'><em>διὰ</em></span> <span class='ocrx_word' id='word_1_216' title='bbox 544 1637 690 1680; x_wconf 88' lang='grc' dir='ltr'><em>τόπων</em></span> <span class='ocrx_word' id='word_1_217' title='bbox 718 1638 910 1707; x_wconf 82' lang='grc' dir='ltr'><em>τραχέων</em></span> <span class='ocrx_word' id='word_1_218' title='bbox 940 1638 1077 1690; x_wconf 65' lang='grc' dir='ltr'><em>ἔθεον,</em></span> <span class='ocrx_word' id='word_1_219' title='bbox 1106 1638 1180 1680; x_wconf 88' lang='grc' dir='ltr'><em>καὶ</em></span> <span class='ocrx_word' id='word_1_220' title='bbox 1208 1637 1317 1692; x_wconf 85' lang='grc' dir='ltr'><em>πρὸς</em></span> <span class='ocrx_word' id='word_1_221' title='bbox 1340 1635 1533 1708; x_wconf 77' lang='grc' dir='ltr'><em>ἀλλήλας</em></span> <span class='ocrx_word' id='word_1_222' title='bbox 1562 1650 1662 1681; x_wconf 88' lang='grc' dir='ltr'><em>συν-</em></span> 
     </span>
     <span class='ocr_line' id='line_1_28' title="bbox 290 1693 1661 1751; baseline -0.001 -12"><span class='ocrx_word' id='word_1_223' title='bbox 290 1695 519 1751; x_wconf 78' lang='grc' dir='ltr'><em>τρέχουσαι</em></span> <span class='ocrx_word' id='word_1_224' title='bbox 561 1693 756 1750; x_wconf 77' lang='grc' dir='ltr'><em>βοηθοὺς</em></span> <span class='ocrx_word' id='word_1_225' title='bbox 798 1696 1088 1738; x_wconf 77' lang='grc' dir='ltr'><em>ἐπεκαλουντο</em></span> <span class='ocrx_word' id='word_1_226' title='bbox 1129 1695 1205 1745; x_wconf 84' lang='grc' dir='ltr'><em>τὰς</em></span> <span class='ocrx_word' id='word_1_227' title='bbox 1244 1710 1332 1748; x_wconf 91' lang='grc' dir='ltr'><em>παρ</em></span> <span class='ocrx_word' id='word_1_228' title='bbox 1379 1693 1537 1749; x_wconf 83' lang='grc' dir='ltr'><em>ετὲρων</em></span> <span class='ocrx_word' id='word_1_229' title='bbox 1566 1695 1661 1738; x_wconf 80' lang='grc' dir='ltr'><em>ἐπι-</em></span> 
     </span>
     <span class='ocr_line' id='line_1_29' title="bbox 289 1746 1663 1820; baseline -0.001 -24"><span class='ocrx_word' id='word_1_230' title='bbox 289 1754 472 1807; x_wconf 85' lang='grc' dir='ltr'><em>κουρίας</em></span> <span class='ocrx_word' id='word_1_231' title='bbox 512 1752 731 1805; x_wconf 79' lang='grc' dir='ltr'><em>δεομένας.</em></span> <span class='ocrx_word' id='word_1_232' title='bbox 760 1746 897 1819; x_wconf 76' lang='grc' dir='ltr'><em>ἦγον</em></span> <span class='ocrx_word' id='word_1_233' title='bbox 940 1750 985 1794; x_wconf 82' lang='grc' dir='ltr'><em>δ’</em></span> <span class='ocrx_word' id='word_1_234' title='bbox 1026 1749 1160 1802; x_wconf 82' lang='grc' dir='ltr'><em>αυτάς</em></span> <span class='ocrx_word' id='word_1_235' title='bbox 1195 1752 1238 1793; x_wconf 78' lang='grc' dir='ltr'><em>οἱ</em></span> <span class='ocrx_word' id='word_1_236' title='bbox 1266 1767 1344 1820; x_wconf 87' lang='grc' dir='ltr'><em>μεν</em></span> <span class='ocrx_word' id='word_1_237' title='bbox 1373 1750 1458 1794; x_wconf 72' lang='grc' dir='ltr'><em>ἀπὸ</em></span> <span class='ocrx_word' id='word_1_238' title='bbox 1486 1755 1562 1807; x_wconf 84' lang='grc' dir='ltr'><em>τῆς</em></span> <span class='ocrx_word' id='word_1_239' title='bbox 1591 1751 1663 1795; x_wconf 89' lang='grc' dir='ltr'><em>κό-</em></span> 
     </span>
     <span class='ocr_line' id='line_1_30' title="bbox 290 1807 1663 1878; baseline 0 -26"><span class='ocrx_word' id='word_1_240' title='bbox 290 1826 372 1866; x_wconf 87' lang='grc' dir='ltr'><em>μης</em></span> <span class='ocrx_word' id='word_1_241' title='bbox 399 1807 689 1863; x_wconf 76' lang='grc' dir='ltr'><em>ἐπισπώμενοι</em></span> <span class='ocrx_word' id='word_1_242' title='bbox 718 1824 794 1858; x_wconf 92' lang='grc' dir='ltr'><em>τας</em></span> <span class='ocrx_word' id='word_1_243' title='bbox 820 1807 1098 1876; x_wconf 78' lang='grc' dir='ltr'><em>ἦτυχηκυίας,</em></span> <span class='ocrx_word' id='word_1_244' title='bbox 1130 1809 1172 1851; x_wconf 81' lang='grc' dir='ltr'><em>οἱ</em></span> <span class='ocrx_word' id='word_1_245' title='bbox 1201 1807 1246 1850; x_wconf 80' lang='grc' dir='ltr'><em>δὲ</em></span> <span class='ocrx_word' id='word_1_246' title='bbox 1274 1824 1349 1858; x_wconf 90' lang='grc' dir='ltr'><em>τας</em></span> <span class='ocrx_word' id='word_1_247' title='bbox 1378 1807 1564 1878; x_wconf 77' lang='grc' dir='ltr'><em>ἐσθῆτας</em></span> <span class='ocrx_word' id='word_1_248' title='bbox 1592 1824 1663 1852; x_wconf 89' lang='grc' dir='ltr'><em>πε-</em></span> 
     </span>
     <span class='ocr_line' id='line_1_31' title="bbox 208 1861 1662 1935; baseline 0 -27"><span class='ocrx_word' id='word_1_249' title='bbox 208 1869 262 1912; x_wconf 85' lang='grc'><em>45</em></span> <span class='ocrx_word' id='word_1_250' title='bbox 293 1865 604 1921; x_wconf 73' lang='grc' dir='ltr'><em>ριῤῥηγτύντες</em></span> <span class='ocrx_word' id='word_1_251' title='bbox 643 1865 717 1907; x_wconf 83' lang='grc' dir='ltr'><em>καὶ</em></span> <span class='ocrx_word' id='word_1_252' title='bbox 761 1871 945 1920; x_wconf 82' lang='grc' dir='ltr'><em>γυμνοῖς</em></span> <span class='ocrx_word' id='word_1_253' title='bbox 994 1869 1084 1915; x_wconf 87' lang='grc' dir='ltr'><em>τοῖς</em></span> <span class='ocrx_word' id='word_1_254' title='bbox 1122 1861 1316 1919; x_wconf 80' lang='grc' dir='ltr'><em>σώμασιν</em></span> <span class='ocrx_word' id='word_1_255' title='bbox 1362 1864 1662 1935; x_wconf 81' lang='grc' dir='ltr'><em>ἐπιβάλλοντες</em></span> 
     </span>
     <span class='ocr_line' id='line_1_32' title="bbox 287 1920 1660 1992; baseline -0.001 -26"><span class='ocrx_word' id='word_1_256' title='bbox 287 1923 364 1974; x_wconf 81' lang='grc' dir='ltr'><em>τὰς</em></span> <span class='ocrx_word' id='word_1_257' title='bbox 393 1927 538 1992; x_wconf 84' lang='grc' dir='ltr'><em>χεῖρας</em></span> <span class='ocrx_word' id='word_1_258' title='bbox 568 1921 640 1963; x_wconf 83' lang='grc' dir='ltr'><em>καὶ</em></span> <span class='ocrx_word' id='word_1_259' title='bbox 668 1926 762 1972; x_wconf 87' lang='grc' dir='ltr'><em>ταῖς</em></span> <span class='ocrx_word' id='word_1_260' title='bbox 800 1921 1015 1989; x_wconf 77' lang='grc' dir='ltr'><em>στάθμαις</em></span> <span class='ocrx_word' id='word_1_261' title='bbox 1053 1923 1141 1964; x_wconf 78' lang='grc' dir='ltr'><em>τῶν</em></span> <span class='ocrx_word' id='word_1_262' title='bbox 1182 1920 1380 1975; x_wconf 79' lang='grc' dir='ltr'><em>δοράτων</em></span> <span class='ocrx_word' id='word_1_263' title='bbox 1424 1921 1660 1972; x_wconf 84' lang='grc' dir='ltr'><em>τύπτοντες</em></span> 
     </span>
     <span class='ocr_line' id='line_1_33' title="bbox 287 1975 1662 2045; baseline -0.001 -22"><span class='ocrx_word' id='word_1_264' title='bbox 287 1997 360 2023; x_wconf 84' lang='grc' dir='ltr'><em>και</em></span> <span class='ocrx_word' id='word_1_265' title='bbox 389 1996 442 2022; x_wconf 90' lang='grc' dir='ltr'><em>τα</em></span> <span class='ocrx_word' id='word_1_266' title='bbox 471 1977 706 2045; x_wconf 80' lang='grc' dir='ltr'><em>τιμιώτατα</em></span> <span class='ocrx_word' id='word_1_267' title='bbox 733 1977 807 2020; x_wconf 85' lang='grc' dir='ltr'><em>καὶ</em></span> <span class='ocrx_word' id='word_1_268' title='bbox 836 1975 1071 2033; x_wconf 83' lang='grc' dir='ltr'><em>περιβόητα</em></span> <span class='ocrx_word' id='word_1_269' title='bbox 1100 1980 1187 2020; x_wconf 75' lang='grc' dir='ltr'><em>τῶν</em></span> <span class='ocrx_word' id='word_1_270' title='bbox 1216 1977 1453 2033; x_wconf 89' lang='grc' dir='ltr'><em>βαρβάρων</em></span> <span class='ocrx_word' id='word_1_271' title='bbox 1479 1984 1572 2029; x_wconf 85' lang='grc' dir='ltr'><em>ταῖς</em></span> <span class='ocrx_word' id='word_1_272' title='bbox 1585 1983 1662 2034; x_wconf 85' lang='grc' dir='ltr'><em>τῆς</em></span> 
     </span>
     <span class='ocr_line' id='line_1_34' title="bbox 286 2033 1659 2104; baseline -0.001 -24"><span class='ocrx_word' id='word_1_273' title='bbox 286 2036 417 2104; x_wconf 89' lang='grc' dir='ltr'><em>τύχης</em></span> <span class='ocrx_word' id='word_1_274' title='bbox 448 2037 633 2088; x_wconf 84' lang='grc' dir='ltr'><em>δωρεαῖς</em></span> <span class='ocrx_word' id='word_1_275' title='bbox 661 2033 923 2103; x_wconf 83' lang='grc' dir='ltr'><em>υβρίζοντες.</em></span> <span class='ocrx_word' id='word_1_276' title='bbox 981 2050 1023 2077; x_wconf 92' lang='grc' dir='ltr'><em>οι</em></span> <span class='ocrx_word' id='word_1_277' title='bbox 1053 2033 1099 2077; x_wconf 78' lang='grc' dir='ltr'><em>δὲ</em></span> <span class='ocrx_word' id='word_1_278' title='bbox 1128 2034 1433 2077; x_wconf 78' lang='grc' dir='ltr'><em>ἐπιεικέστατοι</em></span> <span class='ocrx_word' id='word_1_279' title='bbox 1451 2051 1540 2078; x_wconf 89' lang='grc' dir='ltr'><em>των</em></span> <span class='ocrx_word' id='word_1_280' title='bbox 1560 2039 1659 2078; x_wconf 87' lang='grc' dir='ltr'><em>Μα-</em></span> 
     </span>
     <span class='ocr_line' id='line_1_35' title="bbox 286 2089 1659 2162; baseline -0.002 -25"><span class='ocrx_word' id='word_1_281' title='bbox 286 2094 480 2137; x_wconf 84' lang='grc' dir='ltr'><em>κεδόνων</em></span> <span class='ocrx_word' id='word_1_282' title='bbox 516 2108 597 2147; x_wconf 85' lang='grc' dir='ltr'><em>την</em></span> <span class='ocrx_word' id='word_1_283' title='bbox 633 2089 876 2160; x_wconf 79' lang='grc' dir='ltr'><em>μεταβολήν</em></span> <span class='ocrx_word' id='word_1_284' title='bbox 914 2093 988 2145; x_wconf 79' lang='grc' dir='ltr'><em>τῆς</em></span> <span class='ocrx_word' id='word_1_285' title='bbox 1026 2089 1157 2160; x_wconf 85' lang='grc' dir='ltr'><em>τύχης</em></span> <span class='ocrx_word' id='word_1_286' title='bbox 1191 2090 1378 2146; x_wconf 77' lang='grc' dir='ltr'><em>ὁρῶντες</em></span> <span class='ocrx_word' id='word_1_287' title='bbox 1414 2095 1659 2162; x_wconf 80' lang='grc' dir='ltr'><em>συμπαθεῖς</em></span> 
     </span>
     <span class='ocr_line' id='line_1_36' title="bbox 205 2146 1719 2219; baseline -0.001 -27"><span class='ocrx_word' id='word_1_288' title='bbox 205 2151 259 2194; x_wconf 86' lang='grc'><em>50</em></span> <span class='ocrx_word' id='word_1_289' title='bbox 288 2151 529 2219; x_wconf 73' lang='grc' dir='ltr'><em>ἐγίνοντο,</em></span> <span class='ocrx_word' id='word_1_290' title='bbox 544 2148 618 2191; x_wconf 85' lang='grc' dir='ltr'><em>καὶ</em></span> <span class='ocrx_word' id='word_1_291' title='bbox 652 2164 730 2201; x_wconf 89' lang='grc' dir='ltr'><em>τας</em></span> <span class='ocrx_word' id='word_1_292' title='bbox 766 2152 856 2190; x_wconf 76' lang='grc' dir='ltr'><em>τῶν</em></span> <span class='ocrx_word' id='word_1_293' title='bbox 885 2146 1195 2216; x_wconf 75' lang='grc' dir='ltr'><em>ἀκληρούντων</em></span> <span class='ocrx_word' id='word_1_294' title='bbox 1223 2146 1453 2217; x_wconf 81' lang='grc' dir='ltr'><em>συμφοράς</em></span> <span class='ocrx_word' id='word_1_295' title='bbox 1481 2147 1658 2219; x_wconf 82' lang='grc' dir='ltr'><em>η’λέουν,</em></span> <span class='ocrx_word' id='word_1_296' title='bbox 1715 2164 1719 2165; x_wconf 64' lang='grc'>’</span> 
     </span>
     <span class='ocr_line' id='line_1_37' title="bbox 286 2202 1658 2274; baseline -0.002 -23"><span class='ocrx_word' id='word_1_297' title='bbox 286 2211 355 2259; x_wconf 81' lang='grc' dir='ltr'><em>αῖς</em></span> <span class='ocrx_word' id='word_1_298' title='bbox 393 2205 446 2249; x_wconf 81' lang='grc' dir='ltr'><em>τὰ</em></span> <span class='ocrx_word' id='word_1_299' title='bbox 484 2205 562 2274; x_wconf 78' lang='grc' dir='ltr'><em>μὲν</em></span> <span class='ocrx_word' id='word_1_300' title='bbox 601 2202 874 2261; x_wconf 83' lang='grc' dir='ltr'><em>προςήκοντα</em></span> <span class='ocrx_word' id='word_1_301' title='bbox 911 2205 984 2247; x_wconf 85' lang='grc' dir='ltr'><em>καὶ</em></span> <span class='ocrx_word' id='word_1_302' title='bbox 1020 2203 1185 2259; x_wconf 89' lang='grc' dir='ltr'><em>μεγάλα</em></span> <span class='ocrx_word' id='word_1_303' title='bbox 1221 2204 1390 2259; x_wconf 81' lang='grc' dir='ltr'><em>μακρὰν</em></span> <span class='ocrx_word' id='word_1_304' title='bbox 1420 2203 1658 2273; x_wconf 80' lang='grc' dir='ltr'><em>άπηρτητο,</em></span> 
     </span>
     <span class='ocr_line' id='line_1_38' title="bbox 283 2260 1657 2335; baseline -0.001 -28"><span class='ocrx_word' id='word_1_305' title='bbox 283 2282 336 2335; x_wconf 66' lang='grc' dir='ltr'><em>τα</em></span> <span class='ocrx_word' id='word_1_306' title='bbox 375 2261 417 2307; x_wconf 84' lang='grc' dir='ltr'><em>δ’</em></span> <span class='ocrx_word' id='word_1_307' title='bbox 449 2260 674 2316; x_wconf 73' lang='grc' dir='ltr'><em>ἀλλόφυλα</em></span> <span class='ocrx_word' id='word_1_308' title='bbox 703 2262 776 2304; x_wconf 83' lang='grc' dir='ltr'><em>καὶ</em></span> <span class='ocrx_word' id='word_1_309' title='bbox 805 2261 989 2313; x_wconf 82' lang='grc' dir='ltr'><em>πολέμια</em></span> <span class='ocrx_word' id='word_1_310' title='bbox 1025 2265 1170 2318; x_wconf 84' lang='grc' dir='ltr'><em>παρῆν</em></span> <span class='ocrx_word' id='word_1_311' title='bbox 1200 2261 1411 2315; x_wconf 84' lang='grc' dir='ltr'><em>σύνεγγυς</em></span> <span class='ocrx_word' id='word_1_312' title='bbox 1441 2263 1515 2305; x_wconf 87' lang='grc' dir='ltr'><em>καὶ</em></span> <span class='ocrx_word' id='word_1_313' title='bbox 1544 2261 1657 2314; x_wconf 81' lang='grc' dir='ltr'><em>πρὸς</em></span> 
     </span>
     <span class='ocr_line' id='line_1_39' title="bbox 285 2316 1656 2376; baseline -0.003 -12"><span class='ocrx_word' id='word_1_314' title='bbox 285 2321 418 2376; x_wconf 81' lang='grc' dir='ltr'><em>ἀτυχῆ</em></span> <span class='ocrx_word' id='word_1_315' title='bbox 447 2319 519 2363; x_wconf 87' lang='grc' dir='ltr'><em>καὶ</em></span> <span class='ocrx_word' id='word_1_316' title='bbox 550 2319 844 2362; x_wconf 80' lang='grc' dir='ltr'><em>ἐπονείδιστον</em></span> <span class='ocrx_word' id='word_1_317' title='bbox 875 2319 1168 2374; x_wconf 86' lang='grc' dir='ltr'><em>αἰχμαλωσίαν</em></span> <span class='ocrx_word' id='word_1_318' title='bbox 1196 2316 1479 2374; x_wconf 75' lang='grc' dir='ltr'><em>παρώρμητο.</em></span> <span class='ocrx_word' id='word_1_319' title='bbox 1537 2318 1656 2375; x_wconf 89' lang='grc' dir='ltr'><em>μάλι-</em></span> 
     </span>
    </p>
   </div>
   <div class='ocr_carea' id='block_1_3' title="bbox 214 314 269 411">
    <p class='ocr_par' dir='ltr' id='par_1_3' title="bbox 214 314 269 411">
     <span class='ocr_line' id='line_1_40' title="bbox 214 314 269 352; baseline 0 0"><span class='ocrx_word' id='word_1_320' title='bbox 214 314 269 352; x_wconf 64' lang='lat' dir='ltr'><em>:h</em></span> 
     </span>
     <span class='ocr_line' id='line_1_41' title="bbox 220 370 266 411; baseline 0.065 -3"><span class='ocrx_word' id='word_1_321' title='bbox 220 370 266 411; x_wconf 82' lang='grc'><em>15</em></span> 
     </span>
    </p>
   </div>
   <div class='ocr_carea' id='block_1_4' title="bbox 282 2434 1660 2758">
    <p class='ocr_par' dir='ltr' id='par_1_4' title="bbox 282 2434 1660 2753">
     <span class='ocr_line' id='line_1_42' title="bbox 807 2434 979 2471; baseline 0 -6"><span class='ocrx_word' id='word_1_322' title='bbox 807 2434 865 2471; x_wconf 87' lang='grc' dir='ltr'><em>οῖς</em></span> <span class='ocrx_word' id='word_1_323' title='bbox 897 2443 979 2471; x_wconf 84' lang='grc' dir='ltr'><em>οις</em></span> 
     </span>
     <span class='ocr_line' id='line_1_43' title="bbox 284 2470 1010 2522; baseline -0.008 -7"><span class='ocrx_word' id='word_1_324' title='bbox 284 2480 342 2515; x_wconf 83' lang='grc'><em>12.</em></span> <span class='ocrx_word' id='word_1_325' title='bbox 390 2481 528 2517; x_wconf 78' lang='grc' dir='ltr'><em>στενοῖς</em></span> <span class='ocrx_word' id='word_1_326' title='bbox 551 2470 699 2521; x_wconf 85' lang='grc' dir='ltr'><em>τόποις]</em></span> <span class='ocrx_word' id='word_1_327' title='bbox 726 2479 839 2521; x_wconf 74' lang='grc' dir='ltr'><em>στενῷ</em></span> <span class='ocrx_word' id='word_1_328' title='bbox 857 2475 955 2522; x_wconf 81' lang='grc' dir='ltr'><em>τόπῳ</em></span> <span class='ocrx_word' id='word_1_329' title='bbox 981 2476 1010 2509; x_wconf 79' lang='lat' dir='ltr'>F</span> 
     </span>
     <span class='ocr_line' id='line_1_44' title="bbox 376 2512 1660 2567; baseline -0.002 -8"><span class='ocrx_word' id='word_1_330' title='bbox 376 2527 455 2560; x_wconf 64' lang='lat'><em>156.</em></span> <span class='ocrx_word' id='word_1_331' title='bbox 490 2526 546 2558; x_wconf 77' lang='lat'><em>22.</em></span> <span class='ocrx_word' id='word_1_332' title='bbox 593 2523 703 2567; x_wconf 81' lang='grc' dir='ltr'><em>γάζης</em></span> <span class='ocrx_word' id='word_1_333' title='bbox 731 2523 881 2567; x_wconf 81' lang='lat' dir='ltr'>FLQT,</span> <span class='ocrx_word' id='word_1_334' title='bbox 912 2512 1040 2556; x_wconf 81' lang='lat' dir='ltr'><strong>caeteri</strong></span> <span class='ocrx_word' id='word_1_335' title='bbox 1063 2524 1198 2566; x_wconf 85' lang='grc' dir='ltr'><em>σκηνῆς</em></span> <span class='ocrx_word' id='word_1_336' title='bbox 1380 2523 1438 2558; x_wconf 83' lang='grc'><em>25.</em></span> <span class='ocrx_word' id='word_1_337' title='bbox 1485 2518 1575 2557; x_wconf 86' lang='grc' dir='ltr'><em>αλλα</em></span> <span class='ocrx_word' id='word_1_338' title='bbox 1597 2521 1660 2557; x_wconf 83' lang='grc' dir='ltr'><em>καὶ</em></span> 
     </span>
     <span class='ocr_line' id='line_1_45' title="bbox 287 2568 1659 2625; baseline -0.004 -18"><span class='ocrx_word' id='word_1_339' title='bbox 287 2572 325 2607; x_wconf 75' lang='grc' dir='ltr'><em>αἱ</em></span> <span class='ocrx_word' id='word_1_340' title='bbox 348 2573 419 2615; x_wconf 85' lang='lat' dir='ltr'><em>FL,</em></span> <span class='ocrx_word' id='word_1_341' title='bbox 446 2569 571 2605; x_wconf 66' lang='lat' dir='ltr'><strong>caeteti</strong></span> <span class='ocrx_word' id='word_1_342' title='bbox 596 2568 688 2605; x_wconf 77' lang='grc' dir='ltr'><em>αλλοὶ</em></span> <span class='ocrx_word' id='word_1_343' title='bbox 712 2569 774 2604; x_wconf 83' lang='grc' dir='ltr'><em>καὶ</em></span> <span class='ocrx_word' id='word_1_344' title='bbox 954 2568 1012 2601; x_wconf 82' lang='grc'><em>30.</em></span> <span class='ocrx_word' id='word_1_345' title='bbox 1056 2568 1296 2613; x_wconf 81' lang='grc' dir='ltr'><em>κατασκευῆς]</em></span> <span class='ocrx_word' id='word_1_346' title='bbox 1322 2569 1402 2605; x_wconf 80' lang='lat' dir='ltr'>fort.</span> <span class='ocrx_word' id='word_1_347' title='bbox 1425 2570 1659 2625; x_wconf 83' lang='grc' dir='ltr'><em>παρασκευῆς</em></span> 
     </span>
     <span class='ocr_line' id='line_1_46' title="bbox 467 2612 1659 2672; baseline 0 -22"><span class='ocrx_word' id='word_1_348' title='bbox 467 2617 524 2652; x_wconf 81' lang='lat'><em>32.</em></span> <span class='ocrx_word' id='word_1_349' title='bbox 571 2614 633 2650; x_wconf 78' lang='grc' dir='ltr'><em>ἐπ’</em></span> <span class='ocrx_word' id='word_1_350' title='bbox 659 2614 838 2672; x_wconf 81' lang='grc' dir='ltr'><em>α’πήναις]</em></span> <span class='ocrx_word' id='word_1_351' title='bbox 876 2613 915 2649; x_wconf 80' lang='grc' dir='ltr'><em>ἐν</em></span> <span class='ocrx_word' id='word_1_352' title='bbox 943 2612 1103 2659; x_wconf 83' lang='grc' dir='ltr'><em>α’πήναις</em></span> <span class='ocrx_word' id='word_1_353' title='bbox 1125 2615 1219 2660; x_wconf 79' lang='lat' dir='ltr'><em>FLQ</em></span> <span class='ocrx_word' id='word_1_354' title='bbox 1409 2616 1466 2650; x_wconf 81' lang='lat'><em>39.</em></span> <span class='ocrx_word' id='word_1_355' title='bbox 1515 2613 1659 2658; x_wconf 70' lang='grc' dir='ltr'><em>ἀνειμέ-</em></span> 
     </span>
     <span class='ocr_line' id='line_1_47' title="bbox 282 2659 1601 2709; baseline -0.003 -9"><span class='ocrx_word' id='word_1_356' title='bbox 282 2665 368 2709; x_wconf 79' lang='grc' dir='ltr'><em>ναι]</em></span> <span class='ocrx_word' id='word_1_357' title='bbox 393 2660 565 2708; x_wconf 79' lang='grc' dir='ltr'><em>άνιμέναι</em></span> <span class='ocrx_word' id='word_1_358' title='bbox 589 2662 632 2704; x_wconf 83' lang='grc' dir='ltr'><em>Τ,</em></span> <span class='ocrx_word' id='word_1_359' title='bbox 659 2660 847 2706; x_wconf 83' lang='grc' dir='ltr'><em>οἷνιεμέναι</em></span> <span class='ocrx_word' id='word_1_360' title='bbox 865 2661 948 2695; x_wconf 80' lang='lat' dir='ltr'>Bas.</span> <span class='ocrx_word' id='word_1_361' title='bbox 1129 2661 1185 2694; x_wconf 74' lang='lat'><em>42.</em></span> <span class='ocrx_word' id='word_1_362' title='bbox 1233 2659 1349 2703; x_wconf 72' lang='grc' dir='ltr'><em>αὐτας</em></span> <span class='ocrx_word' id='word_1_363' title='bbox 1371 2672 1438 2696; x_wconf 89' lang='lat' dir='ltr'><em>om.</em></span> <span class='ocrx_word' id='word_1_364' title='bbox 1465 2661 1498 2694; x_wconf 81' lang='lat' dir='ltr'>T</span> <span class='ocrx_word' id='word_1_365' title='bbox 1520 2663 1601 2696; x_wconf 81' lang='lat' dir='ltr'>Bas.</span> 
     </span>
     <span class='ocr_line' id='line_1_48' title="bbox 374 2704 1654 2758; baseline -0.002 -14"><span class='ocrx_word' id='word_1_366' title='bbox 374 2711 430 2744; x_wconf 72' lang='lat'><em>4⁴.</em></span> <span class='ocrx_word' id='word_1_367' title='bbox 484 2707 816 2758; x_wconf 68' lang='grc' dir='ltr'><em>περιρρηγνύντες]</em></span> <span class='ocrx_word' id='word_1_368' title='bbox 847 2705 1129 2752; x_wconf 79' lang='grc' dir='ltr'><em>περιρηγνύντες</em></span> <span class='ocrx_word' id='word_1_369' title='bbox 1160 2718 1278 2743; x_wconf 77' lang='lat' dir='ltr'><strong>omnes</strong></span> <span class='ocrx_word' id='word_1_370' title='bbox 1467 2707 1526 2742; x_wconf 84' lang='lat'><em>49.</em></span> <span class='ocrx_word' id='word_1_371' title='bbox 1579 2704 1654 2751; x_wconf 74' lang='grc' dir='ltr'><em>ἐγί-</em></span> 
     </span>
    </p>
   </div>
   <div class='ocr_carea' id='block_1_5' title="bbox 283 2754 658 2801">
    <p class='ocr_par' dir='ltr' id='par_1_5' title="bbox 283 2754 658 2801">
     <span class='ocr_line' id='line_1_49' title="bbox 283 2754 658 2801; baseline -0.008 -9"><span class='ocrx_word' id='word_1_372' title='bbox 283 2758 413 2801; x_wconf 84' lang='grc' dir='ltr'><em>νοντο]</em></span> <span class='ocrx_word' id='word_1_373' title='bbox 440 2754 606 2801; x_wconf 74' lang='grc' dir='ltr'><em>ἐγένοντο</em></span> <span class='ocrx_word' id='word_1_374' title='bbox 628 2756 658 2789; x_wconf 82' lang='lat' dir='ltr'>F</span> 
     </span>
    </p>
   </div>
  </div>
 </body>
</html>
