1820 3249
586 177 1539 221 LIB.xlx.CAP.30.1367

172 305 356 346 φραγμα
381 290 482 344 περὶ
500 287 700 340 αὐτούς,
739 286 1017 344 ὑπερέχοντες
1057 289 1104 332 δὲ
1131 291 1217 332 τῶν
1246 287 1538 361 ἀντιτεταγμέ-

170 363 264 390 νων
290 350 352 404 τῷ
379 362 424 390 τε
449 344 606 400 πλήθει
635 345 709 389 καὶ
736 350 828 396 ταῖς
857 346 900 389 έλ
905 345 1158 414 αφρότησιν,
1186 345 1419 401 ἐπειρῶντο
1442 345 1538 401 χρή-

171 408 335 447 σασθαι
362 407 452 453 τοῖς
475 404 604 452 ἰδίοις
632 400 1047 473 προτερήμασι.τό
1078 418 1156 457 μεν
1182 402 1266 471 γάρ
1294 403 1403 445 κατὰ
1434 403 1534 446 στό-

169 476 230 513 μα
262 459 606 507 διακινδυνεύειν
640 457 750 513 πρός
778 458 1015 528 ἐλέφαντας
1048 458 1130 502 οὐκ
1167 458 1356 514 άσφαλὲς
1385 457 1534 513 ἐνόμι-

170 519 269 568 ζον,
296 514 677 568 περιιππεύσαντες
707 516 753 559 δὲ
782 514 830 558 τὸ
858 515 987 587 κέρας
1014 516 1086 558 καὶ
1107 519 1301 585 πλαγίοις
1329 515 1533 570 ἐμβαλόν·
1562 519 1617 559 20

167 587 235 623 τες
270 577 454 621 πυκνοῖς
481 576 571 622 τοῖς
609 571 749 626 βέλεσι
788 575 1152 625 κατετίτρωσκον,
1191 570 1316 614 αὐτοὶ
1354 572 1433 626 μὲν
1463 571 1533 614 δια

166 628 243 678 τὰς
270 627 563 683 ἐλαφρότητας
594 627 726 671 οὐδὲν
761 628 1018 683 πάσχοντες,
1050 627 1211 683 μεγάλα
1247 628 1292 671 δὲ
1321 627 1534 698 βλάπτον-

164 700 233 734 τες
270 685 374 735 τούς
410 685 482 728 διὰ
519 684 574 727 τὰ
610 686 725 752 βάρη
763 684 866 741 μήτ’
897 685 1094 736 ἐκδιῶξαι
1132 684 1401 738 δυναμένους
1430 682 1533 739 μήτ’

162 739 423 794 ἀναχωρειν,
455 740 562 784 ὅταν
591 743 743 795 καιρὸς
766 744 1046 809 παραγγείλη.
1106 740 1304 796 Εὐμένης
1340 740 1386 783 δ’
1417 740 1533 793 ὁρῶν
1559 741 1613 784 25

160 796 413 852 πιεζόμενον
452 797 502 840 τὸ
545 797 675 851 κέρας
724 801 782 855 τῷ
821 797 979 853 πλήθει
1027 802 1114 840 τῶν
1158 797 1531 868 ἀφιπποτοξοτῶν,

161 853 456 907 μετεπέμψατο
484 852 592 907 παρ’
623 844 837 909 Εὐδάμου
859 859 939 897 τοῦ
970 853 1018 897 τὸ
1050 851 1176 896 λαιὸν
1200 853 1329 907 κέρας
1359 853 1532 923 ε’χοντος

160 908 265 960 τούς
305 909 631 980 ἐλαφροτάτους
668 914 755 954 τῶν
796 911 970 954 ἱππέων.
1029 910 1250 966 έξαγαγων
1286 909 1330 952 δε
1367 909 1436 951 ἐπὶ
1464 910 1530 952 κέ-

161 982 242 1034 ρας
269 965 348 1022 τὴν
384 964 535 1023 ὀλίγην
562 967 683 1019 τάξιν
717 971 810 1018 τοῖς
841 967 919 1020 μὲν
947 971 1091 1017 ιιιλοῖς
1127 967 1199 1010 καὶ
1228 970 1318 1016 τοῖς
1348 966 1530 1036 ἐλαφρο-

159 1020 305 1073 τάτοις
345 1027 434 1066 τῶν
463 1021 628 1066 ιππέων
666 1024 876 1094 εἰςέβαλεν
916 1025 976 1073 εἰς
1006 1039 1111 1073 τους
1139 1023 1389 1072 ἐναντίους·
1426 1022 1528 1065 εἶπα·
1558 1027 1612 1066 30

158 1079 499 1122 κολουθούντων
537 1079 583 1120 δὲ
623 1079 694 1121 καὶ
734 1084 824 1121 τῶν
861 1082 1032 1133 θηρίων
1067 1081 1226 1135 ῥᾳδίως
1261 1077 1528 1133 τρεψάμενος

156 1133 260 1202 τοὺς
286 1136 386 1190 περὶ
421 1135 501 1178 τόν
530 1134 730 1178 Πύθωνα
767 1136 994 1186 κατεδίωξε
1034 1137 1156 1190 μέχρι
1177 1138 1268 1206 τῆς
1295 1134 1526 1188 υπωρείας.

79 1189 248 1262 341άμα
284 1191 331 1234 δὲ
365 1191 539 1242 τούτοις
573 1191 887 1246 πραττομένοις
920 1191 1078 1246 συνέβη
1119 1191 1191 1234 καὶ
1236 1191 1337 1241 τούς
1376 1192 1527 1244 πεζοὺς

157 1244 234 1317 ἐφ’
272 1246 427 1290 ἱκανόν
464 1263 542 1303 μεν
579 1247 741 1303 χρόνον
781 1251 1134 1317 φαλαγγομαχεῖν
1163 1247 1271 1299 πρὸς
1279 1245 1526 1316 ἀλλήλους,
1556 1248 1611 1292 35

155 1305 207 1348 τὸ
245 1304 291 1348 δε
330 1308 579 1347 τελευταῖον
625 1307 799 1347 πολλῶν
836 1303 1060 1347 πεσόντων
1105 1302 1212 1358 παρ’
1265 1300 1529 1372 ἀμφοτέροις

155 1361 438 1430 επικρατῆσαι
479 1360 585 1411 τούς
622 1358 728 1414 παρ’
770 1359 978 1430 Εὐμένει
997 1360 1283 1430 τεταγμένρυς
1333 1359 1406 1403 διὰ
1452 1362 1528 1412 τὰς

154 1421 243 1461 τῶν
276 1416 614 1485 ἀργυρασπίδων
655 1418 924 1460 Μακεδόνων
954 1415 1121 1469 ἀρετάς.
1170 1418 1294 1460 οὑτοι
1321 1415 1404 1471 γὰρ
1434 1422 1528 1468 ταῖς

155 1476 235 1529 μὲν
261 1471 449 1529 ἡλικίαις
478 1473 558 1528 ἤδη
586 1472 949 1528 προβεβήκεισαν,
981 1472 1052 1516 δια
1084 1473 1130 1516 δὲ
1158 1472 1208 1516 τὸ
1238 1477 1407 1542 πλῆθος
1435 1477 1523 1517 τῶν

153 1533 373 1574 κινδύνων
419 1529 624 1583 διέφερον
663 1534 757 1580 ταῖς
795 1529 974 1594 τόλμαις
1019 1530 1093 1572 καὶ
1141 1534 1235 1579 ταῖς
1279 1527 1520 1584 εὐχειρίαις,
1549 1530 1604 1575 40

154 1587 260 1638 ὥςτε
297 1585 462 1642 μηδένα
501 1586 722 1629 δύνασθαι
760 1586 870 1629 κατὰ
911 1587 1049 1640 στόμα
1087 1584 1166 1641 τὴν
1203 1587 1304 1657 βίαν
1314 1586 1522 1655 ὑποστῆ-

89 1686 92 1692 ,
152 1661 239 1689 ναι.
277 1644 346 1688 διὸ
374 1643 447 1686 καὶ
483 1641 579 1686 τότε
608 1645 827 1697 τριςχίλιοι
851 1659 934 1697 μεν
968 1642 1089 1693 ὄντες
1118 1642 1254 1685 οἱονεὶ
1280 1641 1328 1686 τὸ
1358 1641 1522 1714 στόμω-

153 1718 214 1756 μα
243 1699 600 1768 καθειστήκεισαν
628 1698 768 1754 πάσης
804 1703 880 1754 τῆς
909 1697 1146 1753 δυνάμεως.
1201 1697 1444 1753 Ἀντίγονος
1474 1697 1520 1742 δ’

152 1757 272 1827 ὁρῶν
300 1756 350 1800 τό
389 1771 433 1799 τε
462 1755 692 1810 εὐώνυμον
720 1755 849 1808 κέρας
873 1759 961 1798 τῶν
990 1757 1115 1798 ἰδίων
1149 1755 1418 1810 πεφευγότας
1447 1772 1521 1798 και

150 1830 232 1870 την
260 1812 461 1882 φάλαγγα
496 1816 641 1855 πᾶσαν
669 1812 981 1882 τετραμμένην,
1019 1817 1109 1862 τοῖς
1133 1828 1215 1883 μεν
1245 1810 1516 1882 συμβουλεύ-
1544 1814 1599 1858 45

153 1881 282 1914 ουσιν
319 1867 561 1923 ἀποχωρεῖν
598 1867 710 1937 πρὸς
749 1868 828 1924 τὴν
867 1866 1044 1922 ὀρεινὴν
1073 1870 1147 1912 καὶ
1184 1867 1287 1919 τούς
1325 1867 1412 1911 ἀπὸ
1441 1872 1514 1924 τῆς

152 1930 295 1982 φυγῆς
326 1925 602 1996 σωζομένους
638 1923 956 1979 ἀναλαμβάνειν
989 1926 1240 1995 ἄθραυστον
1277 1925 1428 1980 ἔχοντα
1463 1925 1511 1967 τό

151 1984 249 2038 περὶ
285 1980 421 2025 αὑτὸν
463 1981 594 2037 μέρος
629 1985 704 2036 τῆς
742 1981 965 2036 δυνάμεως
1005 1980 1060 2024 ου’
1097 1982 1323 2037 προςέσχε,
1363 1985 1423 2039 τῷ
1467 1980 1513 2025 δὲ

150 2056 270 2094 παρα
304 2041 386 2082 τοῦ
414 2042 589 2107 καιροῦ
608 2038 784 2081 δοθέντι
811 2054 1103 2093 προτερηματι
1132 2041 1279 2089 δεξιῶς
1307 2028 1510 2094 χρησάμε-
1541 2041 1596 2083 50

149 2113 227 2148 νος
263 2096 337 2140 καὶ
371 2094 472 2146 τοὺς
493 2093 751 2166 ,φεύγοντας
785 2098 875 2137 τῶν
904 2096 1027 2138 ἰδίων
1065 2095 1197 2139 ε’σωσε
1236 2095 1309 2138 καὶ
1346 2100 1421 2148 τῆς
1449 2096 1514 2138 νί-

149 2170 229 2210 κης
259 2153 418 2207 ε’τυχεν.
461 2152 506 2194 οἱ
532 2151 610 2206 μὲν
645 2151 730 2206 γάρ
770 2149 1085 2220 ἀργυράσπιδες
1115 2153 1159 2194 οἱ
1186 2150 1291 2205 παρ’
1325 2151 1514 2204 Εὐμένει

149 2211 224 2254 καὶ
251 2208 300 2254 τὸ
327 2206 482 2252 λοιπὸν
510 2212 679 2263 πλῆθος
704 2211 792 2250 τῶν
820 2212 959 2260 πεζῶν
988 2206 1046 2258 ῶς
1074 2208 1250 2263 τάχιστα
1279 2208 1511 2260 ἐτρέψαντο

149 2266 253 2317 τοὺς
289 2263 692 2336 ἀντιτεταγμένους,
740 2264 974 2309 ἐπεδίωκον
1011 2265 1131 2334 μέχρι
1169 2269 1244 2320 τῆς
1283 2264 1510 2318 έγγυτέρας

149 2322 380 2378 ὑπωρείας.
437 2320 461 2366 6
501 2319 542 2365 6'
577 2319 844 2376 Ἀντίγονος,
873 2321 1112 2377 γενομένου
1143 2319 1431 2377 διαστήματος
1460 2321 1507 2365 έν
1535 2319 1589 2361 55

148 2491 205 2526 23.
229 2488 300 2546 μήτ
309 2486 499 2531 ’ἐκδιῶξαι
519 2489 748 2532 δυναμένους
732 2490 828 2533 μήτ
836 2488 1075 2536 ’άναχωρεῖν]
1096 2502 1162 2533 μεν
1183 2487 1354 2532 ἐκδιῶξαι
1372 2491 1422 2534 μή
1443 2493 1506 2525 δυ-

149 2537 350 2580 ναμένους,
373 2540 637 2578 μεταναχωρεῖν
661 2535 701 2571 δὲ
724 2538 826 2570 Fvw
982 2537 1038 2570 26
1075 2535 1385 2577 ἀφιπποτοξοτῶν
1409 2538 1506 2571 FlY

147 2585 244 2625 Bas,
267 2582 393 2616 caeteri
416 2580 715 2624 ἐφιπποτοξοτῶν
873 2583 930 2616 29.
981 2580 1120 2626 ὀλίγην]
1147 2579 1234 2625 ὅλην
1259 2583 1355 2617 Wess
1358 2583 1508 2628 elingins

329 2626 387 2661 3⁰.
433 2626 808 2683 ἐπακολουθουντων]
828 2627 1115 2666 εἱςακολουθούτ
1119 2641 1190 2662 των
1214 2630 1289 2662 vw

239 2673 318 2708 341.
350 2673 407 2707 42.
450 2671 493 2706 τό
518 2684 585 2706 om.
608 2675 691 2708 Bas.
846 2676 905 2711 49-
950 2676 1105 2718 καιροῦ]
1130 2674 1241 2716 ὄρους
1264 2674 1393 2717 QTx'x
1417 2675 1501 2707 Bas.

328 2717 386 2753 50.
433 2719 581 2762 δεξιῶς]
611 2720 717 2766 δεξιῷ
738 2722 768 2755 F
966 2722 1023 2756 53.
1071 2719 1290 2764 ἐτρέψαντο]
1325 2718 1430 2762 ετρέψ
1436 2732 1502 2753 ατο

149 2766 231 2800 Bas.
354 2765 410 2800 54
435 2748 670 2809 ἐπεδίωκον]
674 2756 868 2804 ἐπεδίωκεν
891 2779 932 2800 ex
951 2768 984 2800 'l
1004 2768 1084 2800 Bas.
1101 2767 1340 2801 notavitWes-
1326 2766 1501 2810 selingius,

149 2812 209 2846 sed
229 2812 310 2846 Bas.
334 2811 475 2856 quidem
497 2809 667 2846 ἐπεδίωκε
847 2812 1060 2858 ἐγγυτέρας]
1084 2812 1263 2859 πρότερον
1286 2813 1347 2856 QY
1372 2812 1454 2847 Bas.
