1820 3249
270 149 382 190 1128
692 145 809 189 LIB.
841 146 952 189 XVI.
1005 147 1140 189 GAP.
1169 148 1238 189 95.

270 259 358 303 ἐσει
385 257 461 302 καὶ
495 260 587 309 τοῖς
619 257 693 302 δια
719 259 810 329 τῆς
824 256 994 314 ὁμιλίας
1022 258 1328 330 ἐπιτεύγμασιν
1360 256 1469 314 ἥπερ
1497 255 1567 301 ἐπὶ
1593 273 1646 327 τῃ
1732 297 1734 299 ,

270 315 379 358 κατὰ
409 315 485 367 τὰς
513 315 756 386 συμμαχίας
786 313 978 386 ἀνδρείᾳ
1035 324 1122 360 τῶν
1161 317 1241 371 μὲν
1274 315 1370 384 γὰρ
1395 313 1505 358 κατὰ
1541 331 1644 366 τους
1657 322 1723 357 155

215 374 242 414 5
273 371 446 427 ἀγῶνας
475 372 833 428 κατορθωμάτων
863 373 1049 442 μετέχειν
1077 372 1270 423 ἅπαντας
1290 388 1407 442 τους,
1420 381 1647 441 στρατευο-

271 429 458 499 μένους,
495 433 584 472 τῶν
623 429 668 472 δὲ
707 429 780 472 διά
809 432 886 497 τῆς
923 428 1091 485 ὁμιλίας
1119 429 1363 498 γινομένων
1391 425 1651 499 ἐπιτευγμά-

271 502 361 529 των
399 484 535 529 αὐτὸν
571 484 711 541 μόνον
744 484 998 569 λαμβάνειν
1017 486 1098 541 τήν
1130 484 1390 542 ἐπιγραφήν.
1449 484 1571 541 ἡμεῖς
1601 482 1648 555 6²

190 600 243 641 10
271 599 353 656 τὴν
377 601 531 657 βίβλον
561 597 702 643 αὐτοῦ
734 598 1060 670 περιγράψομεν
1091 599 1201 643 κατά
1227 599 1307 653 τὴν
1339 599 1385 642 ἐν
1415 597 1523 655 άρχῆ
1544 597 1649 651 πρό-

270 661 420 700 θεσιν·
468 660 547 713 τῆς
576 656 623 700 δ’
650 656 853 712 ἐχομένης
881 655 960 711 τὴν
989 654 1126 725 α’ρχὴν
1153 655 1234 713 τήν
1260 654 1544 725 Ἀλεξάνδρου
1569 670 1650 698 πα-

272 711 461 784 ράληψιν
473 716 567 784 τῆς
597 714 818 783 βασιλείας
846 712 1134 767 ποιησάμενοι
1163 711 1460 767 πειρασόμεθα
1481 716 1650 770 περιλα-

270 772 366 827 βεῖν
394 768 565 822 ἁπάσας
595 768 734 814 αὐτοῦ
758 768 835 821 τάς
861 769 1035 826 πράξεις
1065 769 1112 813 ἐν
1139 773 1216 827 μιᾷ
1244 771 1394 827 βίβλῳ.

365 916 446 954 155.
477 917 511 952 4.
554 928 622 956 τας
644 927 714 952 om.
736 916 767 951 F
927 916 1153 964 συμμαχίας]
1186 915 1308 963 μάχας
1329 916 1413 951 Rei
1402 917 1491 953 kias

272 963 309 999 fl.
352 962 650 1008 περιγράψομεν]
685 960 983 1009 παραγράψομεν
1013 965 1076 1000 FY
1106 964 1189 999 Bas.
1389 963 1447 998 10.
1494 960 1563 1009 τήν
1585 959 1652 1010 ἆρ-

273 1009 363 1056 χὴν]
390 1010 503 1056 ἀρχῆς
525 1010 589 1046 FY
611 1010 694 1046 Bas.
