1820 3249
262 168 373 209 125⁰
596 161 707 202 mu
740 159 1178 201 xv11.cA1’.116
1209 163 1303 203 117.

266 294 345 330 κης
373 275 557 331 ἐσθῆτος
584 273 658 317 καὶ
688 271 953 328 διαδηματος
981 270 1051 314 ἐπί
1078 287 1199 322 τινος
1222 269 1396 326 θρόνου
1424 269 1717 325 τεθέντος,ρ,ιςρ

183 341 237 381 85
267 338 355 377 τῶν
384 333 621 401 ἐγχωρίων
630 347 694 381 τις
712 332 758 372 δε
763 330 939 384 δεαένος
967 328 1103 383 ἐλύθη
1124 328 1202 378 τὰς
1220 329 1352 378 πέδας
1372 327 1641 397 αὐτομάτως,

264 391 336 434 καὶ
367 389 520 432 λαθών
545 386 649 438 τοὺς
679 386 879 443 φύλακας
907 387 1056 453 διῆλθε
1086 384 1158 428 διὰ
1186 389 1276 428 τῶν
1303 389 1379 440 τῆς
1412 383 1547 440 αὐλῆς
1563 391 1642 428 θυ-

267 452 358 500 ρῶν
401 445 741 494 ἀνεπικωλύτως.
799 441 1055 494 προςελθών
1093 443 1140 484 δὲ
1175 445 1238 511 τῷ
1269 442 1428 511 θρόνῳ
1458 443 1533 484 καὶ
1561 442 1643 512 τήν

264 503 493 572 βασιλικήν
523 500 811 556 ἐνδυσάμενος
840 499 1005 554 ἐσθῆτα
1034 498 1106 540 καὶ
1135 497 1183 540 τό
1207 488 1398 568 διάδημα
1417 498 1642 554 περιθέμε-

264 577 367 612 νος,
414 557 619 602 ἐκάθισεν
658 557 726 600 ἐπὶ
762 559 843 599 τοῦ
882 555 1054 624 θρόνου
1090 555 1164 597 καὶ
1200 555 1281 625 την
1327 555 1514 611 ἡσυχίαν
1551 571 1643 625 ηγε

184 626 238 664 90
266 618 538 686 γνωσθείσης
576 614 622 658 δὲ
661 617 737 670 τῆς
764 611 959 666 πράξεως
987 609 1011 654 ὁ
1041 611 1244 682 βασιλεὺς
1277 611 1566 680 καταπλαγεὶς
1593 611 1644 655 τό

266 672 387 730 παρά
391 673 521 725 δοξον
550 675 767 725 προςῆλθε
796 672 858 737 τῷ
887 667 1061 724 θρόνῳ,
1086 667 1161 711 καὶ
1188 670 1318 724 χωρὶς
1344 667 1647 738 καταπλήξεως

267 731 407 788 ἡσυχῇ
429 730 507 772 τὸν
527 727 766 782 α’νθρωπον
796 714 996 779 ἀνέκρινε
1023 727 1087 775 τίς
1117 723 1180 766 ὠν
1209 727 1282 769 καὶ
1309 727 1350 768 τί
1379 723 1647 794 βουλόμενος

266 791 397 831 τοῦτο
428 785 595 840 ε’πραξε.
655 787 737 826 τοῦ
775 783 821 825 δὲ
852 780 1049 832 εἰπόντος
1070 780 1205 835 μηδὲν
1231 780 1378 831 ἁπλως
1398 781 1644 837 γινώσκειν,

182 851 237 895 95
265 849 356 895 τοῖς
381 842 559 910 μάντεσι
569 836 967 911 προςαναθέμενος
995 837 1094 892 περὶ
1122 841 1202 881 τοῦ
1233 840 1439 907 σημείου
1484 844 1646 883 τοῦτον

265 917 344 957 μεν
380 916 489 943 κατα
526 913 608 954 την
637 897 815 940 ἐκείνων
845 896 993 948 κρίσιν
1021 893 1294 947 ἀπέκτεινεν,
1339 893 1459 946 ὅπως
1487 896 1540 938 τοὶ
1559 907 1646 966 ση-

264 955 506 1025 μαινόμενα
536 956 721 1009 δυςχερῆ
750 953 810 1003 είς
840 967 1009 995 εκεινον
1037 949 1264 1022 τρέπηται,
1303 950 1437 1002 αὐτὸς
1467 952 1512 995 δὲ
1543 950 1646 996 οἰνα-

264 1014 414 1068 λαβων
451 1011 533 1067 την
572 1010 758 1064 ἐσθῆτα,
798 1010 872 1052 καὶ
901 1012 1023 1058 θεοῖς
1052 1007 1368 1060 ἀποτροπαίοις
1395 1008 1559 1081 θύσας,
1599 1009 1647 1052 ἐν

264 1069 431 1138 ἀγωνίᾳ
459 1066 749 1138 καθειστηκει,
778 1066 853 1109 καὶ
879 1068 956 1121 τῆς
981 1067 1072 1108 τῶν
1100 1067 1336 1109 Χαλδαίων
1361 1066 1649 1121 προῤῥησεως

158 1135 236 1172 100
265 1125 582 1198 ἐμνημόνευσε,
631 1124 706 1168 καὶ
747 1122 854 1174 τούς
890 1122 971 1177 μὲν
1007 1124 1328 1177 συμπείσαντας
1367 1123 1648 1193 φιλοσόφους

262 1187 497 1238 παρελθεῖν
526 1183 587 1232 εἰς
614 1179 696 1236 τὴν
723 1182 972 1248 Βαβυλωνα
1010 1178 1327 1249 κατεμέμφετο,
1380 1178 1460 1235 τὴν
1498 1179 1544 1223 δε
1583 1180 1649 1222 τέ-

265 1256 374 1298 χνην
393 1255 482 1283 των
508 1239 743 1281 Χαλδαίων
761 1236 836 1280 καὶ
844 1235 941 1305 τὴν
961 1239 1050 1278 τῶν
1073 1234 1250 1290 ἀνδρων
1271 1235 1497 1292 ἀγχίνοιαν
1518 1235 1649 1280 ἐθαύ-

266 1302 399 1368 μαζε,
448 1293 649 1339 καθόλου
694 1293 740 1336 δε
774 1291 878 1344 τούς
914 1296 1010 1344 ταῖς
1054 1291 1367 1348 εὖρεσιλογίαις
1407 1305 1650 1361 κατασοφι-

211 1358 236 1399 5
268 1354 480 1424 ζομένους
535 1351 616 1408 τήν
664 1348 854 1419 δύναμιν
905 1353 981 1405 τῆς
1030 1349 1314 1418 πεπρωμένης
1367 1348 1649 1407 ἐβλασφήμει.

267 1409 361 1467 μετ’
412 1409 562 1464 ὀλίγον
605 1407 650 1451 δε
701 1405 807 1450 ἄλλο
859 1410 1039 1462 σημεῖον
1091 1405 1209 1463 αὐτῷ
1255 1406 1356 1460 περὶ
1398 1423 1484 1475 της
1523 1410 1651 1478 βασι-

267 1469 383 1519 λείας
431 1465 481 1509 τό
538 1463 769 1520 δαιμόνιον
819 1461 1036 1519 ἐπέστησε
1101 1452 1376 1520 βουλομένου
1429 1479 1515 1518 γαρ
1574 1463 1650 1506 αὐΦ

267 1528 348 1568 τοῦ
386 1521 638 1567 θεασασθαι
675 1521 754 1576 τὴν
790 1520 890 1574 περὶ
929 1520 1011 1576 τήν
1052 1523 1300 1589 Βαβυλῶνα
1339 1522 1520 1593 λίμνην,
1576 1520 1651 1564 καὶ

267 1581 477 1630 πλέοντος
506 1594 614 1647 μετα
641 1581 728 1621 τῶν
757 1579 902 1649 φίλων
931 1577 977 1619 ε’ν
1003 1589 1117 1620 τισιν
1147 1594 1348 1629 ακατοις,
1379 1576 1458 1646 ἐφ’
1488 1576 1650 1634 ἡμέρας

192 1642 240 1681 10
269 1639 348 1694 μέν
377 1653 496 1687 τινας
525 1633 863 1705 ἅποσχισθείσης
893 1649 969 1689 της
997 1649 1107 1685 νεως
1137 1651 1222 1677 απο
1253 1637 1343 1677 τῶν
1371 1632 1515 1677 ἄλλων
1546 1646 1651 1678 σκα-

268 1710 368 1766 φων
397 1692 621 1761 ἐπλανήθη
641 1689 791 1759 μόνος,
823 1688 927 1741 ω’ςτε
947 1691 1019 1734 καὶ
1038 1706 1119 1758 την
1139 1691 1357 1762 σωτηρίαν
1381 1690 1648 1746 ἀπογνῶναι.

267 1753 411 1795 ε’πειτα
452 1749 524 1792 δια
558 1764 678 1799 τινος
707 1747 904 1797 αὐλῶνος
934 1751 1087 1790 στενοῦ
1115 1747 1186 1790 καὶ
1221 1747 1649 1816 συμπεπυκασμένου

268 1807 465 1860 δένδρεσι
493 1805 788 1855 διαπλέοντος,
816 1803 890 1847 καὶ
922 1820 1011 1847 των
1039 1820 1116 1858 μεν
1135 1803 1470 1858 ὑπερκειμένων,
1499 1808 1579 1847 τοῦ
1600 1805 1648 1847 δὲ

269 1864 536 1920 διαδήματος
578 1861 665 1905 ὑπὸ
715 1860 884 1904 τούτων
922 1858 1146 1916 ἀρθέντος,
1187 1861 1262 1904 καὶ
1299 1859 1434 1903 παλιν
1472 1862 1532 1912 εἰς
1568 1862 1648 1917 τὴν

191 1923 242 1964 15
271 1923 431 1988 λίμνην
467 1917 700 1968 πεσόντος,
739 1914 803 1968 εἷς
846 1920 934 1960 τῶν
971 1917 1132 1971 ἐρετων
1179 1917 1533 1973 προςνηξυὶμενος
1577 1918 1651 1961 καὶ

272 1976 544 2035 βουλόμενος
580 1974 786 2030 ἀσφαλῶς
823 1978 961 2017 σῶσαι
998 1973 1048 2017 τὸ
1080 1973 1289 2031 διάδημα,
1330 1990 1459 2029 προςε
1444 1975 1566 2017 ’θετο
1597 1978 1650 2031 τῆ

271 2037 468 2106 κεφαλη,
515 2032 590 2075 καὶ
627 2029 916 2097 προςενήξατο
955 2034 1016 2089 τῷ
1053 2033 1204 2089 πλοίῳ.
1264 2035 1377 2085 τρεῖς
1413 2032 1459 2074 δὲ
1489 2030 1652 2099 ἡμέρας
1716 2074 1720 2076 ,

273 2092 348 2136 καὶ
375 2107 452 2141 τας
480 2090 576 2139 ἰ’σας
603 2087 763 2138 νύκτας
793 2087 1102 2155 διαπλανηθεις
1131 2077 1345 2142 δίεσώθη,
1381 2089 1455 2130 καὶ
1483 2088 1531 2130 τὸ
1564 2086 1653 2130 διά-

192 2155 246 2194 20
276 2151 391 2217 δημα
420 2144 706 2200 περιθέμενος
735 2143 1009 2194 ἀνελπίστως,
1039 2141 1173 2187 πάλιν
1200 2149 1291 2194 τοῖς
1323 2155 1537 2197 μαντεσι
1525 2160 1653 2198 προς-

169 2212 247 2252 11Ί
276 2205 458 2260 ανέφερε
500 2202 602 2255 περὶ
637 2205 727 2244 τῶν
765 2202 1196 2257 προςημαινομένων.
1261 2200 1429 2242 τούτων
1477 2201 1522 2244 δὲ
1573 2217 1652 2243 πα-

275 2258 630 2329 ρακελευομένων
682 2259 843 2308 θυσίας
892 2258 1097 2300 ἐπιτελεῖν
1151 2261 1242 2307 τοῖς
1301 2261 1422 2308 θεοῖς
1465 2261 1652 2313 μεγαλο-

274 2321 452 2372 πρεπεῖς
482 2332 589 2371 μετα
620 2313 760 2384 πασης
789 2316 997 2369 σπουδῆς,
1026 2312 1281 2369 παρεκληθη
1309 2313 1419 2366 πρός
1447 2330 1547 2358 τινα
1566 2318 1654 2357 τῶν

276 2376 418 2430 φίλων
443 2372 627 2429 Μήδιον
661 2370 740 2415 τὸν
773 2371 990 2416 Θετταλόν
1026 2370 1096 2414 ἐπὶ
1132 2374 1284 2426 κῶμον
1322 2369 1487 2414 ἐλθεῖν·
1532 2368 1658 2416 κάκεῖ

370 2530 450 2567 252.
481 2531 539 2567 87.
587 2527 851 2576 ἐνδυσάμενος]
887 2528 997 2570 ἐνδυς
1028 2530 1088 2565 FL
1281 2529 1338 2565 89.
1385 2542 1453 2565 του
1472 2527 1653 2585 θρόνον]

281 2578 349 2615 τον
380 2574 528 2624 θρόνον
558 2577 620 2611 FY
653 2578 735 2611 Bas.
929 2577 987 2610 99.
1035 2573 1303 2622 ἐμνημόνευσε]
1339 2574 1566 2632 ἐμνημόνευε
1594 2578 1654 2611 ΕῚΛ

467 2624 497 2658 1.
550 2623 771 2671 Βαβυλωνα]
813 2623 1055 2667 Βαβυλωνίαν
1091 2623 1156 2665 QY
1348 2623 1382 2658 3.
1428 2619 1580 2666 ευρεσιλ.
1613 2623 1652 2666 L,

282 2670 408 2706 caeteri
432 2666 591 2713 ευρησιλ.
773 2669 809 2703 6.
855 2667 1043 2714 ἐπέστησε]
1069 2667 1191 2714 ε’στησε
1213 2669 1276 2704 FL
1453 2670 1486 2703 7.
1538 2670 1653 2714 Βαβυ-

281 2718 382 2753 λῶνα
405 2717 455 2756 F.
487 2715 615 2749 caeteri
637 2715 790 2761 Βαβυλτι
792 2715 877 2750 νίαν
1060 2715 1116 2749 10.
1160 2713 1379 2769 ἐπλανήθη]
1411 2713 1548 2759 ἒπλοὶνη
1571 2716 1652 2748 Bas.

286 2764 337 2799 15.
386 2761 543 2806 ἐρετῶν]
568 2758 760 2805 υπηρετῶν
783 2761 841 2795 Fn
1014 2761 1072 2796 2⁹.
1118 2759 1228 2797 πάλιν
1252 2768 1330 2806 post
1351 2760 1495 2798 τούτων
1518 2760 1559 2796 δὲ
1582 2773 1653 2795 om

280 2809 373 2844 Fh'r
398 2809 491 2851 Bae„
513 2807 677 2843 asterisco
710 2807 844 2843 notavit
876 2807 1074 2851 Stephanus
