1820 3249
508 151 621 193 LIB.
650 146 794 192 XVIII.
852 149 1084 193 CAR-⁷10,
1114 148 1182 191 51.
1421 147 1533 189 1305

156 278 249 315 νος,
280 262 504 333 διέγραψε·
513 265 602 306 τῶν
631 260 875 317 ἀξιολόγων
901 262 1042 317 φίλων
1071 259 1137 312 οἷς
1159 259 1239 314 μὲν
1257 259 1532 313 σατραπείας,

157 317 226 370 οἷς
263 319 310 363 δὲ
349 321 626 377 στρατηγίας·
675 324 781 362 πᾶσι
824 319 869 362 δὲ
912 335 962 373 με
946 318 1097 387 εγάλας
1137 318 1313 366 ἐλπίδας
1349 316 1534 366 ὑποθεὶς

153 375 419 432 προθύμους
454 376 740 420 κατεσκεύασε
769 376 879 429 πρός
914 374 991 426 τὰς
1029 376 1141 424 ἰδίας
1172 371 1388 428 ἐπιβολάς.
1449 375 1533 416 διε·
1563 372 1617 416 25

155 437 302 476 νοεῖτο
342 433 425 490 γὰρ
462 433 659 477 ἐπελθεῖν
686 433 766 488 τὴν
791 431 937 475 Ἀσίαν
965 433 1039 475 καὶ
1068 448 1174 481 τους
1201 431 1280 485 μὲν
1308 428 1535 498 προϋπάρ-

154 505 312 544 χοντας
351 502 571 544 σατραπας
606 489 825 546 ἐκβαλεῖν,
872 488 983 544 πρὸς
1013 489 1059 532 δὲ
1088 492 1174 531 τῶν
1202 486 1362 531 ἑαυτοῦ
1393 488 1535 542 φίλων

153 544 415 590 καθιστάναι
442 546 520 597 τὰς
547 545 789 617 ἡγεμονίας.
869 587 871 590 ⁴

270 601 445 647 Τούτου
464 603 510 646 δὲ
529 605 628 659 περὶ
647 602 776 646 ταῦτ’
807 600 948 653 ὄντος,
975 600 1223 656 Ἀρριδαῖος
1246 602 1320 655 τῆς
1351 596 1422 653 ἐφ’
1449 596 1534 641 Ἑλ·
1564 605 1618 645 51

153 657 387 730 ληςπόντῳ
409 662 605 715 Φρυγίας
634 658 854 729 σατράπης
881 659 1015 714 γνοὺς
1046 657 1181 701 αὐτοῦ
1202 673 1280 712 την
1307 655 1532 726 ἐπιβολήν,
1565 664 1619 702 30

153 714 323 786 ἔκρινεν
351 705 715 787 ἀσφαλισάμενος
753 716 806 759 τὰ
844 715 954 759 κατὰ
992 715 1071 771 τήν
1109 716 1226 756 ἰδίαν
1270 715 1536 780 σατραπείαν

152 772 226 816 καὶ
267 789 343 824 τας
381 772 726 829 ἀξιολογωτάτας
761 772 910 823 πόλεις
952 776 1169 826 φρουραῖς
1210 767 1535 823 διαλαμβάνειν.

154 827 288 884 οὔσης
318 829 365 873 δὲ
393 835 469 885 τῆς
497 847 586 873 των
618 833 881 902 Κυζικηνῶν
903 830 1072 879 πόλεως
1100 826 1431 881 ἐπικαιροτατης
1463 824 1537 868 καὶ

151 887 375 952 μεγίστης,
420 886 643 940 ἀνέζευξεν
681 885 745 931 ἐπ’
779 885 916 942 αὐτὴν
946 887 1054 941 ἔχων
1082 882 1241 936 πεζούς
1272 899 1321 937 με
1305 899 1351 925 εν
1379 887 1535 938 μισθο

152 944 325 997 φόρους
367 945 546 993 πλείους
588 948 677 987 τῶν
722 945 916 997 μυρίων,
968 941 1234 991 Μακεδόνας
1272 940 1317 982 δε
1354 940 1533 994 χιλίους,
1564 944 1618 994 35

154 999 331 1053 Πέρσας
361 1001 407 1043 δὲ
436 999 613 1051 τοξότας
649 1017 721 1059 και
762 997 1060 1054 σφενδονητας
1088 998 1425 1046 πεντακοσίους,
1467 996 1532 1037 ἱπ-

151 1059 246 1105 πεῖς
274 1056 322 1098 δὲ
351 1055 650 1108 ὀκτακοσίους,
679 1057 781 1111 βέλη
811 1057 857 1099 δὲ
885 1054 1144 1098 παντοδαπὰ
1174 1071 1248 1096 και
1265 1051 1534 1102 καταπέλτας

152 1109 371 1167 ὀξυβελεῖς
408 1129 452 1156 τε
491 1114 564 1156 καὶ
599 1112 894 1181 πετροβόλους
933 1129 1008 1155 και
1042 1111 1122 1166 τήν
1156 1109 1292 1179 ἄλλην
1324 1110 1534 1164 χορηγίαν

152 1179 298 1211 πασαν
322 1169 402 1225 τὴν
426 1168 686 1224 ἀνήκουσαν
716 1168 827 1222 πρὸς
855 1169 1127 1222 πολιορκίαν.
1190 1182 1318 1221 αφνω
1337 1165 1382 1208 δὲ
1405 1181 1533 1219 προς·
1562 1170 1621 1214 40

152 1225 300 1268 πεσών
328 1230 382 1281 τῇ
409 1227 544 1278 πόλει,
573 1227 648 1270 καὶ
678 1226 756 1270 τὸν
784 1224 927 1269 πολυν
954 1224 1088 1293 ὄχλον
1105 1222 1342 1277 απολαβών
1362 1221 1431 1264 ἐπὶ
1457 1224 1533 1276 τῆς

150 1280 307 1336 χώρας,
338 1285 485 1338 είχετο
499 1287 576 1337 τῆς
605 1284 874 1338 πολιορκίας
904 1282 980 1325 καὶ
1007 1298 1114 1330 τους
1142 1280 1190 1323 έν
1220 1284 1272 1337 τῇ
1302 1278 1425 1328 πόλει
1455 1294 1532 1321 κα-

150 1340 475 1396 ταπληξάμενος
511 1340 730 1395 ἠνάγκασε
769 1340 972 1409 δέχεσθαι
1002 1353 1218 1407 φρουραν
1279 1337 1324 1379 οἱ
1355 1335 1400 1379 δὲ
1430 1337 1533 1377 Κυ-

153 1398 340 1450 ζικηνοί,
380 1397 655 1468 παραδόξου
667 1401 743 1452 τῆς
774 1397 843 1439 ἐπι
846 1395 1011 1444 θέσεως
1038 1393 1296 1463 γενομένης,
1319 1409 1413 1435 και
1442 1395 1533 1434 τῶν

151 1454 366 1495 πλείστων
394 1453 462 1496 ἐπὶ
491 1457 566 1509 τῆς
595 1451 756 1522 χώρας
769 1450 1110 1507 ἀπειλημμένων,
1142 1449 1300 1504 ὀλνγων
1324 1447 1364 1493 δ’
1390 1447 1533 1491 ὄντων
1565 1452 1620 1495 45

152 1511 244 1550 τῶν
285 1509 680 1578 υπολελειμμένων,
731 1507 1031 1563 απαρασκευοι
1072 1510 1293 1555 παντελῶς
1331 1521 1535 1560 υπηρχον

150 1565 263 1619 πρὸς
290 1565 370 1621 τὴν
398 1569 673 1619 πολιορκίαν.
731 1565 849 1621 ὅμως
867 1565 913 1608 δὲ
933 1566 1157 1617 κρίναντες
1180 1562 1435 1617 αντέχεσθαι
1460 1565 1536 1616 τῆς

151 1620 423 1676 ελευθερίας,
471 1627 672 1694 φανερῶς
701 1623 778 1677 μὲν
806 1623 1012 1691 πρέσβεις
1033 1620 1273 1675 ἐξέπεμψαν
1301 1618 1405 1669 τούς
1435 1619 1536 1661 δια-

96 1688 100 1696 ’
149 1679 410 1748 λεξομένους
436 1684 496 1748 τῷ
529 1678 757 1749 Ἀῤῥιδαίῳ
795 1683 928 1722 λῦσαι
966 1677 1046 1733 τὴν
1078 1677 1361 1729 πολιορκίαν·
1410 1672 1535 1729 ποιή-

149 1746 250 1778 σειν
272 1752 357 1790 γαρ
387 1735 530 1779 πάντα
558 1753 639 1793 την
666 1736 797 1780 πόλιν
819 1734 1052 1805 Ἀῤῥιδαίῳ
1082 1733 1194 1789 πλὴν
1221 1738 1302 1775 τοῦ
1325 1731 1535 1783 δέξασθαι
1565 1730 1626 1774 50,

152 1793 385 1847 φρουράν·
431 1792 597 1863 ,λάθρα
621 1793 667 1837 δε
706 1792 810 1844 τοὺς
848 1792 978 1842 νέους
1018 1789 1301 1843 αθροίζοντες
1337 1789 1412 1832 καὶ
1441 1791 1536 1859 τῶν
1606 1845 1609 1846 ⁷

153 1850 336 1892 οἰκετῶν
362 1865 469 1899 τους
496 1839 704 1901 εὐθέτους
729 1847 1025 1904 ἐπιλεγόμενοι
1056 1847 1350 1898 καθώπλιζον,
1381 1844 1455 1887 καὶ
1484 1843 1533 1886 τὸ

151 1909 290 1961 τεῖχος
318 1903 595 1959 ανεπλὴρουν
622 1911 711 1950 τῶν
742 1905 1044 1961 αμυνομένων.
1101 1907 1182 1946 τοῦ
1204 1901 1246 1946 δ’
1276 1901 1533 1957 Ἀῤῥιδαίου

152 1962 415 2029 βιαζομένου
457 1963 658 2018 δέχεσθαι
704 1978 930 2030 φρουραν,
981 1962 1150 2017 ἔφησαν
1191 1958 1434 2028 βούλεσθαι
1472 1961 1535 2013 τῷ
1564 1963 1618 2007 55

154 2017 277 2078 δήμῳ
317 2025 677 2088 προςανενεγκεῑν
715 2021 813 2073 περὶ
851 2018 1026 2062 τούτου.
1085 2015 1450 2085 συγχωρήσαντος
1489 2015 1535 2058 δὲ

154 2079 236 2119 τοῦ
266 2075 518 2131 σατράπου,
559 2076 769 2146 λαβόντες
798 2074 965 2131 ανοχὴν
994 2073 1159 2130 ταύτην
1187 2089 1232 2116 τε
1261 2072 1339 2127 τὴν
1366 2070 1536 2140 ἡμέραν

154 2133 230 2176 καὶ
268 2132 349 2202 τὴν
397 2133 609 2176 ἐπιοῦσαν
654 2132 795 2177 νύκτα
841 2134 1010 2204 βέλτιον
1049 2128 1432 2184 παρεσκευάσαντο
1480 2127 1536 2171 τὰ

154 2188 265 2243 πρὸς
291 2188 374 2258 τὴν
400 2191 674 2260 πολιορκίαν.
734 2188 759 2234 ὁ
780 2188 824 2233 6’
845 2188 1104 2256 ’Λῤῥιδαῖος
1109 2185 1536 2241 καταστρατηγηθεὶς

155 2246 228 2288 καὶ
255 2244 335 2289 τὸν
363 2247 530 2296 οἰκεῖον
559 2245 678 2304 αὐτῷ
708 2246 954 2314 προέμενος
977 2243 1158 2298 καιρόν,
1206 2244 1418 2312 διεσφάλη
1458 2246 1536 2297 τῆς
1566 2250 1622 2291 60

154 2300 343 2354 ἐλπίδος
403 2305 448 2348 οἱ
476 2302 562 2361 γὰρ
591 2305 868 2361 Κυζικηνοί,
896 2301 1028 2347 πόλιν
1065 2301 1233 2357 ἔχοντες
1263 2297 1432 2356 ὀχυράν
1461 2299 1537 2342 καὶ

154 2470 214 2505 24.
261 2469 453 2528 ἔπιβολας]
489 2471 687 2520 ἐπιβουλὰς
713 2472 746 2509 X
952 2471 1009 2506 26.
1059 2468 1372 2514 προϋπάρχοντας
1399 2467 1537 2512 σατρά-

155 2517 254 2571 ποις]
290 2531 471 2563 αρχοντας
494 2521 572 2553 vw
760 2520 817 2554 27.
863 2516 1091 2554 καθιστάναι
1113 2518 1165 2559 F,
1201 2515 1430 2552 καθεστάναι
1453 2527 1536 2549 cac-

156 2563 224 2597 teri
405 2565 463 2599 29.
511 2564 725 2610 σατράπης]
763 2563 783 2600 ὁ
809 2566 1000 2610 σατράπης
1025 2565 1054 2598 F
1237 2563 1295 2598 3⁰.
1341 2561 1414 2606 τοὶ]
1450 2573 1538 2600 τους

158 2610 187 2641 V
337 2609 394 2645 32.
437 2611 707 2666 διαλαμβάνειν
731 2613 797 2646 We
833 2612 996 2668 aurugine,
1009 2605 1391 2701 ]διαπαραλαμβάνειν
1415 2608 1535 2649 Fvw,

158 2655 287 2690 caeteri
316 2659 497 2702 περιλαυβ
475 2654 600 2702 {inivssv
782 2618 838 2692 ἐξ.
860 2671 910 2694 τε
934 2657 1020 2701 καὶ]
1055 2656 1118 2691 καὶ
1141 2656 1170 2689 Ι·
1352 2655 1409 2689 4⁰.
1443 2650 1536 2686 οἷπο-

157 2701 281 2747 λαβών
303 2703 570 2748 wesselingiuez
604 2703 687 2738 libri
709 2702 907 2761 αιαλαβών
1101 2702 1158 2737 42.
1206 2698 1415 2746 ἠνάγκασε]
1446 2696 1538 2743 ἠνά-

156 2750 261 2791 γκαζε
285 2749 332 2783 W
515 2750 572 2784 18.
621 2749 852 2796 ἐξέπεμψαν]
878 2749 1097 2804 ἀνέπεμψαν
1121 2747 1196 2781 VW
1221 2753 1255 2782 et
1278 2758 1383 2791 supra
1410 2745 1537 2788 scriptu

155 2793 194 2838 ἐξ
217 2795 247 2828 1·
421 2793 480 2830 58.
527 2793 573 2830 τὰ
595 2807 664 2831 om.
690 2797 718 2830 1⁴¹
892 2796 949 2832 59.
998 2792 1103 2841 αυτῷ
1123 2794 1242 2835 ww,
1265 2792 1395 2828 caetori
1417 2789 1538 2837 {avua
