1820 3249
298 102 409 144 1383
667 97 785 138 LIB.
814 96 939 140 XIX..
978 97 1111 141 CAP.
1141 101 1211 142 50.
1242 101 1311 143 51.

297 211 538 283 ἐκυρίευσε
550 211 632 254 τοῦ
661 206 884 262 σκάφους,
922 207 949 266 ἡ
981 209 1026 254 δ’
1060 210 1296 282 Ὀλυμπιὰς
1332 207 1586 265 ἀπογνοῦσα
1612 211 1664 254 τά

295 267 412 312 καθ’
448 266 586 320 αὑτήν
623 266 823 320 πρέσβεις
848 264 1053 335 ἐξέπεμψε
1080 269 1180 321 περὶ
1214 267 1466 311 διαλύσεων.
1526 267 1666 321 οἰομέ-

211 328 266 370 65
295 341 380 369 νου
410 324 455 368 δὲ
484 326 575 367 δεῖν
602 326 683 365 τοῦ
706 320 996 392 Κασσάνδρου
1025 323 1078 367 τά
1105 321 1211 367 καθ’
1244 322 1382 379 αὐτην
1404 323 1662 394 ἐπιτρέπειν,

293 381 419 438 μόγις
446 380 611 424 ἔπεισεν
642 378 744 429 ω’ςτε
772 378 911 434 μόνην
940 380 1157 434 ἐξαίρετον
1186 383 1336 449 λαβεῖν
1363 396 1443 435 την
1470 383 1552 423 τοῦ
1583 379 1663 421 σώ-

293 454 429 494 ματος
457 435 707 505 ἀσφάλειαν
745 435 1031 491 Κάσσανδρος
1061 437 1107 480 δὲ
1135 435 1368 492 κυριεύσας
1396 440 1470 491 τῆς
1498 434 1665 487 πόλεως

287 495 497 566 ,ἐξέπεμψε
529 492 633 543 τούς
671 493 1064 551 παραληψομένους
1095 493 1176 549 τήν
1205 510 1248 536 τε
1278 494 1449 536 Πέλλαν
1482 493 1555 535 καὶ
1583 509 1663 547 την

287 550 560 620 Ἀμφίπολιν.
623 546 646 592 ὁ
690 565 769 603 μεν
798 552 881 592 ούν
917 553 992 604 τῆς
1021 548 1185 620 Πέλλης
1212 549 1429 605 κυριεύων
1457 548 1663 603 Μόνιμος

206 611 261 650 70
290 605 482 656 ἀκούσας
510 605 562 649 τά
597 605 829 677 συμβάντα
870 607 969 658 περὶ
1008 607 1088 675 τὴν
1112 604 1408 661 Ὀλυμπιάδα,
1439 608 1663 659 παρέδωκε

290 662 370 719 τήν
401 662 555 706 πόλιν·
587 660 610 705 ὁ
642 660 686 705 6'
715 661 991 717 Ἀριστόνους
1018 661 1067 704 τό
1098 662 1176 716 μὲν
1204 666 1381 716 πρῶτον
1411 662 1661 734 ἀντέχεσθαι

290 737 380 763 των
408 717 674 787 πραγμάτων
701 719 942 772 διεγνώκει,
973 718 1235 787 στρατιώτας
1263 735 1308 762 τε
1318 718 1524 788 συχνούς
1554 719 1662 774 ε’χων

288 777 362 820 καὶ
404 775 668 831 προςφάτως
711 773 1015 844 εὐημερηκώς·
1068 772 1236 843 ὀλίγαις
1276 773 1361 829 γάρ
1410 775 1661 829 ἔμπροσθεν

204 838 259 880 75
288 832 467 888 ημὲραις
495 830 852 886 παραταξάμενος
887 830 997 886 πρὸς
1034 830 1112 874 τὸν
1141 832 1435 900 Κασσάνδρου
1475 843 1661 900 στρατη·-

287 889 370 959 γὸν
398 887 631 957 Κρατεύαν
671 888 775 937 τούς
809 889 1034 938 πλείστους
1073 904 1153 942 μεν
1191 885 1332 931 ἀνεῖλε
1370 903 1459 930 των
1497 885 1661 929 ἀντιτα-

287 945 504 1015 χθέντων,
543 941 679 987 αὐτὸν
717 944 763 986 δὲ
800 942 879 986 τὸν
915 943 1146 997 Κρατεύαν
1186 943 1290 1001 μετά
1329 944 1543 1000 διςχιλίων
1571 959 1661 1012 φυ-

287 1001 423 1057 γόντα
459 1018 536 1071 της
574 1002 805 1051 Βισαλτίας
843 1001 903 1050 εἷς
942 1000 1156 1044 Βεδύνδια
1190 997 1662 1071 περιστρατοπεδεύσας

288 1056 614 1126 ἐξεπολιόρκησε
654 1058 727 1100 καὶ
778 1056 832 1100 τά
879 1055 990 1100 ὅπλα
1026 1057 1329 1127 παρελόμενος
1375 1056 1660 1100 ὑπόσπονδον

203 1119 258 1159 80
290 1114 444 1170 ἀφῆκε.
509 1113 583 1157 διά
622 1113 669 1157 δὲ
714 1116 849 1157 ταῦτα
887 1113 1190 1186 ἐπαιρόμενος,
1237 1115 1311 1158 καὶ
1358 1112 1437 1157 τόν
1484 1112 1620 1167 Εύμὲτ
1624 1129 1660 1168 η

287 1175 428 1224 ζῶντα
457 1168 722 1226 ηγούμενος,
754 1170 816 1213 ε’τι
845 1170 890 1213 δὲ
919 1170 1021 1221 τούς
1050 1172 1150 1223 περὶ
1175 1168 1456 1240 Ἀλέξανδρον
1484 1170 1556 1212 καὶ
1576 1172 1661 1211 Πο-

286 1229 585 1282 λυσπέρχοντα
623 1230 811 1280 νομίζων
839 1227 1244 1299 συνεπιλήψεσθαι,
1287 1226 1367 1296 τὴν
1400 1225 1661 1296 Ἀμφίπολιν

286 1283 370 1327 οὐκ
400 1284 483 1354 ε’φη
513 1282 804 1335 παραδώσειν.
834 1283 923 1326 ἐπεὶ
952 1284 998 1326 δὲ
1028 1283 1186 1339 ἔγραψε
1213 1282 1326 1352 πρὸς
1356 1280 1492 1326 αὐτόν
1508 1281 1659 1336 Ὀλυμ

283 1340 408 1392 πιάς,
440 1339 685 1383 ἀπαιτοῦσα
713 1355 792 1394 την
820 1342 965 1383 πίστιν
994 1342 1068 1383 καὶ
1104 1338 1342 1384 κελεύουσα
1371 1340 1659 1392 παραδοῦναι,

198 1399 252 1441 85
283 1396 514 1450 διαλαβών
551 1394 794 1451 ἀναγκαῖον
835 1394 949 1439 εἶναι
998 1397 1047 1439 τό
1081 1395 1458 1465 προςταττόμενον
1503 1399 1656 1446 ποιεῖν,

280 1455 361 1508 τήν
389 1469 433 1496 τε
461 1452 590 1496 πόλιν
619 1453 846 1507 ἐνεχείρισε
873 1453 949 1496 καὶ
976 1451 1031 1496 τά
1059 1453 1189 1497 πιστά
1208 1453 1318 1521 περὶ
1325 1456 1407 1523 τῆς
1421 1450 1659 1505 ἀσφαλείας

195 1513 250 1552 51
283 1511 449 1564 ἐλαβεν.
508 1507 532 1552 ὁ
576 1509 621 1552 δὲ
652 1508 947 1579 Κάσσανδρος
979 1509 1099 1582 ὁρῶν
1137 1510 1237 1562 περὶ
1274 1508 1351 1552 τὸν
1375 1507 1733 1562 Ἀριστόνουν357

198 1571 252 1609 90
282 1566 493 1635 ὑπάρχον
510 1564 675 1621 ἀξίωμα
706 1565 778 1609 διά
812 1582 893 1621 την
919 1565 1028 1621 παρ’
1061 1565 1352 1636 ’ᾼλεξάνδρου
1380 1564 1655 1620 προαγωγήν,

277 1624 352 1667 καὶ
384 1621 585 1665 σπεύδων
616 1621 812 1665 ἐκποδων
840 1628 982 1666 ποιεῖν
1009 1639 1114 1673 τους
1153 1621 1427 1677 δυναμένους
1454 1623 1654 1673 νεωτερί-

279 1685 387 1733 ζειν,
431 1679 624 1733 ἐπανεῖλε
657 1678 734 1722 τὸν
772 1677 914 1731 άνδρα
952 1679 1025 1722 διά
1063 1683 1151 1721 τῶν
1180 1678 1384 1733 Κρατεύα
1413 1682 1651 1747 συγγενῶν.

275 1735 573 1808 προετρέψατο
606 1736 651 1778 δὲ
679 1735 765 1778 καὶ’
788 1752 892 1786 τους
922 1737 1108 1786 οἰκείους
1137 1738 1225 1778 τῶν
1254 1734 1540 1791 ανῃρημένων
1567 1733 1651 1777 υπ’

275 1791 564 1845 Ὀλυμπιάδος
604 1792 651 1835 ἐν
685 1795 817 1847 κοινῇ
857 1808 947 1834 των
978 1791 1255 1835 Μακεδόνων
1284 1792 1487 1848 ἐκκλησία
1515 1807 1652 1861 κατη-

193 1854 248 1895 95
277 1854 426 1905 γορεῖν
463 1852 541 1904 τῆς
571 1850 885 1921 προειρημένης
914 1847 1134 1920 γυναικός.
1195 1850 1259 1891 ὠν
1297 1847 1575 1918 ποιησάντων
1604 1846 1652 1890 τὸ

275 1906 572 1976 προςταχθέν,
611 1905 683 1948 καὶ
719 1922 795 1974 της
834 1906 913 1959 μὲν
950 1902 1242 1960 Ὀλυμπιάδος
1282 1904 1382 1947 οὔτε
1427 1903 1655 1959 παρούσης

276 1961 376 2005 οὕτε
407 1959 590 2016 ἐχούσης
618 1960 723 2011 τούς
753 1959 1190 2030 ἀπολογησομένους,
1222 1962 1265 2003 οἱ
1293 1961 1372 2015 μὲν
1397 1961 1653 2010 Μακεδόνες

274 2020 594 2073 κατεγίνωσκον
624 2015 761 2072 αὐτῆς
788 2016 1010 2086 θάνατον·
1043 2016 1067 2060 ὁ
1098 2018 1144 2059 δὲ
1164 2015 1452 2069 Κάσσανδρος
1481 2016 1653 2084 πέμψας

276 2076 396 2125 τινας
424 2086 511 2117 των
539 2075 681 2145 φίλων
719 2073 830 2128 πρὸς
846 2073 938 2141 τὴν
961 2071 1248 2145 Ὀλυμπιάδα
1263 2074 1555 2141 συνεβούλευε
1579 2071 1651 2115 λα’-

168 2134 264 2173 100
277 2138 383 2188 θρα
403 2135 582 2186 φυγεῖν,
607 2128 993 2201 ἐπαγγελλόμενος
1023 2128 1135 2187 αύτῃ
1163 2132 1277 2172 ναῦν
1304 2127 1649 2201 παρασκευάσειν

271 2190 347 2233 καὶ
385 2190 626 2244 διακομιεῖν
664 2188 725 2238 εἰς
763 2185 841 2237 τάς
873 2184 1076 2242 Ἀθήνας.
1119 2189 1249 2230 τοῦτο
1282 2183 1326 2229 δ’
1359 2185 1563 2240 ἔπραττεν
1593 2184 1647 2228 οὐ

269 2323 327 2358 63.
354 2320 458 2367 οἰομε
458 2335 527 2357 νου
549 2320 589 2358 δε
607 2322 684 2358 δεῖν
701 2323 770 2358 τοῦ
769 2298 1031 2380 Κασσάνδρου
1051 2321 1096 2358 τά
1116 2318 1215 2358 καθ’
1226 2303 1344 2365 αυτὴν
1355 2305 1468 2363 ε’πιτρ.
1477 2321 1645 2364 TYBas„

269 2371 398 2403 caeteri
419 2368 590 2423 οἰομένης
608 2368 646 2404 δε
663 2371 740 2404 δεῖν
758 2366 803 2404 τά
823 2368 918 2404 καθ’
935 2368 1051 2413 αὐτὴν
1069 2368 1182 2413 ἐπιτρ.
1201 2370 1254 2414 τῷ
1270 2366 1499 2412 Κασσάνδρῳ

268 2415 325 2450 75.
353 2413 547 2459 Κρατεύαν
564 2435 611 2440 -
630 2416 687 2452 76.
717 2414 757 2451 δε
787 2412 854 2451 τόν
877 2417 1055 2450 om.Bas.
1190 2404 1459 2458 77213231221650:
1481 2423 1643 2458 περιστρ.

267 2506 373 2547 Βοι,
397 2504 520 2550 Κέδην
543 2506 765 2550 διαπεριστρ.
789 2507 884 2548 V‚W
914 2507 1028 2554 βέδην
1051 2506 1273 2561 διαπεριστρ.
1297 2506 1346 2547 F,
1371 2504 1495 2541 Κέδυν
1518 2505 1643 2539 διαπε-

271 2563 386 2596 ριστρ.
411 2553 465 2595 Q
498 2553 625 2586 caeteri
648 2554 769 2608 βέδυν
784 2554 926 2597 διαστρ.
998 2580 1000 2582 .
1108 2552 1165 2586 80.
1213 2549 1362 2607 Ευμένη
1391 2553 1509 2593 ζῶντα
1531 2548 1643 2604 ηγού-

267 2599 402 2642 μενος]
439 2593 630 2639 Εὐμένους
654 2599 823 2634 θάνατον
848 2600 878 2632 Υ
903 2599 1003 2640 Bas„
1033 2595 1227 2642 Εὐμένους
1253 2596 1442 2632 θάνατον
1451 2595 1498 2631 ου’
1520 2595 1642 2632 πυθό-

260 2656 378 2688 μενος
400 2645 445 2687 X,
470 2642 663 2688 Εὐμένους
685 2645 854 2680 θάνατον
878 2642 1010 2689 ἐγνοῦν
1035 2643 1200 2689 (ἀγνοῶν
1223 2644 1422 2685 Wesselinw
1396 2643 1496 2688 gius)
1521 2644 1554 2677 T

358 2690 415 2724 85.
446 2699 490 2725 π
492 2703 652 2734 ρ.οςταττ
664 2692 674 2735 ]
700 2701 893 2735 προςτασσ.
912 2702 1038 2725 omnes

325 2735 442 2771 ·-;351
464 2704 522 2772 89
547 2737 801 2783 Ἀλεξάνδρου]
818 2735 1036 2785 Ἀλεξάνδρῳ
1056 2737 1086 2771 F
1222 2734 1281 2770 92.
1304 2734 1367 2771 καὶ
1387 2733 1491 2778 τούς]
1507 2731 1594 2775 τούς
1610 2732 1640 2767 F
