1820 3249
654 193 711 235 [Α
725 195 769 235 B.
817 193 856 235 X*
868 194 917 235 Χ.
1366 197 1476 240 1599

90 330 207 367 gnans
235 328 332 352 novo
362 302 522 349 astutiae
551 323 686 359 genere
717 313 836 348 utitur
869 311 969 362 [544
1000 313 1087 348 urbs
1116 314 1266 349 tandem
1303 314 1338 349 vi
1368 326 1478 361 expu-

91 382 226 423 gnata:
266 375 305 408 in
348 374 445 407 cives
479 370 746 404 immanissime
783 372 974 406 saevitum.
1018 372 1179 405 subactis
1207 372 1321 407 etiam
1354 373 1480 407 multis

92 433 176 467 aliis
212 430 356 478 populis
386 435 423 463 et
451 428 625 470 urbibus,
667 426 890 473 Agathocles
930 428 967 462 in
998 428 1166 462 Siciliam
1195 429 1310 471 redit,
1348 431 1478 464 relicto

93 491 132 524 in
161 489 279 535 Libya
317 486 395 522 filio
424 485 658 531 Archagatho
705 481 807 532 [55.].
851 487 893 519 In
932 485 1056 520 Sicilia
1085 486 1302 521 Xenodocus
1331 498 1399 532 pro
1432 487 1478 520 li-

92 549 238 581 bertate
275 545 470 579 civitatum
508 541 791 589 propugnabat,
840 549 921 576 tum
961 543 1120 576 maxime
1159 544 1299 589 proelio
1342 545 1478 590 pulsus,

93 615 180 638 cum
208 600 430 649 Agathocles
460 610 480 632 e
509 600 626 644 Libya
654 599 770 632 redux
801 606 904 636 esset.
939 600 1160 646 Agathocles
1184 602 1423 636 Heracleotas
1445 605 1483 634 et

93 660 302 696 Thermitas
339 657 498 702 subigit,
539 656 739 701 Centoripa
782 657 879 690 clam
921 657 1057 704 intrat,
1098 658 1331 703 Apolloniam
1374 671 1484 703 expu-

93 723 184 764 gnat
215 713 316 764 [56.].
344 715 485 749 interea
515 724 630 747 novus
659 714 840 748 libertatis
871 714 1004 747 vindex
1034 715 1073 748 in
1104 726 1190 749 eum
1226 716 1388 762 exsurgit
1417 715 1485 750 Di-

92 779 278 809 nocrates.
319 778 429 818 atque
466 781 567 805 nunc
607 781 666 804 res
696 767 908 816 Agathoclis
949 772 989 804 in
1030 771 1192 806 deterius
1229 779 1409 808 mutatae.
1447 773 1485 806 in

94 831 210 878 Libya
246 829 400 876 quidem
442 828 675 870 Eumachus,
715 827 941 874 Archagathi
983 829 1153 875 legatus,
1202 830 1310 875 plura
1351 830 1486 876 oppida

94 893 281 934 expugnat
312 883 412 934 [57.].
449 885 667 931 aggreditur
703 885 816 919 etiam
858 885 1127 931 expeditionem
1165 887 1204 920 in
1234 887 1389 933 Libyam
1423 899 1483 921 su-

91 946 281 991 periorem
311 943 358 977 ad
388 942 616 978 Pithecussas
644 953 758 988 usque
791 938 890 990 [5.2·.].
920 943 982 976 sed
1013 955 1097 977 ecce
1126 955 1220 978 nova
1251 945 1484 990 melioraque

93 1002 250 1036 consilia
278 999 605 1046 Carthaginienses
635 1000 809 1044 capiunt,
839 1000 1024 1045 tripartito
1056 994 1219 1035 e‘xercitu
1250 1003 1484 1036 Graecorum

93 1059 220 1105 copias
249 1059 287 1092 in
318 1057 478 1091 diversas
506 1062 629 1102 partes
649 1056 894 1090 distrahentes
915 1053 1014 1105 [59.].
1044 1058 1117 1092 tria
1137 1059 1367 1093 Graecorum
1393 1070 1485 1106 quo-

93 1127 166 1162 que
199 1115 356 1162 agmina
392 1114 485 1147 facit
515 1113 778 1159 Archagathus,
822 1125 941 1148 unum
979 1114 1082 1148 ducit
1121 1117 1348 1163 Aeschrion‚
1387 1116 1487 1162 quod

93 1176 228 1209 Hanno
257 1171 457 1217 opprimit3
488 1170 648 1204 alterum
679 1171 912 1213 Eumachus,
942 1171 1042 1216 quod
1070 1172 1204 1206 Imilco
1233 1173 1357 1207 fundit
1389 1171 1488 1222 [60.].

94 1228 236 1276 duplici
262 1228 334 1262 hac
367 1228 473 1262 clade
501 1227 667 1261 afflictus
697 1227 970 1274 Archagathus,
1005 1241 1027 1262 a
1060 1229 1168 1263 sociis
1205 1230 1356 1276 insuper
1385 1230 1489 1264 dese-

94 1288 203 1321 ritur.
243 1284 489 1333 Agathocles,
528 1283 573 1317 de
604 1294 758 1318 suorum
788 1284 826 1318 iu
857 1285 973 1329 Libya
1013 1285 1222 1321 calamitate
1253 1288 1394 1322 certior
1429 1288 1488 1321 fa-

95 1351 197 1387 ctus,
228 1342 348 1377 insula
375 1341 554 1387 Leptinae
583 1341 783 1386 permissa,
814 1341 892 1386 ipse
931 1341 1089 1377 classem
1120 1344 1243 1387 ducit,
1274 1346 1490 1391 Poenosque

96 1400 241 1448 proelio
274 1399 396 1434 navali
435 1399 475 1432 in
504 1398 636 1444 fuga-m
673 1398 753 1445 agit
784 1395 886 1446 [61.].
925 1401 1333 1447 recuperato‘imperio
1365 1401 1490 1444 maris,

96 1459 271 1505 Leptines
299 1456 540 1510 Xenodocum
569 1456 737 1489 terrestri
766 1456 909 1501 proelio
946 1456 1045 1491 fudit
1077 1454 1178 1506 [62.].
1219 1458 1407 1503 duplicem
1437 1459 1492 1492 vi-

95 1515 255 1550 ctoriam
293 1512 514 1560 Agathocles
554 1512 667 1547 sacris
706 1519 743 1547 et
783 1512 901 1559 epulis
930 1513 1109 1551 celebrat.
1157 1515 1350 1561 ingenium
1380 1516 1491 1562 regis,

97 1572 261 1607 maxime
288 1571 329 1605 in
359 1570 475 1616 epulis
502 1568 696 1615 proditum
726 1566 825 1618 [63.].
862 1576 1034 1604 revectus
1063 1571 1101 1605 in
1132 1573 1299 1606 Africam
1330 1573 1493 1620 Agatho-

96 1630 171 1664 cles
202 1629 337 1663 damna
359 1638 533 1674 reparare
555 1626 756 1671 annititur3
787 1625 851 1661 sed
874 1627 1037 1661 hostium
1064 1634 1186 1663 castra
1218 1629 1379 1674 adortus,
1405 1641 1494 1664 cum

97 1697 237 1733 magna
266 1683 373 1719 clade
401 1684 596 1730 repellitur
630 1679 731 1732 [64.].
777 1684 891 1718 Poeni
932 1685 1023 1718 dum
1061 1686 1224 1732 captivos
1262 1687 1330 1721 diis
1359 1687 1495 1721 immo-

97 1745 198 1787 lant,
237 1748 357 1777 castra
392 1741 564 1776 universa
601 1740 852 1785 succendunt,
896 1747 932 1775 et
967 1742 1092 1777 omnia
1131 1743 1295 1778 tumultu
1338 1745 1496 1790 implent

101 1797 201 1848 [65.].
230 1799 340 1834 Afros
370 1811 390 1833 e
418 1800 653 1833 Graecorum
683 1797 812 1832 castris
841 1798 1054 1844 transfugas
1073 1800 1196 1834 hostes
1224 1807 1310 1844 rati,
1333 1801 1495 1836 universi

100 1859 141 1892 in
169 1857 301 1902 fugam
329 1867 366 1891 se
396 1855 506 1899 dant,
546 1860 674 1889 mutua
711 1854 823 1888 caede
852 1866 890 1888 se
921 1855 1147 1903 conficiunt,
1187 1864 1225 1892 et
1253 1859 1372 1904 ipsam
1402 1860 1495 1894 Car-

100 1913 294 1960 thaginem
320 1913 362 1947 in
391 1918 573 1946 terrorem
602 1917 826 1946 convertunt
852 1907 950 1960 [66.].
974 1913 1136 1949 similem
1163 1920 1348 1950 terrorem
1373 1922 1493 1951 trans·

100 1971 236 2017 fugae,
266 1975 370 2003 metu
397 1962 557 2014 repulsi,
585 1968 798 2015 Agathoclis
827 1970 956 2003 eastris
994 1970 1173 2006 inferunt.
1218 1973 1357 2007 Graeci
1389 1974 1490 2008 enim

101 2027 309 2074 perturbati
345 2031 382 2059 et
419 2025 456 2059 in
498 2026 633 2071 fugam
658 2026 756 2071 rapti
793 2037 861 2070 pro
892 2026 1059 2061 hostibus
1089 2039 1173 2062 suos
1203 2029 1361 2064 caedunt
1393 2027 1493 2078 [67.].

101 2086 173 2120 hac
203 2083 415 2118 calamitate
444 2082 610 2122 afflictus
638 2083 879 2128 Agathocles,
911 2095 997 2117 cum
1026 2084 1066 2118 in
1095 2085 1263 2120 Siciliam
1294 2087 1391 2122 clam
1418 2089 1494 2123 suis

100 2143 273 2188 refugere
312 2146 489 2183 conatur,
528 2140 564 2174 vi
601 2140 807 2186 retinetur,
846 2146 884 2173 et
920 2141 1066 2175 vinctus
1108 2143 1299 2177 custodiae
1335 2143 1496 2180 traditur

103 2196 206 2248 [68.].
236 2197 400 2232 militum
429 2208 543 2242 opera
573 2196 730 2231 vinculis
759 2197 900 2230 solutus
941 2198 1073 2233 evadit.
1122 2211 1195 2246 quo
1225 2201 1326 2235 facto
1357 2203 1496 2236 milites

102 2257 181 2290 eius
208 2255 307 2290 *filios
334 2253 526 2296 occidunt,
558 2259 594 2287 et
624 2265 710 2287 eum
741 2253 1106 2300 Carthaginiensibus
1134 2257 1237 2302 pacis
1265 2259 1497 2294 conditiones

101 2313 233 2348 ineunt
264 2309 364 2360 [69.].
394 2309 457 2345 hic
486 2316 603 2344 restat
627 2309 828 2355 paullisper
856 2311 1070 2356 historicus,
1100 2313 1339 2350 admirabiles
1368 2327 1497 2351 rerum

101 2375 254 2404 eventus
281 2367 517 2402 considerans
548 2364 648 2416 [7o.].
677 2366 913 2414 Agathocles,
943 2368 982 2402 in
1011 2369 1180 2405 Siciliam
1209 2383 1380 2408 reversus
1401 2374 1499 2420 Ege-

102 2432 297 2462 stanorum
338 2425 470 2459 urbem
510 2424 621 2467 adiit,
660 2424 836 2470 pecunias
874 2436 1085 2471 exposcens.
1122 2427 1264 2463 incolas
1303 2429 1499 2466 horrendis

105 2483 339 2519 cruciatuum
368 2481 565 2528 generibus
593 2481 775 2525 confecit,
814 2487 1009 2528 totamque
1047 2484 1177 2519 urbem
1206 2487 1387 2531 perdidit,
1419 2488 1498 2534 ipso

105 2541 185 2575 eius
221 2539 373 2574 nomine
408 2538 531 2573 deleto
562 2535 666 2587 [7t.].
699 2538 966 2572 atrocissimam
1007 2546 1135 2575 autem
1175 2542 1316 2578 civium
1346 2545 1498 2579 caedem

107 2598 185 2632 eius
212 2596 312 2631 ius-su
340 2595 460 2629 frater
487 2595 678 2629 Antander
705 2594 895 2641 SyraCusis
924 2595 1015 2630 fecit
1044 2593 1144 2646 [72].
1175 2599 1394 2647 Antigonus,
1421 2601 1499 2636 filio

105 2653 299 2690 Demetrio
335 2663 422 2687 cum
450 2651 566 2698 copiis
599 2651 838 2698 Antigoniam
870 2653 1009 2697 accito,
1048 2654 1190 2690 bellum
1219 2656 1257 2690 in
1289 2661 1498 2704 Aegyptum

106 2716 247 2747 movet.
278 2709 471 2755 copiarum
500 2719 700 2753 numerus,
731 2715 769 2742 et
798 2709 870 2743 iter
899 2711 1038 2744 Gazam
1076 2722 1194 2758 usque
1231 2710 1330 2762 [73.].
1362 2715 1498 2759 classis,

107 2768 169 2802 cui
194 2766 408 2803 Demetrius
435 2771 628 2811 praeerat,
665 2766 712 2799 ad
742 2765 954 2812 Rhaphiam
983 2769 1262 2814 tempestatibus
1289 2772 1426 2806 iactata
1462 2778 1500 2807 et

108 2824 235 2861 attrita
263 2823 310 2859 ad
340 2822 490 2859 Casium
515 2832 710 2869 progressa
739 2822 968 2869 Antigonum
1002 2835 1089 2860 cum
1119 2827 1234 2872 copiis
1263 2829 1500 2864 terrestribus

1511 2574 1589 2609 118.
