1820 3249
38 2117 106 2156 409

502 184 618 226 LlB.
647 182 736 227 XX.
794 181 925 224 GAP.
954 186 994 226 4.
1026 185 1065 227 5.
1359 183 1470 225 1457

108 297 262 355 σχεδὸν
290 295 496 348 ἅπαντες,
528 310 592 338 ων
618 310 723 345 τους
754 295 914 344 ι’ππους
948 291 1029 336 ούκ
1057 291 1250 348 ήδύνατο
1277 292 1470 362 διακομί-

108 361 195 408 ζειν
233 355 292 405 εἰς
334 353 413 410 τὴν
448 350 634 408 Λιβύην.
693 352 767 393 ἴνα
805 351 850 394 δὲ
892 353 1184 418 χωρισθέντος
1232 347 1372 392 αὐτοῦ
1413 349 1472 404 μὴ

107 412 415 464 νεωτερίζωσιν
443 410 487 453 οἱ
513 404 808 462 Συρακόσιοι,
844 407 1086 460 διεζεύγνυε
1119 406 1197 456 τοὶς
1225 409 1472 461 συγγενείας

105 466 181 510 α’π’
213 465 428 536 ἀλλήλων,
464 465 537 509 καὶ
576 463 759 532 μάλιστα
799 461 1016 516 ἀδελφούς
1054 460 1134 506 ἀπ’
1166 461 1370 532 ἀδελφῶν
1398 463 1471 504 καὶ
1502 465 1553 504 10

106 524 293 578 πατέρας
321 519 406 566 ἀπὸ
435 523 623 572 παίδων,
659 519 764 571 τούς
793 520 872 575 μὲν
908 520 978 562 ἐπὶ
1006 524 1081 575 τῆς
1107 519 1272 569 πόλεως
1301 517 1454 561 ἀπολεί

106 597 226 630 πων,
268 578 370 630 τοὺς
407 578 453 621 δὲ
482 575 583 632 μεθ’
615 576 775 620 ἑαυτοῦ
805 578 1078 630 διακομίζων.
1135 575 1359 645 πρόδηλον
1387 573 1470 630 γὰρ

105 639 162 692 ήν
191 653 250 688 ως
280 637 324 679 οἱ
346 633 548 704 μένοντες
577 633 623 677 ἐν
651 638 743 684 ταῖς
771 632 1102 686 Συρακούσαις,
1133 632 1215 675 κᾶν
1244 631 1473 686 ἀλλοτριώ-

106 709 228 736 τατοι
238 691 498 760 τυγχανωσι
528 689 638 743 πρὸς
666 689 744 732 τόν
773 689 1003 757 δυνάστην,
1030 687 1101 732 δια
1129 688 1210 758 τήν
1230 687 1338 743 πρὸς
1367 704 1472 738 τους

103 746 355 819 ἀπογόνους
407 746 586 816 εὔνοιαν
636 744 768 789 ούδεν
810 762 866 788 αν
909 746 1116 799 πράξειαν
1163 744 1330 788 ἄτοπον
1372 742 1470 788 κατ’
1504 744 1556 786 15

103 803 430 875 Ἀγαθοκλέους.
489 801 794 857 ἀπορούμενος
833 802 879 846 δε
891 800 1169 870 χρημάτων,
1211 801 1266 843 τά
1303 816 1348 843 τε
1385 805 1474 843 τῶν

107 861 321 918 όρφανων
355 859 474 913 παροὲ
513 876 603 903 των
642 857 1031 926 ἐπιτροπευόντων
1055 857 1349 911 εἰςεπροὶξατο,
1390 855 1475 911 φά-

107 930 224 961 σκων
252 917 365 961 πολύ
395 921 565 972 βέλτιον
594 916 771 959 ἐκείνων
798 913 1127 969 ἐπιτροπεύσειν
1155 914 1228 956 καὶ
1257 918 1349 963 τοῖς
1377 929 1475 956 παι-

107 975 178 1017 σὶν
216 976 276 1025 εἰς
309 973 481 1030 ἡλικίαν
510 973 689 1016 ἐλθοῦσι
726 972 981 1025 πιστότερον
1010 970 1277 1022 αποδώσειν,
1307 970 1474 1013 ἐδανεί-
1504 976 1558 1016 20

108 1041 213 1074 σατο
251 1030 298 1074 δὲ
335 1031 410 1073 καὶ
443 1029 562 1083 παρά
600 1045 690 1071 των
729 1027 929 1083 ἐμπόρων
965 1029 1039 1071 καί
1066 1044 1165 1070 τινα
1194 1043 1283 1069 των
1312 1026 1358 1069 ἐν
1387 1030 1478 1077 τοῖς

108 1089 240 1141 ἱεροῖς
268 1085 563 1156 ἄναθηματων
587 1084 710 1155 ἐλαβε
738 1085 813 1128 καὶ
841 1088 929 1127 τῶν
955 1087 1178 1154 γυναικῶν
1205 1082 1283 1126 τὸν
1310 1081 1479 1152 κόσμον

104 1144 353 1197 περιείὛλετο
419 1139 563 1185 ἔπειθ’
602 1140 721 1195 ὅρων
767 1140 840 1184 καὶ
873 1144 962 1184 τῶν
1009 1139 1328 1210 εὐπορωτάτων
1373 1138 1478 1190 τούς

104 1201 333 1250 πλείστους
372 1198 729 1254 δυςχεραίνοντας
762 1213 854 1247 τοις
890 1195 1206 1266 πραττομένοις
1250 1196 1324 1239 καὶ
1365 1195 1478 1249 πρὸς

107 1253 243 1300 αὐτὸν
268 1253 590 1310 ἀλλοτριώτατα
619 1253 931 1308 διακειμένους,
961 1252 1206 1309 συνήγαγεν
1233 1252 1479 1308 ἐκκλησίαν,
1507 1254 1561 1296 25

107 1312 155 1356 ἐν
189 1307 219 1370 ᾖ
252 1313 352 1366 περί
387 1328 433 1354 τε
473 1315 548 1367 τῆς
589 1309 959 1365 προγεγενημένης
1000 1312 1233 1379 συμφορᾶς
1271 1309 1345 1352 καὶ
1391 1312 1481 1351 τῶν

108 1367 481 1438 προςδοκωμένων
510 1370 668 1410 δεινων
695 1367 1059 1435 κατοδυρόμενος
1071 1364 1202 1416 αύτὸς
1221 1365 1301 1420 μὲν
1319 1365 1484 1434 ῥᾳδίως

109 1425 345 1481 υπομένειν
373 1424 506 1495 ἔφησε
533 1423 612 1492 τὴν
638 1424 922 1477 πολιορκίαν,
952 1420 1148 1479 συνήθης
1179 1422 1242 1465 ὠν
1269 1419 1386 1478 πάσῃ
1410 1438 1483 1464 κα-

109 1483 352 1553 κοπαθείᾳ,
395 1480 526 1524 ἐλεεῖν
573 1479 618 1523 δὲ
655 1479 760 1530 τούς
802 1481 1002 1531 πολίτας,
1047 1481 1084 1521 εἰ
1132 1479 1483 1547 συγκλεισθέντες

110 1535 525 1606 ἀναγκασθήσονται
574 1537 869 1590 πολιορκίαν
887 1535 1136 1589 υπομένειν.
1219 1533 1479 1578 διεκελεύετο
1510 1537 1564 1576 30

114 1596 198 1638 οὐν
237 1595 386 1647 σώζειν
423 1591 607 1643 ἑαυτούς
645 1609 750 1648 μετα
789 1595 877 1635 τῶν
919 1594 1043 1635 ἰδίων
1071 1590 1262 1646 κτήσεων
1289 1590 1397 1641 τούς
1423 1589 1482 1660 μὴ

111 1651 409 1722 βουλομένους
437 1649 672 1704 ὑπομένειν
706 1649 789 1701 ό,τι
816 1646 918 1692 ποτ’
949 1647 1006 1691 ἂν
1045 1649 1154 1705 δοκῇ
1182 1651 1236 1704 τῇ
1264 1646 1372 1703 τύχῃ
1401 1645 1483 1689 ποί-

112 1719 240 1777 σχειν.
297 1706 629 1774 ἐξορμησάντων
676 1704 717 1749 δ’
757 1705 806 1749 ἐκ
852 1708 926 1761 τῆς
965 1704 1130 1756 πόλεως
1169 1709 1258 1746 τῶν
1301 1701 1480 1758 μάλιστ’

112 1763 313 1818 εὐπόρων
356 1764 431 1807 καὶ
472 1761 722 1832 μισούντων
767 1762 845 1806 τὸν
890 1760 1157 1832 δυνάστην,
1179 1760 1367 1810 τούτους
1402 1759 1483 1828 μὲν

111 1820 419 1871 ἐπαποστείλας
444 1818 569 1870 τινας
595 1834 684 1862 των
716 1817 1011 1887 μισθοφόρων
1034 1816 1173 1860 ανεῖλε
1201 1817 1275 1860 καὶ
1305 1816 1382 1866 τὰς
1411 1814 1482 1859 οὐ·
1513 1819 1566 1861 35

113 1878 211 1928 σίας
243 1879 303 1928 εἶς
341 1875 477 1920 αὐτόν
509 1874 700 1931 ανέλαβε.
757 1874 831 1919 διὰ
861 1875 907 1918 δε
936 1878 1039 1929 μιᾶς
1076 1872 1259 1917 ἀνοσίου
1287 1873 1482 1928 πράξεως

112 1932 367 2004 χρημάτων
385 1931 631 1987 εὐπορήσας
675 1930 748 1974 καὶ
792 1947 881 1974 των
926 1930 1162 1984 αλλοτρίως
1199 1929 1485 1983 διακειμένων

113 1992 225 2043 πρὸς
263 1987 399 2033 αὐτόν
436 1988 641 2058 καθαράν
679 1986 863 2044 ποιήσας
901 1989 980 2043 τήν
1024 1987 1178 2037 πόλιν,
1213 1986 1485 2043 ἠλευθέρωσε

112 2050 201 2090 τῶν
230 2047 407 2090 οἰκετῶν
433 2045 537 2096 τοὺς
563 2043 771 2096 εὐθέτους
790 2046 859 2102 εἰς
889 2046 1125 2098 στρατείαν.

223 2102 302 2154 Ὡς
330 2100 374 2146 δ’
404 2100 589 2155 εὐτρεπῆ
617 2099 750 2144 παντ’
779 2103 847 2170 ήν,
877 2100 1110 2170 πληρώσας
1139 2097 1346 2167 ἑξήκοντα
1372 2113 1486 2148 ναυς

116 2158 310 2229 ἐπετήρει
341 2158 499 2211 καιρόν
537 2160 701 2202 οἰκεῖον
729 2157 841 2210 πρὸς
874 2157 952 2200 τὸν
993 2158 1192 2200 ἔκπλουν.
1251 2153 1488 2225 αγνοουμέ-
1515 2139 1540 2181 4

115 2232 197 2273 νης
231 2215 278 2261 δὲ
311 2219 388 2272 τῆς
430 2215 623 2266 ἐπινοίας
664 2212 821 2267 αὐτοῦ,
860 2230 970 2265 τινες
997 2230 1077 2270 μεν
1106 2214 1166 2265 εἰς
1203 2211 1281 2267 τὴν
1307 2210 1489 2254 Ἰταλίαν

1514 2084 1542 2123 5

119 2361 155 2399 7.
185 2359 348 2407 ἠδύνατο
382 2362 567 2397 Reiskius·
597 2361 682 2396 libri
712 2356 897 2417 ἠδύναντο
1088 2359 1145 2394 12.
1178 2357 1340 2402 ἑαυτοῦ]
1373 2355 1491 2394 αὐτοῦ’

118 2374 209 2442 Βιιεη
407 2409 465 2443 13.
498 2405 807 2451 ἄλλοτριώτατοι]
840 2403 1110 2450 ἀλλοτριώτατα
1142 2406 1246 2448 Bas„
1277 2406 1332 2438 cui
1363 2406 1490 2438 adden-

119 2454 204 2488 dum
225 2453 291 2488 erit
313 2454 556 2498 διακείμενοι,
580 2459 619 2488 ut
641 2454 762 2498 pauno
785 2457 861 2495 post
1043 2453 1099 2486 14.
1124 2450 1332 2519 δυῖιοὶστην]
1359 2449 1492 2486 δεσπό-

120 2512 190 2546 'mv
213 2499 318 2579 W22.
340 2496 927 2591 mmshztofffzigczfssagf3355&
951 2499 981 2532 F
1067 2543 1124 2599 23.
1147 2496 1373 2587 πλιείσέτιίιιῗςιῖ
1395 2497 1492 2576 {asl-

124 2603 191 2632 ους
211 2591 289 2625 FW
475 2593 532 2627 25.
554 2591 890 2647 προγεγενημένης]
915 2588 1150 2635 γεγενημένης
1174 2590 1252 2623 FW
1434 2588 1492 2621 27.

125 2634 324 2680 ὑπομένειν
362 2635 499 2682 ἔφησε]
533 2637 668 2682 ἔφησεν
697 2633 897 2679 ὑπομένειν
921 2637 950 2669 F
1140 2635 1197 2669 34.
1234 2633 1493 2672 ἐπαποστείλας

125 2684 178 2723 F,
202 2683 328 2717 meteri
351 2682 604 2727 ἐξαποστείλας
732 2683 790 2718 35.
815 2684 865 2723 εἰς
888 2679 1016 2725 αυτόν]
1045 2678 1168 2716 αὕτιῖν
1193 2681 1303 2726 FQW
1435 2679 1491 2711 36

127 2727 279 2764 ἀνοσίου
303 2740 373 2764 om.
396 2729 429 2762 T
453 2730 556 2773 Bas„
589 2729 753 2765 asterisco
784 2729 920 2763 notavit
941 2726 1136 2771 Stephanus
1303 2726 1361 2760 39.
1385 2736 1494 2768 στρα-

126 2776 240 2819 τείαν]
270 2773 444 2819 στρατιάν
469 2776 496 2808 Ι·

218 2822 297 2856 4⁰9.
340 2823 397 2857 40.
429 2818 599 2866 εὐτρεπῆ]
625 2819 788 2867 εὐπρεπῆ
807 2821 888 2855 Bas.
1167 2867 1224 2906 93
