1820 3249
574 43 1547 121 PRAFFA'I'Ib.1x

156 191 351 235 Hellenic.
371 193 420 232 ΙΙ.
441 196 485 235 8.-
500 195 566 235 21.
571 192 599 214 “
626 191 846 230 Dobraeus.
891 190 999 229 Dicit
1024 191 1254 243 Xenophon
1277 194 1453 245 singulos
1479 199 1547 247 ty-

155 264 303 289 rannos
331 250 509 300 singulos
540 248 617 287 sibi
649 263 750 300 quos
777 248 1027 286 trucidarent
1053 249 1114 298 leg
1096 248 1207 287 aisse.

269 308 310 346 P.
343 306 442 349 652.
475 306 514 348 5·-
566 302 739 358 πρώτοις
776 305 1059 344 adve1bialiter
1097 305 1277 354 dictum,
1318 308 1425 356 quod
1462 308 1546 346 fre-

156 369 391 414 quentatum
416 363 464 401 ab
496 362 759 414 scriptoribus
793 362 881 401 aevi
912 361 1125 413 Byzantini
1153 363 1382 400 notavimus
1412 364 1548 403 Indice

155 418 206 456 ad
231 420 418 458 Ioannem
438 420 622 458 Malalam
644 433 681 471 p.
701 422 799 461 792.
833 425 872 457 et
897 420 948 457 ad
965 419 1110 459 Chron.
1133 418 1269 460 Pasch.
1291 431 1331 472 p.
1349 423 1445 464 303.
1470 426 1548 473 10.,

153 488 205 513 an
227 478 271 515 in
298 477 462 515 Diodori
493 483 660 514 aetatem
691 476 807 514 cadat
827 475 1050 514 videndum
1077 482 1147 514 est.

264 533 307 571 P·
327 536 422 575 667.
442 532 509 575 43.
539 530 586 573 ‘co‘
605 532 807 584 διαλῦσαι]
840 533 960 571 Deleo
988 529 1048 573 τό.

264 590 307 632 Ρ.
329 593 424 632 669.
442 593 509 632 88.
537 590 586 628 In
613 589 874 628 annotatione
903 590 1054 628 scribe:
1085 588 1390 628 annotationem

262 647 309 687 P.
334 650 431 689 671.
453 650 522 689 91.
549 646 646 684 Dele
672 647 984 685 annotationem
1303 660 1306 664 ’

262 703 308 743 Ρ.
325 702 428 745 672.
451 704 528 745 42.
552 703 818 742 Scribendum
842 698 1063 756 Ἅμαξιτᾶν.

197 763 199 766 “
260 760 305 798 P.
325 763 419 802 680.
441 763 509 802 31.
539 761 714 812 πρῶτον]
749 761 806 798 De
818 760 992 799 duorum
1003 759 1200 798 librorum
1220 759 1420 811 scriptura
1441 762 1548 814 πρῶ.

148 829 211 857 τοι
239 816 334 856 vide
365 829 464 867 quae
490 815 664 855 diximus
691 817 919 857 adchron.
945 816 1084 855 Pasch.
1112 831 1152 868 Ρ.
1175 818 1272 859 476.
1295 820 1334 858 6.

165 891 170 897 ·
265 875 306 912 Ρ.
329 876 437 916 681.-
435 871 521 914 ·.55
547 874 594 912 In
614 874 875 914 annotatione
905 888 981 930 pro
1011 874 1263 928 Αἰγεσταίων
1291 874 1549 913 scribendum

148 932 229 970 τῶν
253 931 516 983 Αἰγεσταίων
592 954 596 959 ·
664 953 668 958 -

262 988 304 1026 Ρ.
326 987 420 1029 685
441 990 508 1029 86.
540 986 598 1035 εἷς
617 1003 692 1040 την
708 984 890 1041 Λιβύην]
921 986 1085 1038 „Malim
1110 987 1166 1034 εἷς
1188 987 1270 1039 (vel
1287 985 1369 1041 ἔπι)
1399 985 1444 1028 w*
1464 991 1548 1027 Λι-

147 1039 362 1096 zvssoaovf‘
395 1043 610 1083 D0b1aeus.
666 1045 755 1084 Hoc
784 1046 850 1097 qui
879 1045 1046 1098 probet,
1077 1044 1206 1097 possit
1237 1045 1355 1083 etiam
1377 1045 1457 1082 sic.
1491 1045 1548 1093 εἰς

147 1098 225 1153 τὴν
249 1097 517 1154 Λιλύβαιον’
500 1098 643 1153 α’κραν,
672 1107 719 1139 ut
741 1108 801 1139 est
823 1117 861 1154 p.
877 1105 972 1145 682.
993 1106 1061 1144 92.
1123 1102 1200 1139 Sed
1222 1102 1330 1153 quod
1351 1101 1481 1139 cuivis
1502 1102 1548 1139 in

147 1164 321 1196 mentem
353 1157 510 1207 veniat,
548 1172 631 1196 non
667 1159 846 1197 admittit
883 1158 982 1196 situs
1014 1159 1211 1198 locorum.
1285 1159 1385 1196 Nam
1418 1172 1546 1210 quum

146 1214 336 1266 Lilybaeo
362 1215 604 1253 Panormum
635 1216 817 1254 tendenti
852 1215 1039 1268 proxima
1071 1221 1260 1253 occurrat
1298 1216 1456 1267 Motya,
1495 1216 1545 1253 ab

147 1271 341 1323 Dionysio
373 1272 493 1310 modo
519 1279 747 1325 expugnata
771 1279 811 1311 et
839 1287 912 1326 per
942 1286 1122 1324 aggerem
1151 1278 1282 1310 terrae
1320 1273 1547 1311 continenti

145 1328 300 1378 iuncta,
329 1334 375 1367 ut
395 1328 548 1366 dictum
578 1343 665 1382 cap.
686 1330 755 1373 48.
777 1351 835 1359 —-
852 1329 934 1380 53„
964 1330 1034 1380 qui
1058 1329 1173 1367 littus
1193 1329 1372 1379 legisset,
1403 1329 1548 1367 mediis

145 1383 328 1423 hostibus
351 1398 393 1423 se
411 1385 629 1424 intulisset.
690 1387 826 1434 Quare
846 1400 991 1426 nomen
1016 1386 1201 1426 desidero
1225 1387 1306 1425 loci
1324 1387 1432 1426 ultra
1459 1387 1548 1425 Mo-

145 1446 256 1493 tyam
278 1442 517 1480 Panormum
535 1456 678 1481 versus
701 1443 779 1481 siti.

260 1498 303 1537 P·
322 1501 417 1540 707-
438 1498 506 1540 47.
535 1498 821 1548 Λακισθένους
839 1506 898 1538 est
915 1512 1064 1540 nomen
1078 1499 1309 1539 barbarum.
1359 1500 1549 1539 Scribens

144 1551 242 1592 dum
263 1560 396 1591 autem
411 1549 712 1604 Ἀλκισθένους.
706 1570 715 1579 ·
746 1557 811 1595 cui
833 1556 1081 1608 cognominis
1103 1556 1257 1596 archon
1279 1557 1439 1596 Atticus
1461 1572 1548 1597 me-

144 1616 327 1649 moratur
343 1610 431 1648 XV.
452 1609 521 1652 50.

258 1667 304 1707 Ρ.
327 1669 426 1709 708.
450 1670 517 1710 37.
552 1665 669 1723 περὶ]
710 1667 851 1708 Scribe
889 1666 1009 1724 ΰπὲρ.
1198 1667 1379 1723 ἤθελον]
1418 1671 1551 1723 „Lege

142 1717 290 1778 ἦλθον.
292 1724 317 1745 “
338 1722 552 1763 Dobraeus.

258 1781 303 1819 Ρ.
326 1783 424 1823 717
449 1783 515 1823 38.
547 1781 791 1833 Αἷκίκλους]
822 1781 1040 1821 Librorum
1071 1782 1314 1835 scripturam
1337 1779 1550 1832 Αἰτωλούς

141 1850 272 1889 neque
293 1836 338 1875 in
359 1835 515 1886 Αἰκους
542 1852 670 1890 neque
697 1839 741 1876 in
767 1839 1010 1889 Αἰκίκλους,
1040 1839 1110 1878 sed
1138 1854 1213 1892 pro
1242 1854 1354 1879 more
1375 1840 1544 1879 Diodori

141 1894 187 1932 in
215 1893 394 1942 Αἲκλους
415 1896 649 1934 mutandam
681 1895 804 1934 fuisse
830 1902 969 1934 monet
988 1895 1232 1936 Niebuhrius
1253 1897 1355 1936 Hist.
1382 1898 1430 1936 R.
1461 1898 1545 1940 vol.

140 1949 192 1992 II.
224 1964 266 2004 Ρ.
289 1949 386 1993 550.
445 1951 525 1991 Sed
556 1952 604 1991 ab
633 1953 762 1992 forma
786 1953 1009 2001 Αἰκίκλους
1035 1953 1256 1993 Diodorum
1289 1953 1546 1994 abhorruisse

141 2020 227 2045 non
260 2007 434 2060 probant
463 2022 564 2061 quae
599 2010 686 2062 ipse
719 2009 818 2048 dicit
847 2025 888 2062 p.
924 2013 1021 2052 731.
1056 2010 1126 2054 95.
1165 2008 1247 2052 ὑπὸ
1274 2012 1439 2052 Αἴκλων
1462 2015 1547 2052 τῶν

141 2067 222 2106 νῦν
249 2064 456 2105 Αἰκίκλων
477 2065 750 2119 καλουμένων,
779 2065 903 2108 Αἰκοὶ
922 2073 1055 2105 autem
1076 2074 1136 2106 est
1161 2067 1344 2107 omnibus
1363 2069 1406 2106 in
1428 2068 1548 2108 libris

140 2134 182 2174 Ρ.
195 2125 291 2169 720.
314 2123 381 2164 80.
399 2125 494 2166 723.
515 2128 555 2166 4.
597 2123 834 2175 Quanquam
861 2123 941 2163 hoc
963 2124 1055 2164 loco
1079 2123 1263 2176 apertum
1285 2131 1344 2164 est
1372 2126 1545 2165 formam

140 2191 243 2230 quae
271 2181 294 2218 λ
320 2177 465 2218 habeat
492 2181 797 2232 praeferendam
826 2194 921 2220 esse.
1095 2182 1166 2225 48.
1202 2182 1251 2222 In
1283 2183 1545 2222 annotatione

140 2234 271 2273 scribe
297 2236 517 2289 Θίμβρωνα
535 2237 712 2276 secundo
731 2238 836 2277 loco.

253 2291 296 2331 P
316 2296 412 2335 720
432 2296 500 2336 80.
529 2295 709 2346 Λίφλον]
743 2295 798 2332 De
818 2295 997 2332 Lavicis·
1020 2294 1294 2336 coniecturam
1319 2309 1435 2335 suam
1458 2309 1544 2335 non

139 2347 305 2401 repetiit
329 2349 573 2390 Niebuhrius
598 2351 683 2390 vol.
705 2350 754 2390 11.
780 2364 820 2403 Ρ.
842 2350 940 2393 552.
960 2352 1024 2390 ed.
1042 2366 1122 2392 sec.

253 2405 297 2443 P·
327 2409 423 2450 722
456 2411 525 2451 61.
563 2405 640 2462 τήν
668 2408 907 2463 πολιορκίαν
938 2423 1017 2462 pro
1045 2412 1097 2467 τῇ
1123 2409 1338 2466 πολιορκία
1364 2392 1544 2450 restituit

140 2461 434 2513 Wesselingius.

250 2519 294 2557 P.
317 2523 412 2562 723.
434 2520 502 2564 24.
531 2520 579 2559 In
601 2520 863 2560 annotatione
884 2521 1015 2560 scribe
1040 2526 1309 2577 συγχωρῆσαι.

250 2574 293 2613 P.
318 2576 414 2618 725.
434 2579 473 2620 8.
504 2578 737 2630 Scriptuiae
767 2575 1040 2629 Ουόλσανίτας
1066 2580 1196 2620 simile
1225 2581 1272 2620 V
1265 2581 1430 2619 ola-anos
1456 2579 1543 2620 sive

147 2628 193 2668 V
186 2628 399 2669 oleamos·
387 2646 431 2671 m
451 2634 567 2674 lib1is
592 2634 797 2701 Propertii
822 2634 890 2676 IV.
909 2639 949 2678 2.
974 2635 1015 2678 4.

138 2742 221 2782 vol
238 2687 294 2783 111³-
315 2691 433 2797 172}-O
435 2694 514 2789 Ο18.
545 2688 746 2749 ἐπάρχων]
786 2689 1002 2748 ἱππάρχων
1032 2693 1276 2735 Niebuhrius
1300 2693 1404 2736 Hist.
1426 2695 1540 2736 Rom.
