1820 3249
443 128 561 171 mn.
591 127 680 170 XV.
741 126 873 168 CAP.
904 128 973 168 52
1003 126 1071 167 513.
1366 123 1449 164 097

72 240 246 313 μνήμην
274 237 561 307 αἱρετωτέραν
590 235 702 281 εἶναι
729 239 817 280 τῶν
835 235 1070 290 παρόντων
1091 234 1289 288 σημείων.
1321 232 1345 277 ὁ
1369 232 1447 287 μὲν
1482 241 1485 251 ”

45 305 48 325 '¹
73 294 157 342 οὖν
182 294 547 368 Ἐπαμεινώνδας
556 293 925 363 πεφιλοσοφηκώς
954 292 1028 335 καὶ
1063 295 1154 340 τοῖς
1198 291 1243 332 ἐν
1273 292 1446 346 παιδεία

70 358 294 409 λογισμοῖς
315 353 545 408 ἐμφρόνως
572 349 841 421 χρησάμενος
869 349 1116 419 παραυτίκα
1130 347 1207 401 μὲν
1232 345 1318 389 υπὸ
1342 351 1443 389 πολ-
1472 358 1526 396 60

68 416 158 455 λῶν
185 410 382 466 μέμψεως
411 409 572 464 ἔτυχεν,
590 407 774 463 ὕστερον
797 408 844 450 δὲ
874 405 946 450 διά
975 407 1061 448 τῶν
1088 402 1444 471 κατορθωμάτων

69 467 199 519 δόξας
238 478 498 537 στρατηγικῃ
537 465 704 508 συνέσει
745 462 969 532 διαφέρειν
1008 463 1220 517 μεγίστων
1261 457 1445 527 ἀγαθῶν

69 524 207 574 αι’τιος
245 522 412 578 ἐγένετο
452 526 505 579 τῆ
544 523 733 575 πατρίδι.
781 519 918 571 εὐθυς
955 518 1049 589 γάρ
1068 515 1335 584 προαγαγών
1363 514 1443 570 τήν

68 578 278 650 δύναμιν,
307 580 380 622 καὶ
408 577 846 634 προκαταλαβόμενος
873 575 925 621 τὰ
955 575 1056 632 περὶ
1083 573 1165 632 τὴν
1187 570 1444 629 Κορώνειαν

67 636 220 686 στενά,
248 635 729 688 κατεστρατοπέδευσεν.
1472 637 1527 678 65

87 692 91 696 ’
166 690 222 735 Ὃ
246 692 306 736 δὲ
335 691 642 762 Κλεόμβροτος
671 688 920 747 πυθόμενος
945 706 1050 740 τους
1078 686 1310 744 πολεμίους
1337 701 1443 740 προ·
1471 693 1527 735 53

64 749 387 819 κατειληφέναι
398 747 475 799 τὰς
503 748 740 802 παρόδους,
769 748 817 791 τὸ
848 748 927 803 μὲν
948 746 1092 818 ταύτῃ
1122 749 1343 789 ποιεῖσθαι
1364 743 1445 814 τὴν

65 807 263 857 διέξοδον
308 803 502 876 ἀπέγνω,
535 807 769 859 πορευθεὶς
804 804 851 848 δὲ
877 803 964 848 διὰ
999 808 1074 859 τῆς
1106 803 1331 860 Φωκίδος,
1367 799 1447 843 καὶ

65 862 298 914 διεξελθών
325 861 406 917 τὴν
432 864 792 916 παραθαλαττίαν
824 859 932 905 ὁδὸν
958 859 1147 931 χαλεπήν
1180 860 1331 909 οὐσαν,
1360 856 1445 900 ενέ-
1472 868 1528 906 70

65 922 213 975 βαλεν
227 921 288 969 είς
325 920 404 975 τὴν
435 921 652 963 Βοιωτίαν
679 917 952 969 άκινδύνως’
992 918 1038 963 ἐν
1067 915 1252 987 παρόδῳ
1276 915 1323 958 δέ
1347 930 1446 957 τινα
1502 944 1506 948 -

67 980 155 1018 τῶν
192 978 488 1030 πολισματίων
528 975 847 1043 χειρωσάμενος
885 974 959 1017 καὶ
1004 973 1195 1042 τριήρων
1235 969 1447 1041 εγκρατής

67 1031 248 1089 ἐγένετο.
305 1032 410 1088 μετὰ
448 1032 498 1075 δὲ
535 1036 672 1075 ταῦτα
703 1029 995 1100 καταντήσας
1013 1033 1071 1081 εἰς
1107 1030 1158 1073 τὰ
1194 1027 1446 1099 καλούμενα

66 1092 268 1143 Λεῦκτρα
295 1089 740 1139 κατεστρατοπέδευσε
769 1089 843 1132 καὶ
872 1104 976 1138 τους
1007 1085 1269 1141 στρατιώτας
1298 1084 1344 1128 ἐκ
1372 1087 1447 1155 τῆς

65 1145 324 1199 ὁδοιπορίας
346 1144 662 1218 ἀνελάμβανεν.
707 1147 751 1188 οἱ
787 1145 833 1189 δὲ
863 1145 1052 1188 Βοιωτοὶ
1080 1142 1345 1197 προάγοντες
1373 1140 1443 1184 επὶ
1471 1144 1526 1186 75

6 1202 185 1253 45τους·
200 1203 458 1273 πολεμίους3
501 1202 560 1254 ώς
598 1201 783 1273 ἤγγισαν
821 1199 971 1251 αὐτοῖς
1005 1201 1095 1245 καὶ
1118 1199 1286 1256 λόφους
1321 1197 1444 1248 τινας

63 1257 382 1330 ὑπερβαλόντες
429 1258 558 1316 α’φνω
606 1259 894 1331 κατενόησαν
920 1275 1027 1309 τους
1066 1256 1444 1310 Λακεδαιμονίους

64 1315 294 1370 ἐπέχοντας
343 1317 473 1360 ἅπαν
497 1317 548 1361 τό
573 1318 855 1373 Λευκτρικὸν
892 1318 1097 1371 πεδίον,
1115 1312 1443 1390 κατεπλάγησαν

65 1372 237 1423 ἰδόντες·
268 1373 322 1416 τὸ
357 1373 541 1428 μέγεθος
577 1379 654 1430 τῆς
684 1375 925 1432 δυνάμεως.
975 1371 1357 1429 συνεδρευσάντων
1397 1369 1443 1415 δὲ
1473 1377 1527 1418 80

65 1444 156 1471 των
184 1432 464 1499 βοιωταρχῶν
500 1431 573 1474 καὶ
604 1434 939 1487 βουλευομένων
971 1432 1161 1485 πότερον
1189 1431 1270 1487 χρὴ
1298 1431 1446 1499 μένειν

65 1501 139 1528 και
168 1501 280 1538 προς
311 1489 668 1531 πολλαπλασίονα
698 1490 887 1541 δύναμιν
921 1491 1282 1544 διαγωνίζεσθαι,
1309 1488 1337 1542 ἢ
1365 1485 1446 1541 τὴν

64 1540 343 1610 ἀναχώρησιν
371 1542 656 1615 ποιησάμενοι
687 1561 732 1587 εν
769 1545 921 1595 τόποις
961 1548 1116 1597 δεξιοῖς
1154 1543 1445 1600 συστήσονται

64 1596 147 1652 τήν
175 1598 338 1653 μάχην,
360 1599 529 1669 ἔτυχον
559 1602 605 1643 αἵ
629 1618 803 1656 γνωμαι
830 1606 918 1645 τῶν
946 1601 1175 1658 ἡγεμόνων
1206 1603 1296 1644 ἰ’σαι
1323 1601 1446 1655 γενό-

62 1670 202 1724 μεναι.
239 1656 284 1707 εξ
310 1653 404 1724 γὰρ
442 1656 582 1699 ὄντων
610 1661 890 1713 βοιωταρχῶν
927 1663 1043 1713 τρεῖς
1071 1674 1150 1713 μεν
1180 1657 1320 1713 ᾤοντο
1351 1658 1442 1700 δεῖν
1472 1661 1525 1704 35

63 1709 258 1783 απάγειν
273 1710 353 1767 τὴν
375 1710 580 1766 δύναμιν,
603 1719 717 1767 τρεῖς
746 1715 792 1757 δὲ
822 1715 967 1769 μένειν
997 1715 1070 1757 καὶ
1099 1716 1442 1768 διαγωνίζεσθαι,

64 1766 112 1810 ἐν
141 1765 206 1818 οἷς
221 1769 285 1838 ἦν
312 1768 386 1811 καὶ
405 1767 429 1812 ὁ
455 1767 808 1823 Ἐπαμεινώνδας
837 1771 1303 1826 συνεξαριθμούμενος.
1332 1769 1442 1812 α’πο-

64 1825 162 1878 ρίας
191 1822 232 1867 δ’
270 1823 406 1883 οὔσης
432 1824 627 1894 μεγάλης
665 1827 739 1871 καὶ
775 1829 1007 1881 δυςκρίτου
1046 1831 1136 1870 τῶν
1165 1830 1444 1882 βοιωταρχῶν

62 1880 89 1924 ὁ
109 1880 292 1936 ἕβδομος
320 1883 439 1952 ἡκεν,
457 1881 510 1925 ὃν
532 1886 682 1935 πείσας
704 1883 1056 1939 Ἐπαμεινώνδας
1063 1883 1316 1954 ὁμόψηφον
1347 1884 1442 1926 ἑαυ-

63 1940 125 1993 τῷ
160 1937 365 2008 γενέσθαι
402 1937 662 2007 ἐπροτέρησε
703 1944 780 2010 τῆς
816 1941 1001 2012 γνώμης.
1051 1939 1075 1984 ὁ
1091 1956 1185 2009 μεν
1215 1943 1299 1983 οὐν
1327 1939 1437 1995 ὑπὲρ
1468 1950 1523 1992 90

63 2009 152 2036 των
181 1993 299 2037 ὅλων
327 1992 446 2064 ἀγών
474 1998 636 2040 τοῦτον
665 1995 742 2040 τόν
769 1997 938 2052 τρόπον
957 1994 1175 2052 ἐκυρώθη.
1214 1995 1236 2040 ὁ
1259 1995 1301 2040 δ’
1315 1996 1437 2042 Ἐπα-

63 2049 306 2106 μεινώνδας
333 2049 451 2105 ὁρῶν
477 2051 583 2102 τοὺς
611 2053 874 2106 στρατιώτας
914 2055 1340 2109 δεισιδαιμονοῦντας
1369 2054 1439 2097 επὶ

63 2111 154 2157 τοῖς
181 2106 384 2163 γεγονόσι
413 2110 629 2163 σημείοις,
668 2109 965 2180 ἐφιλοτιμεῖτο
999 2110 1071 2154 διὰ
1098 2115 1175 2166 τῆς
1204 2112 1317 2161 ἰδίας
1345 2110 1438 2154 ἐπι-

62 2165 188 2214 νοίας
222 2164 299 2208 καὶ
336 2167 592 2235 στρατηγίας
629 2172 880 2221 μεταθεῖναι
917 2166 995 2218 τὰς
1031 2170 1111 2210 τοῦ
1141 2166 1340 2222 πλήθους
1371 2165 1440 2211 εὖ

63 2221 254 2277 λαβείας.
315 2220 466 2279 διόπερ
503 2225 637 2267 τινῶν
671 2223 934 2282 προςφάτως
974 2223 1342 2281 παραγεγονότων
1386 2224 1435 2268 ἐκ
1463 2231 1518 2274 95

61 2353 119 2389 63.
144 2351 285 2400 εὖθῧς]
316 2351 411 2393 εόθν
439 2354 485 2392 L
651 2353 895 2413 προαγαγών]
928 2358 1227 2415 προαγαγόμενος
1248 2359 1300 2402 F,
1321 2373 1370 2405 πρ
1373 2374 1439 2397 οα-

62 2400 218 2445 γόμενος
241 2402 294 2436 ΙΚ
476 2401 535 2439 67.
566 2400 708 2459 ταύτῃ]
740 2405 879 2449 ταύτην
902 2405 919 2439 Ι
1062 2407 1120 2442 68.
1144 2406 1313 2449 διέξοδον
1361 2407 1438 2450 ἕξο-

64 2448 140 2481 δον·
154 2448 186 2482 A
225 2461 232 2465 ·
266 2462 270 2467 ·
342 2448 400 2484 71.
431 2445 472 2483 ἐν
494 2441 671 2496 παρόδῳ]
698 2418 854 2496 παρόδῳ
877 2451 914 2486 Α
1049 2452 1108 2487 Ί2.
1131 2450 1269 2498 ἐγένετο
1292 2455 1320 2488 Α
1361 2455 1437 2498 LQ,

64 2493 192 2527 caetori
209 2491 405 2538 γενόμενος
426 2497 597 2539 παρῆλθε

155 2537 213 2573 45.
258 2540 317 2577 79.
339 2540 480 2581 ἰδόντες
501 2543 592 2585 ΙἺΩ,
616 2542 743 2577 caeteri
763 2541 903 2584 εἰδότες
1070 2543 1129 2579 82.
1152 2545 1434 2588 διαγωνίζεσθαι

64 2584 153 2618 inter
181 2582 246 2619 καὶ
266 2590 301 2621 et
321 2584 415 2630 πρὸς
436 2592 573 2642 ponunt
594 2588 676 2622 Fu<
711 2608 715 2620 .=
813 2589 870 2624 83.
902 2587 1062 2633 δεξιοῖς]·
1079 2587 1308 2636 υπερδεξίοις
1332 2593 1431 2626 Reis—

65 2631 144 2663 kius
335 2631 577 2687 συστήσονται
597 2635 666 2676 Πι,
697 2634 826 2670 caeteri
849 2635 1100 2692 συστήσωνται
1122 2661 1123 2665 ,
1280 2638 1337 2674 85.
1360 2641 1432 2684 γάρ

67 2673 208 2719 ὄντων]
242 2688 311 2720 γαρ
334 2677 532 2720 παρόντων
555 2679 764 2715 Schaeferus
955 2681 1011 2715 89.
1048 2679 1258 2727 ὁμόψηφον
1289 2687 1434 2721 Rhodo-

68 2722 564 2781 ηιῑιηηιιε.1ὶὴι·ἱομόψυχον
733 2727 790 2760 90.
821 2725 1038 2784 ἔπροτέρησε
1058 2730 1332 2786 wesselingius,
1353 2733 1434 2766 libri

67 2767 281 2813 προετέρησε
462 2770 519 2805 91.
544 2767 564 2806 6
592 2769 632 2806 δ’
651 2769 780 2817 Ἐπαμ.
793 2773 810 2817 ]
831 2770 851 2809 6
876 2772 942 2817 μὶν
967 2769 1036 2810 οὖν
1058 2772 1185 2820 Ἐπαμ.
1212 2779 1240 2812 L
