1820 3249
404 169 408 174 ·
424 147 457 188 L
468 146 537 192 113.
573 144 680 188 XVI.
745 145 778 185 C
787 147 822 187 A
832 143 878 185 Ρ.
907 147 975 187 66.
987 141 1124 188 -’68.
1344 147 1454 190 1103

95 258 296 306 σπεύδων
323 257 494 331 φθάσαι
519 256 599 314 τὴν
630 256 730 312 περὶ
767 257 904 300 αὐτὸν
937 254 1100 313 φήμην
1161 255 1334 312 σφόδρα
1369 255 1454 313 γαρ

94 317 312 373 εὐλαβεῖτο
351 315 514 388 μήποτε
554 312 851 370 Καρχηδόνιοι
883 317 1336 372 θαλαττοκρατοῦντες
1368 332 1452 358 κω·
1483 314 1538 359 75

92 375 283 418 λύσωσιν
311 371 444 416 αὐτὸν
475 372 535 423 εἰς
563 373 770 414 Σικελίαν
799 373 1065 415 διαπλεῦσαι.
1110 373 1237 421 οὐτος
1264 371 1343 426 μὲν
1374 368 1456 415 οὖν

92 431 207 476 κατα
228 429 424 484 σπουδὴν
453 428 583 472 ἐτέλει
610 429 688 472 τὸν
718 429 776 480 εἰς
799 425 970 497 Ρήγιον
993 431 1156 473 πλοῦν.

203 485 498 556 Καρχηδόνιοι
527 485 573 528 δὲ
601 485 740 541 βραχυ
768 485 852 538 πρὸ
885 484 1052 529 τούτων
1081 489 1169 528 τῶν
1186 487 1355 539 καιρῶν
1378 499 1457 527 πυ-
1484 488 1571 529 67

90 543 273 601 θόμενοι
309 543 357 586 τὸ
396 541 596 611 μέγεθος
613 546 692 585 τοῦ
724 542 834 585 κατὰ
861 545 1070 600 Σικελίαν
1101 542 1310 596 ἐσομένου
1338 540 1460 584 πολέ-
1489 549 1543 588 &O

90 618 200 670 μου,
244 605 337 650 ταῖς
370 599 450 654 μὲν
487 616 598 642 κατα
627 600 835 642 Σικελίαν
866 592 1099 668 συμμαχίσι
1124 583 1274 642 πόλεσι
1306 602 1459 654 φιλαν-

89 656 279 710 θρώπως
307 655 656 723 προςεφέροντο,
701 656 773 699 καὶ
801 655 912 709 πρὸς
940 656 1043 707 τοὺς
1075 655 1185 699 κατὰ
1214 655 1294 710 τὴν
1324 667 1461 709 νησον

89 712 335 768 τυράννους
359 729 439 769 την
466 712 687 766 διαφοραν
705 713 1021 763 καταλύσαντες
1040 714 1192 766 φιλίαν
1209 711 1461 763 συνέθεντο,

89 771 276 841 μάλιστα
314 770 360 813 δὲ
403 769 512 824 πρὸς
548 769 707 812 Ἱκέταν
747 768 825 813 τὸν
865 773 953 812 τῶν
991 771 1287 824 Συρακοσίων
1329 770 1458 811 δυνα-

89 827 300 871 στεύοντα
333 826 406 870 δια
434 826 481 870 τὸ
510 831 668 870 τοῦτον
687 830 837 870 πλεῖον
857 825 1030 882 ἰσχύειν.
1076 825 1200 869 αὐτοὶ
1225 826 1272 869 δὲ
1292 825 1459 881 πολλήν
1489 822 1543 867 85

90 884 277 940 δύναμιν
305 882 517 939 ναυτικήν
544 899 590 926 τε
619 883 691 927 καὶ
720 883 896 940 πεζικὴν
919 881 1356 951 παρασκευασάμενοι
1379 883 1461 925 διε·
1598 886 1606 905 ”

87 943 128 1013 β
124 942 276 1011 ’βασαν
315 942 374 992 εἰς
407 941 612 984 Σικελίαν
626 939 826 1011 ’Ἄννωνα
866 939 1106 996 στρατηγὸν
1144 938 1460 1009 ἐπιστήσαντες.

87 1014 204 1054 ειχον
233 997 279 1041 δὲ
307 1013 474 1067 μακρας
502 1001 609 1048 ναῦς
639 997 794 1040 εκατόν
821 997 895 1040 καὶ
924 998 1214 1067 πεντηκοντα,
1246 995 1461 1063 στρατιώ-

87 1072 163 1106 τας
193 1054 239 1098 δὲ
269 1053 424 1107 πεζοὺς
453 1053 532 1123 μὲν
559 1055 967 1124 πεντακιςμυρίους,
1009 1054 1180 1109 α’ρματα
1211 1053 1257 1097 δε
1287 1050 1460 1107 τριακό-

89 1123 175 1162 σια,
206 1113 449 1164 συνωρίδας
479 1110 524 1154 δε
552 1109 660 1164 νπὲρ
692 1109 769 1161 τὰς
799 1112 950 1166 διςχιλί
953 1126 1024 1161 ας,
1053 1111 1184 1180 χωρὶς
1213 1111 1279 1154 δὲ
1289 1110 1459 1154 τούτων
1489 1115 1544 1155 90

88 1167 200 1211 ὅπλα
241 1168 317 1211 καὶ
354 1168 456 1239 βέλη
493 1167 755 1211 παντοδαπὰ
789 1167 864 1211 καὶ
902 1184 1098 1223 μηχανας
1127 1168 1464 1223 πολιορκητικας

85 1220 358 1295 παμπληθεῖς
386 1226 458 1267 καὶ
488 1226 610 1268 σίτου
639 1225 712 1268 καὶ
739 1229 829 1268 τῶν
858 1222 999 1268 ἄλλων
1019 1224 1271 1296 ἐπιτηδείων
1290 1229 1460 1295 πλῆθος

87 1281 430 1351 ἀνυπέρβληητον
489 1281 560 1325 ἐπὶ
587 1280 764 1350 πρώτην
794 1281 839 1324 δὲ
871 1280 952 1338 τὴν
976 1298 1063 1324 των
1087 1279 1365 1325 Ἐντελλίνων
1384 1281 1462 1325 πό-

87 1343 158 1382 λιν
184 1338 385 1389 ἐλθόντες
413 1336 498 1395 τήν
520 1354 565 1381 τε
593 1337 740 1393 χώραν
767 1337 985 1408 ἐδῄωσαν
995 1338 1069 1381 καὶ
1096 1355 1202 1390 τους
1229 1339 1465 1394 ἐγχωρίους
1494 1343 1549 1386 95

91 1397 152 1446 εἰς
179 1397 437 1450 πολιορκίαν
457 1395 843 1439 συνέκλεισαν.οἱ
864 1395 909 1438 δὲ
937 1394 1018 1451 τήν
1046 1394 1175 1439 πόλιν
1204 1400 1464 1439 κατοικοῦν-

87 1468 158 1502 τες
185 1453 424 1506 Καμπανοὶ
459 1451 799 1521 καταπλαγέντες
837 1451 883 1496 τὸ
918 1452 1102 1522 μέγεθος
1130 1455 1207 1508 τῆς
1238 1453 1485 1508 δυνάμεως

87 1508 327 1563 ἐξέπεμψαν
355 1509 414 1560 εἰς
442 1508 518 1559 τὰς
546 1506 681 1558 α’λλας
709 1508 856 1559 πόλεις
884 1509 960 1573 (ἃς
988 1507 1227 1564 αλλοτρίως
1252 1511 1465 1568 διακειμέ-

88 1582 168 1616 νας
204 1566 313 1618 πρὸς
353 1566 685 1636 Καρχηδονίους
725 1566 822 1620 περὶ
859 1566 1081 1620 βοηθείας.
1141 1570 1249 1609 τῶν
1267 1566 1347 1621 μὲν
1382 1569 1465 1610 οὐν

88 1620 230 1665 ἄλλων
259 1621 405 1672 οὐδεὶς
431 1620 700 1692 ὑπήκουσεν·
734 1624 776 1665 οἱ
805 1621 850 1665 δε
880 1621 964 1689 τὴν
989 1625 1216 1675 Γαλαρίαν
1244 1622 1374 1666 πόλιν
1405 1625 1464 1666 οἰ-
1497 1628 1577 1668 100

76 1682 268 1728 ,κοῦντες
315 1678 554 1749 ἐξέπεμψαν
597 1677 748 1729 αὐτοῖς
777 1677 1043 1732 στρατιωτας
1081 1678 1255 1730 ὁπλίτας
1285 1681 1463 1735 χιλίους.

87 1734 260 1786 τούτοις
288 1732 332 1778 δ’
363 1733 685 1806 ὑπαντήσαντες
712 1752 754 1778 οι
786 1737 1009 1787 Φοίνικες,
1057 1738 1131 1780 καὶ
1160 1737 1466 1805 περιχυθέντες

88 1796 150 1849 τῷ
186 1790 371 1847 πλήθει,
416 1807 583 1843 παντας
611 1792 870 1842 κατέκοψαν.
931 1809 973 1835 οι
1003 1792 1049 1836 δὲ
1078 1792 1158 1849 τὴν
1186 1795 1352 1848 Αἰτνην
1382 1811 1464 1837 ua-

88 1853 338 1900 τοικοῦντες
381 1849 619 1904 Καμπανοὶ
663 1847 712 1892 τὸ
753 1865 830 1918 μεν
868 1864 1042 1902 πρωτον
1088 1850 1459 1904 παρεσκευαζοντο
1492 1854 1517 1896 5
1576 1859 1580 1864 ’

92 1908 349 1962 συμμαχίαν
379 1905 626 1961 ἐκπέμπειν
647 1907 706 1956 εἰς
718 1923 824 1976 την
842 1904 1074 1949 ’Έντελλαν
1105 1908 1176 1949 δια
1205 1907 1287 1963 τήν
1314 1909 1462 1963 συγγέ

89 1978 235 2012 νειαν,
281 1963 385 2019 μετὰ
411 1962 469 2006 ’δὲ
507 1967 646 2006 ταῦτα
682 1962 761 2018 τὴν
798 1980 888 2006 των
931 1965 1192 2017 Γαλαρίνων
1222 1965 1463 2021 συμφορὰν

91 2018 374 2070 ἀκούσαντες,
405 2019 581 2073 ε’κριναν
607 2019 790 2076 ησυχίαν
818 2020 949 2073 ἄγειν.

208 2080 299 2129 Τοῦ
341 2075 388 2120 δὲ
426 2078 672 2120 Διονυσίου
713 2078 996 2130 κυριεύοντος
1032 2081 1122 2120 τῶν
1159 2081 1464 2132 Συρακουσων
1492 2089 1550 2127 (ΞΘ

14 2129 239 2184 1351κέτας
268 2133 376 2189 ἔχων
403 2134 504 2188 περὶ
533 2132 669 2178 αὐτόν
699 2134 926 2190 αξιόλογον
958 2133 1144 2189 δύναμιν
1181 2135 1463 2189 ἐστράτευσεν
1495 2147 1548 2186 10

87 2189 158 2234 ἐπὶ
185 2189 262 2241 τὰς
291 2190 604 2262 Συρακούσας
643 2192 717 2235 καὶ
748 2191 793 2235 τό
826 2193 903 2247 μὲν
933 2207 1108 2246 πρωτον
1137 2209 1305 2247 χαρακα
1335 2195 1462 2249 βαλό-

90 2262 218 2301 μενος
253 2247 351 2301 περὶ
391 2246 439 2291 τὸ
476 2246 717 2303 Ὀλύμπιον
755 2247 992 2303 διεπολέμει
1031 2252 1092 2307 τῷ
1119 2253 1355 2301 κρατοῦντι
1383 2255 1461 2306 τῆς

89 2302 256 2355 πόλεως
283 2305 507 2366 Διονυσίῳ
539 2322 599 2362 τῳ
629 2305 844 2365 τυράννῳ.
902 2288 1186 2362 χρονιζούσης
1215 2307 1262 2350 δὲ
1291 2310 1368 2364 τῆς
1388 2325 1463 2352 πο-

91 2427 149 2462 73.
172 2458 176 2462 .
195 2426 331 2474 αὐτόν]
365 2429 489 2464 malim
513 2427 628 2466 αὐτοῦ
811 2430 868 2466 74.
915 2407 1183 2475 θαλαττοκρατ.
1192 2433 1205 2479 ]
1239 2434 1464 2479 θαλασσοκρ.

96 2484 213 2510 omnes
391 2476 448 2510 86.
493 2477 886 2522 παρασκευασάμενοι]
917 2479 1275 2522 κατασκευασάμενοι
1299 2481 1359 2514 LY
1382 2481 1464 2514 Bas.

273 2521 330 2556 87.
378 2519 501 2557 ἅνωνα
528 2525 558 2558 F
751 2525 808 2561 9⁴.
856 2523 1042 2561 εντελίνων
1076 2527 1104 2560 F
1136 2530 1169 2559 et
1195 2526 1355 2560 similiter
1378 2527 1464 2561 alibi

277 2567 334 2601 98.
381 2565 448 2609 τοὶς
469 2570 616 2604 alterum
640 2582 709 2604 om.
733 2571 813 2605 Bas.
997 2572 1054 2606 99.
1101 2571 1205 2616 περὶ]
1232 2571 1294 2607 δια
1316 2574 1398 2607 Bas.

185 2612 265 2646 10⁰.
287 2614 321 2648 7.
369 2616 613 2661 Γαλαρίαν-
622 2617 850 2661 Γαλαρίνων]
879 2619 1218 2662 Γαλερίαν-Γαλε
1208 2620 1336 2664 ρινών
1359 2618 1458 2652 libri:

93 2657 174 2692 vide
194 2661 347 2694 annotat.
524 2662 556 2698 9.
607 2666 664 2698 Σῑ
657 2665 877 2706 ρακουσιῶν
899 2665 982 2698 Bas.

185 2701 349 2741 135.12-
395 2703 593 2751 Ὀλύμπιον
617 2711 709 2744 FLT
732 2711 827 2754 Bas„
851 2712 978 2744 caeteri
1001 2706 1138 2752 Ὀλυμτ,
1143 2715 1219 2746 εῖον
1400 2710 1457 2743 13·

89 2752 276 2805 Διονυσίῳ
300 2752 351 2798 τῷ
370 2753 538 2801 τυράννῳ
561 2757 644 2798 ΕΙι,
665 2769 833 2803 τυραννω
859 2760 1045 2804 Διονυσίῳ
1070 2758 1103 2792 '1
1127 2759 1209 2793 Bas.
1201 2782 1228 2801 .‚
1252 2756 1378 2792 caeteri
1395 2768 1455 2791 τυ-

76 2796 211 2844 ράννῳ
235 2800 286 2846 τῷ
306 2801 492 2848 Διονυσίῳ
