1820 3249
513 176 632 221 Lm.
662 176 753 220 XX.
810 177 942 220 CAP.
963 181 1031 222 88.
1050 181 1119 222 89.
1326 220 1329 222 .
1396 183 1508 226 1539

49 304 118 343 470
130 292 208 347 χῆς
232 286 586 359 ἀγωνιζομένων,
614 286 959 346 ἠναγκάσθησαν
987 291 1030 334 οἱ
1057 293 1139 334 τοῦ
1167 290 1377 345 βασιλέως
1406 291 1509 336 dno-

128 348 313 417 θέμενοι
347 346 402 389 τά
438 345 550 389 ὅπλα
579 350 858 399 παραδοῦναι
887 351 1003 415 σφᾶς
1041 346 1229 399 αὐτούς,
1269 347 1390 399 ὄντες
1419 362 1509 405 σχε-
1537 359 1592 397 70

126 402 210 448 δὸν
246 403 530 473 τετρακόσιοι.
588 403 758 446 τούτων
796 403 842 446 δὲ
879 408 969 446 τῶν
1005 403 1349 473 προτερημάτων
1385 422 1508 460 γενο-

125 460 270 516 μένων
290 465 383 510 τοῖς
408 458 592 509 Ῥοδίοις
611 459 905 503 κατέπλευσαν
923 464 976 516 τῇ
1005 460 1129 504 πόλει
1151 461 1367 517 σύμμαχοι
1387 462 1507 517 παρά

125 518 206 573 μὲν
238 517 452 560 Κνωσίων
481 514 637 559 ἑκατόν
673 515 968 576 πεντήκοντα,
998 518 1115 572 παρά
1148 518 1194 561 δὲ
1234 522 1509 574 Πτολεμαίου

125 575 297 625 πλείους
325 576 413 615 τῶν
440 575 764 625 πεντακοσίων,
798 575 860 616 ὠν
888 572 1001 629 ήσάν
1028 590 1142 625 τινες
1163 574 1324 618 Ῥόδιοι
1355 582 1510 630 μισθο-

121 634 371 702 φοροῦντες
409 629 529 682 παρὰ
565 633 627 701 τῷ
657 633 880 699 βασιλεῖ.
894 631 969 674 καὶ
1005 630 1060 674 τὰ
1098 630 1177 688 μὲν
1215 632 1313 687 περὶ
1341 631 1423 689 την
1461 633 1510 676 ἐν
1538 636 1594 679 75

121 685 257 743 Ῥόδῳ
285 688 546 739 πολιορκίαν
574 686 621 730 έν
649 686 824 738 τούτοις
853 681 921 742 ἦν.

238 744 366 787 Κατὰ
402 744 448 787 δὲ
483 742 565 798 τήν
605 746 816 787 Σικελίαν
856 742 1123 813 Ἀγαθοκλῆς
1167 761 1221 788 ου
1266 743 1510 800 δυνάμενος
1538 752 1595 791 89

125 800 423 844 διαλύσασθαι
450 800 562 851 πρὸς
589 801 696 852 τούς
726 801 826 858 περὶ
845 800 1146 861 Δεινοκράτην
1175 801 1390 856 φυγάδας,
1417 801 1510 845 άνέ-

126 859 272 910 ζευξεν
327 854 398 900 ἐπ’
442 855 605 908 αὐτούς
648 856 752 928 μεθ’
797 859 848 914 ἦς
889 863 971 913 εἰχε
1021 857 1270 927 δυνάμεως,
1321 860 1511 914 νομίζων
1541 866 1596 907 80

127 913 371 979 ἀναγκαῖον
399 911 622 984 ὑπάρχειν
661 913 782 972 αὐτῷ
812 913 1159 958 διακινδυνεύειν
1187 915 1262 958 καὶ
1288 915 1512 984 παραβάλ-

127 966 284 1014 λεᾰθαι
314 970 414 1025 περὶ
442 975 530 1014 τῶν
561 971 688 1014 ὅλων.
753 960 1129 1028 συνηκολούθουν
1166 970 1210 1014 δ’
1243 969 1362 1028 αὐτῷ
1391 973 1512 1025 πεζοὶ

128 1027 209 1083 μὲν
238 1025 294 1071 ου’
322 1028 499 1078 πλείους
526 1044 616 1071 των
645 1030 1017 1083 πεντακιςχιλίων,
1049 1029 1192 1078 ἱππεῖς
1222 1028 1269 1071 δὲ
1299 1031 1358 1079 εἰς
1388 1027 1512 1072 ὀκτα-

128 1085 326 1135 κοσίους.
385 1085 430 1127 οἱ
460 1085 506 1127 δὲ
534 1085 636 1137 περὶ
663 1084 964 1153 Δεινοκράτην
992 1084 1185 1139 φυγάδες
1214 1083 1404 1138 ὁρῶντες
1432 1085 1514 1141 τὴν

126 1156 218 1184 των
250 1141 473 1211 πολεμίων
510 1139 674 1195 ὁρμήν,
712 1140 895 1196 α’σμενοι
923 1141 1198 1210 κατήντησαν
1228 1143 1287 1192 εἰς
1319 1141 1400 1198 τὴν
1434 1142 1514 1196 μά·
1543 1147 1599 1190 85

126 1213 234 1253 χην,
262 1196 386 1248 ὅντες
412 1197 753 1241 πολλαπλάσιοι·
794 1198 913 1250 πεζοὶ
939 1197 1019 1252 μὲν
1047 1197 1131 1252 γὰρ
1160 1197 1360 1253 ὑπῆρχον
1387 1201 1515 1242 πλεί-

129 1270 210 1302 ους
246 1257 338 1297 τῶν
377 1255 619 1308 διςμυρίων
655 1255 729 1298 καὶ
766 1257 1141 1308 πεντακιςχιλίων,
1180 1256 1321 1305 ἱππεις
1350 1254 1513 1299 δὀὐκ

127 1309 335 1361 ἐλάττους
370 1312 624 1378 τριςχιλίων.
690 1309 1260 1364 ἀντιστρατοπεδευσάντων
1290 1309 1333 1354 δ’
1366 1310 1514 1355 αὐτῶν

127 1366 230 1421 περὶ
265 1367 316 1410 τὸ
354 1366 628 1437 καλούμενον
659 1366 873 1436 Γόργιον,
913 1367 988 1410 καὶ
1018 1367 1124 1422 μετά
1153 1371 1292 1410 ταῦτα
1320 1384 1514 1423 παρατα-

127 1425 353 1492 ξαμένων,
381 1420 454 1467 ἐπ’
488 1422 640 1478 ὀλίγον
669 1423 747 1479 μὲι
775 1424 939 1479 χρόνον
968 1424 1152 1493 συνέστη
1181 1424 1373 1478 καρτερά
1399 1425 1513 1482 μάχη
1543 1431 1599 1472 90

129 1480 204 1524 διά
221 1480 300 1531 τάς
325 1478 590 1548 ἀμφοτέρων
617 1483 891 1536 προθυμίας·
922 1480 1028 1536 μετὰ
1056 1481 1102 1524 δὲ
1132 1485 1270 1524 ταῦτα
1299 1485 1387 1524 τῶν
1403 1483 1515 1536 πρὸς

127 1536 209 1580 τὸν
236 1535 536 1592 Δεινοκράτην
564 1537 898 1607 διαφερομένων
925 1537 1040 1588 τινὲς
1071 1536 1194 1588 ὄντες
1221 1539 1400 1588 πλείους
1427 1543 1514 1581 τῶν

127 1595 346 1663 διςχιλίων
366 1593 656 1649 μετεβάλοντο
683 1593 796 1648 πρὸς
820 1593 903 1637 τὸν
929 1592 1174 1646 τύραννον,
1204 1596 1278 1637 καὶ
1307 1599 1399 1646 τοῖς
1430 1611 1513 1650 φυ-

126 1649 257 1705 γάσιν
293 1652 427 1694 αἴτιοι
462 1650 734 1720 κατέστησαν
765 1654 843 1706 τῆς
875 1650 1145 1721 ἥττης.οῑ
1180 1650 1260 1706 μὲν
1294 1667 1379 1722 γαρ
1418 1651 1512 1707 μετ’

124 1706 437 1775 Ἀγαθοκλέους
472 1707 593 1758 ὄντες
622 1707 736 1751 πολύ
765 1711 933 1763 μᾶλλον
958 1705 1237 1776 έθάῤῥησαν,
1267 1710 1312 1750 οἱ
1341 1708 1387 1751 δὲ
1415 1713 1513 1752 Δει-
1542 1710 1598 1754 95

127 1763 324 1821 νοκράτῃ
355 1762 751 1834 συναγωνιζόμενοι
779 1763 1125 1819 κατεπλάγησαν,
1154 1764 1229 1806 καὶ
1257 1766 1515 1834 νομίσαντες

127 1822 306 1871 πλείους
336 1825 446 1864 εἰναι
467 1819 573 1872 τούς
600 1819 941 1890 ἀφισταμένους,
971 1820 1083 1874 πρὸς
1109 1821 1258 1876 φυγὴν
1289 1821 1512 1877 ὥρμησαν.

152 1874 221 1920 θ’
253 1875 278 1920 ὁ
317 1877 397 1946 μὲν
427 1876 694 1948 Ἀγαθοκλῆς
735 1877 889 1930 διώξας
919 1875 1086 1928 αὐτους
1113 1877 1237 1933 μέχρι
1265 1878 1408 1929 τινός,
1438 1879 1513 1922 καὶ

128 1937 212 1978 τοῦ
240 1932 449 2004 φονεύειν
478 1933 795 2001 ἀποσχόμενος,
828 1935 1090 1988 διεπέμψατο
1113 1934 1227 1987 πρὸς
1254 1950 1360 1985 τους
1389 1933 1513 1991 ἡττη-
1544 1940 1625 1980 100

128 1989 314 2047 μένους,
350 1988 485 2043 άξιων
524 1991 781 2060 παύσασθαι
810 1991 890 2045 μὲν
929 1995 1007 2047 τῆς
1045 1992 1288 2061 διαφορᾶς,
1324 2007 1514 2035 καταπο-

130 2051 345 2103 ρευθῆναι
385 2045 428 2091 δ’
471 2049 532 2098 εἰς
566 2048 642 2098 τὰς
681 2050 918 2102 πατρίδας·
958 2046 1182 2117 εἰληφέναι
1219 2046 1306 2104 γὰρ
1345 2047 1514 2100 αὐτους

129 2108 289 2157 πεῖραν
307 2107 392 2148 τοῦ
408 2102 613 2174 μηδέποτ’
637 2103 693 2147 ἂν
722 2103 944 2148 δύνασθαι
973 2103 1295 2176 περιγενέσθαι
1296 2105 1400 2156 τοὺς
1427 2122 1513 2161 φυ-

127 2158 266 2216 γάδας
295 2159 643 2231 ἀγωνιζομένους
677 2160 789 2216 πρὸς
828 2160 983 2213 αὐτόν,
1026 2160 1097 2204 ὅτε
1126 2162 1200 2205 καὶ
1236 2165 1323 2204 νῦν
1350 2165 1513 2207 πολλα-

129 2218 343 2269 πλασίους
380 2217 510 2269 ὄντας
547 2217 707 2269 αὐτοὺς
734 2217 974 2286 ἡττῆσθαι.
1017 2234 1106 2261 των
1137 2218 1185 2261 δὲ
1214 2216 1430 2289 φυγάδων
1465 2220 1512 2262 οι
1538 2219 1566 2263 5

129 2289 210 2327 μεν
238 2275 380 2326 ἱππεῖς
412 2273 599 2325 ἅπαντες
628 2273 713 2318 άπὸ
747 2278 825 2331 τῆς
855 2277 998 2330 φυγῆς
1027 2273 1304 2344 διεσώθησαν
1333 2276 1393 2326 εἷς
1407 2273 1513 2331 ’‘Aga-

129 2331 258 2399 βικας
285 2331 469 2386 χωρίον,
509 2336 598 2374 τῶν
627 2331 674 2375 δὲ
703 2335 846 2385 πεζῶν
875 2331 938 2375 ἔιν
942 2348 984 2374 οι
1025 2331 1104 2386 μὲν
1133 2330 1293 2383 νυκτὸς
1321 2332 1512 2402 ἐπιγενο-

130 2384 263 2443 μένης
299 2387 555 2445 διέδρασαν,
596 2405 639 2431 οι
677 2387 724 2432 δὲ
759 2389 935 2440 πλείους
972 2387 1320 2444 καταλαβόμενοι
1353 2387 1512 2447 λόφον,

223 2582 304 2619 47⁰.
351 2583 409 2619 w.
433 2586 510 2623 τῶν
530 2597 599 2622 om.
623 2587 710 2623 Bas.
878 2585 936 2621 75.
959 2585 1041 2628 περὶ
1055 2585 1131 2642 τήν
1155 2583 1196 2621 ἕν
1218 2582 1354 2633 Ρόδω]
1379 2583 1419 2621 ἐν
1443 2585 1510 2630 ῥο-

133 2629 187 2676 δῳ
209 2631 294 2673 περὶ
316 2627 385 2675 τήν
406 2632 438 2666 F
618 2634 674 2668 82.
699 2635 1019 2688 πεντακιςχιλίων]
1043 2630 1319 2687 ὀκτάκις-χιλίων
1340 2633 1388 2673 F,
1415 2636 1449 2666 et
1471 2632 1508 2665 in

132 2687 246 2720 marg.
269 2689 325 2720 γρ.
347 2689 499 2713 πεντακι
680 2680 736 2715 85.
760 2693 828 2723 την
852 2691 920 2713 om.
944 2680 973 2712 F
1121 2679 1177 2714 89.
1208 2677 1306 2723 Γόργ
1310 2681 1385 2718 ιον]
1412 2681 1510 2719 Γορ-

132 2721 262 2768 γόνιον
285 2724 315 2757 F
318 2724 417 2766 QW
448 2722 607 2781 Τόργιον
628 2726 812 2761 Cluverius
987 2724 1045 2762 90.
1068 2723 1132 2762 διά
1152 2723 1228 2769 τὰς]
1257 2724 1319 2760 δια
1344 2725 1408 2768 τῆς
1430 2723 1510 2757 FW

130 2814 155 2859 β
181 2825 248 2857 uas
266 2769 373 2850 1⁹:³5³.
397 2769 644 2818 διεπέμψατο]
667 2772 882 2818 διεπέμπετο
929 2771 1009 2806 FW
1166 2772 1201 2807 6.
1219 2770 1408 2817 Ἄμβικας]
1424 2767 1509 2814 ’Ἀμ-

157 2827 178 2849 υ

1125 2863 1233 2908 98*
