1820 3249
508 184 627 228 1213.
654 182 764 225 xlx.
825 181 959 223 GAP.
987 182 1519 230 22.23‘.1359

148 301 260 342 ’τῶν
267 314 313 342 τε
342 297 555 359 δευτέρων
579 294 817 366 ᾑγεμὸνων
832 295 906 337 καὶ
933 299 1023 338 τῶν
1051 295 1128 348 ἐξω
1157 295 1315 347 τάξεως
1341 298 1414 340 καὶ
1447 299 1524 353 φί-
1551 310 1606 349 25

155 360 246 398 λων
273 355 346 399 καὶ
374 357 627 415 στρατηγῶν
651 353 730 395 καὶ
759 355 847 394 τῶν
877 352 1064 395 ἱππέων·
1094 356 1173 396 τοῦ
1189 351 1246 396 ·6'-
1277 354 1348 396 έπὶ
1375 359 1524 407 πᾶσιν,

151 411 280 462 ὄντος
303 411 433 456 δυοῖν
442 412 649 458 σταδίων,
678 407 973 464 διειλήφεισαν
991 412 1071 481 ¹1:65,-5
1086 411 1250 461 κλισίας
1274 412 1319 453 οϊ-
1334 427 1379 454 τε
1399 424 1526 464 στρα-

152 470 276 524 τηγοὶ
304 469 379 512 καὶ
408 469 450 512 οἱ
480 466 556 517 τὰς
569 467 818 533 ἱππαρχίας
849 465 1027 520 ε’χοντες,
1058 467 1120 509 ἔτι
1149 468 1195 510 δε
1222 471 1310 509 τῶν
1341 472 1528 520 Περσῶν

153 527 198 568 οἱ
236 525 441 581 μάλιστα·
469 521 711 595 τιμώμενοι.
782 522 829 565 ἐν
876 523 991 580 μέσῳ
1035 524 1079 566 δὲ
1118 522 1288 567 τούτων
1328 523 1529 580 ’ὑπῆρχον

157 582 296 637 βωμοὶ
313 585 443 625 θεῶν
470 597 544 624 και
569 577 853 631 Ἀλεξάνδρου
881 581 951 622 καὶ
980 582 1213 623 Φιλίππου.
1255 581 1328 624 καὶ
1348 584 1424 631 τὰς
1451 597 1529 636 μεν
1560 592 1613 629 30

77 642 144 678 335
157 639 322 689 κλισίας
346 639 599 692 συνέβαινεν
619 635 666 679 ἐκ
688 635 911 691 φυλλάδος
929 635 1284 688 κατεσκευάσθαι,
1318 643 1529 706 κεκαλυμ-

154 695 291 759 μένας
315 693 516 744 αυλαίαις
545 693 618 736 καὶ
637 695 933 743 παντοδαποῖς
953 693 1288 748 περιστρώμασι,
1319 692 1531 764 χορηγού-

155 765 241 820 σης
270 755 346 806 τῆς
383 753 597 805 Περσίδος
636 752 795 804 δαψιλῆ
833 749 976 793 πάντα
1014 750 1066 794 τὰ
1103 750 1212 803 πρὸς
1235 766 1429 822 τρυφην
1457 751 1532 794 καὶ

155 806 424 859 ἀπόλαυσιν,
466 807 736 862 διεστηκέναι
772 805 817 849 δὲ
855 806 958 857 τοὺς
997 806 1190 857 κύκλους
1221 805 1299 849 ἀπ’
1334 807 1532 862 ἀλλήλων
1559 813 1614 854 35

154 863 226 907 ἐπὶ
253 863 469 908 τοσοῦτον
499 865 601 915 ω’ςτε
624 864 790 918 μηδένα
808 879 885 917 μεν
903 868 1258 919 παρενοχλεῖσθαι
1275 868 1366 907 ταὶν
1387 863 1532 907 ἑστιω-

154 920 311 977 μένων,
332 922 524 989 πλησίον
555 919 600 964 δ’
630 926 742 963 εἰναι
770 919 911 970 πάσας
940 922 1016 970 τάς
1045 933 1239 974 παρασκε
1235 937 1342 970 vag.
1452 964 1454 967 ,

270 975 465 1045 Πᾷντων
487 978 533 1021 δὲ
560 977 669 1045 κατὰ
698 976 864 1029 τρόπον
901 975 1269 1032 υπηρετουμένων
1298 978 1351 1020 ἐπ
1355 978 1532 1033 εσημαὶ-
1561 987 1617 1026 23

155 1050 255 1078 νετο
283 1034 333 1077 τὸ
363 1038 530 1090 πλῆθος
558 1049 639 1089 την
666 1038 748 1076 τοῦ
771 1033 1021 1076 Πευκέστου
1051 1036 1317 1103 προθυμίαν,
1346 1035 1420 1078 καὶ
1451 1051 1531 1090 φα-
1561 1041 1617 1084 40

156 1091 284 1143 νερός
310 1088 369 1146 ἦν
395 1090 666 1140 ἐπιδεδωκὼς
695 1089 809 1132 πολύ
839 1089 950 1144 πρὸς
979 1090 1169 1133 εὔνοιαν.
1230 1090 1257 1134 ἃ
1276 1092 1337 1146 δη
1340 1096 1533 1160 θεωρῶν

156 1147 381 1216 Ευμένης,
420 1148 493 1190 καὶ
524 1144 882 1200 συλλογιζόμενος
911 1147 988 1189 τὸν
1021 1147 1270 1216 Πευκέστην
1310 1148 1538 1191 πολιτεύε-

156 1209 264 1248 σθαι
291 1203 403 1258 πρὸς
430 1202 480 1246 τὸ
511 1207 680 1258 πλῆθος
708 1207 783 1258 τῆς
812 1205 1068 1258 στρατηγίας
1098 1202 1378 1258 ὀρεγόμενον,
1411 1202 1539 1248 ἐπλά-

158 1273 262 1304 σατο
291 1262 467 1312 ψευδεῖς
497 1257 738 1310 ἐπιστολάς.
800 1259 871 1302 δια
902 1259 947 1302 δὲ
981 1259 1150 1303 τούτων
1188 1260 1293 1310 τούς
1323 1277 1368 1304 τε
1401 1273 1537 1316 στρα-

157 1316 316 1368 τιώτας
353 1315 583 1387 εὐθαρσεῖς
619 1315 728 1370 πρὸς
765 1333 842 1367 τας
853 1333 1008 1386 μαχας
1035 1316 1323 1360 ’κατεσκεύασε
1354 1319 1427 1360 καὶ
1456 1321 1537 1362 τοῦ
1567 1322 1621 1366 45

158 1374 410 1418 Πευκέστου
438 1373 517 1416 τόν
539 1373 683 1444 ὄγκον
711 1372 785 1416 καὶ
814 1371 862 1416 τό
892 1373 1123 1429 πρόσχημα
1147 1373 1421 1425 ’ταπεινώσας
1442 1375 1538 1418 ἑαυ-

157 1431 238 1474 τὸν
280 1433 339 1482 εἰς
378 1429 501 1482 ὕψος·
534 1428 666 1485 ’ἤγαγε
706 1430 780 1473 καὶ
818 1433 1086 1501 προςδοκίαν
1123 1431 1312 1475 ἐλπίδων
1355 1429 1538 1487 ἀγαθῶν

158 1503 298 1559 παρα
315 1492 406 1538 τοῖς
440 1487 668 1558 πλήθεσιν.
726 1490 784 1542 ἠν
823 1484 864 1529 δ’
906 1485 930 1529 ὁ
970 1499 1077 1537 νους
1108 1492 1198 1530 τῶν
1226 1490 1538 1544 γεγραμμένων

159 1544 225 1588 ὅτι
254 1543 301 1588 τὸ
333 1544 413 1600 μὲν
440 1542 726 1597 Ἀλεξάνδρου
756 1544 934 1586 παιδίον
957 1542 1198 1598 Ὀλυμπιὰς
1218 1549 1541 1615 παραλαβοῦσα

157 1601 410 1656 κεκόμισται
438 1602 511 1645 καὶ
539 1599 619 1668 τήν
648 1602 931 1650 Μακεδονίας
962 1603 1186 1655 βασιλείαν
1205 1605 1385 1655 κυρίως
1416 1600 1540 1645 ἀναι-
1571 1603 1625 1645 50

95 1702 99 1710 ,
161 1659 367 1712 ρεθέντος
398 1657 715 1712 Κασσανδρου,
759 1658 1087 1729 Πολυσπέρχων
1116 1659 1162 1702 δὲ
1193 1659 1451 1714 διαβέβηκεν
1483 1661 1543 1711 εἰς

156 1713 305 1758 Ἀσίαν
347 1714 459 1769 πρὸς
499 1713 748 1769 Ἀντίγονον
786 1714 896 1768 ἔχων
934 1731 1010 1770 της
1033 1719 1276 1786 βασιλικῆς
1313 1715 1544 1784 δυνάμεως

160 1771 255 1844 τὴν
270 1773 503 1827 κρατίστην
528 1772 601 1816 καὶ
621 1787 725 1821 τους
747 1771 996 1825 ἐλέφαντας
1029 1772 1116 1814 ἔστι
1140 1773 1186 1815 δὲ
1220 1772 1429 1827 προάγων
1459 1774 1543 1844 η’δη

161 1829 261 1882 ’περὶ
290 1830 629 1872 Καππαδοκίαν
684 1825 712 1883 ἡ
745 1826 784 1870 δ’
805 1828 1021 1899 ἐπιστολή
1057 1831 1243 1882 Συρίοις
1268 1832 1542 1900 γεγραμμένη
1573 1830 1627 1873 55

162 1884 413 1957 γράμμασιν
442 1883 679 1928 ἀπέσταλτο
710 1883 815 1937 παρ’
843 1883 1053 1938 Ὀρόντου
1080 1889 1160 1928 τοῦ
1180 1889 1446 1942 σατραπείαν
1464 1887 1543 1943 μὲν

163 1941 338 1997 ἔχοντος
360 1939 603 1997 Ἀρμενίας,
635 1944 769 1996 φίλου
796 1939 840 1983 6'
871 1940 999 1992 ὄντος
1020 1942 1256 2011 Πευκέστῃ.
1299 1947 1543 1987 πιστευθεί-

165 2011 242 2055 σης
282 2000 328 2042 δὲ
364 2003 440 2054 τῆς·
469 1999 694 2053 ἐπιστολῆς
724 1996 795 2041 διὰ
811 1996 906 2067 τὴν
937 1999 1177 2052 συνήθειαν
1205 2000 1284 2071 τὴν
1313 2001 1543 2056 προϋπαρ-

164 2066 332 2111 χουσαν
361 2060 452 2105 τοῖς
490 2054 751 2109 σατράπαις,
799 2053 822 2097 ὁ
864 2056 942 2109 μὲν
967 2055 1171 2127 Ἐύμένης
1201 2056 1396 2101 ἐκέλευσε
1426 2075 1544 2112 περι-

165 2116 354 2168 ἐνεγκεῖν
381 2112 457 2155 καὶ
487 2114 621 2161 δεῖξαι
650 2116 741 2162 τοῖς
769 2127 814 2154 τε
825 2109 1025 2181 ἡγεμόσι
1054 2113 1125 2156 καὶ
1144 2130 1234 2156 των
1253 2113 1397 2184 α’λλων
1418 2127 1545 2170 στρα-
1575 2124 1628 2164 60

165 2172 334 2213 τιωτών
369 2173 463 2221 τοῖς
500 2168 837 2220 πλείστοις.τό
876 2169 922 2213 δὲ
953 2169 1248 2225 στρατόπεδον
1279 2170 1396 2215 ἅπαν
1424 2189 1546 2229 μετε-

167 2279 224 2315 26.
270 2285 347 2325 post
371 2279 480 2322 ὄντος
502 2294 572 2317 οιιι.
597 2277 699 2322 εντὸς
722 2283 756 2317 Τ
782 2283 882 2325 Bas„
907 2283 1070 2317 astensco
1094 2286 1230 2320 notavit
1254 2286 1456 2330 Stephanus

218 2356 219 2359 ,
263 2329 391 2372 δυοῖν]
421 2330 522 2365 δυεῖν
546 2330 626 2364 Ba..
787 2330 844 2363 ²7.
885 2330 923 2371 οξ,
947 2343 1016 2364 οιιι.
1040 2331 1071 2364 F
1235 2332 1292 2366 28.
1332 2332 1406 2376 ἔτι]
1435 2333 1496 2370 ἐπὶ
1520 2335 1549 2369 F

260 2373 340 2411 335.
369 2376 425 2409 31.
473 2355 769 2418 κεκαλυμμένας]
795 2376 1062 2420 κεκαλλυμένας
1084 2378 1166 2411 Bas.
1349 2377 1549 2426 αὐλαίαις]

171 2415 342 2463 αὕχαίαις
364 2421 437 2463 TV
464 2419 662 2463 αὗχμαίαις
684 2422 766 2456 Bas.
951 2423 1008 2457 32.
1055 2424 1143 2481 τῆς]
1171 2421 1209 2458 δε
1234 2427 1300 2468 τῆς
1324 2426 1404 2460 Bas·

168 2463 227 2498 35.
273 2465 416 2510 μηδένα
438 2468 559 2511 QVW,
583 2468 757 2513 caeterip
760 2466 825 2514 ηδὲ
813 2481 850 2502 ν
1034 2467 1077 2513 μὲ
1082 2483 1101 2503 ν
1130 2475 1464 2525 παρενοχλεῖσθαι]
1491 2473 1555 2518 ἐμ-

169 2515 476 2555 παρενοχλεῖσθαι
497 2514 587 2557 FQV
593 2514 639 2548 w
821 2514 879 2550 36.
926 2528 1000 2549 των
1025 2514 1252 2560 εστιωμένων
1278 2520 1331 2562 Q!
1342 2520 1398 2562 W
1429 2520 1556 2556 caeteri

170 2556 260 2597 τούς
284 2556 523 2601 ἑστιωμένους
705 2559 762 2594 40.
812 2559 996 2606 φανερός]
1024 2563 1189 2605 φανερόν
1214 2565 1291 2598 WY
1315 2566 1400 2600 Bas.

170 2602 229 2636 43.
275 2601 485 2647 ἐπλάσατο]
520 2603 724 2642 ἐπλάσσατο
750 2609 781 2641 F
989 2609 1047 2644 45.
1094 2607 1134 2644 τὰ
1159 2621 1228 2644 οιιι.
1252 2612 1334 2646 Bas.

547 2663 563 2686 ε
723 2664 740 2687 ε

173 2694 439 2737 κατεσκεύασε]
475 2696 747 2733 κατασκεύοὶσαι
769 2700 798 2733 F
982 2699 1040 2735 53.
1091 2699 1222 2746 imon]
1210 2701 1262 2737 ε’τι
1283 2703 1365 2737 Bas.

171 2739 349 2798 προάγων
373 2743 589 2786 Stephanus:
622 2744 703 2778 mni
727 2744 924 2789 προςιὶγων
1116 2747 1172 2781 55.
1219 2749 1313 2792 παρ’
1338 2751 1390 2791 F,
1427 2749 1553 2783 caeteri

170 2786 275 2828 παρὰ
467 2788 637 2824 515.τοῦ
659 2775 1555 2858 οω.’1”15ιε.Ἅρμενίας]Ἐέυιιειιάς

171 2834 200 2867 1
226 2834 306 2869 Bas.
490 2834 547 2870 (20.
593 2839 824 2880 στρατιωτῶν
849 2851 917 2873 οιιι.
939 2839 987 2873 W
