1820 3249
316 135 428 178 1048
712 128 978 171 L!B.XV1.
1032 129 1309 173 cAP.7.8.

324 259 404 316 μεν
430 240 536 293 τούς
562 241 786 293 Βοιωτοὺς
813 244 902 285 τῶν
933 242 981 286 δὲ
1015 242 1119 295 τούς
1154 240 1417 297 Ἀθηναίους
1454 240 1704 285 ἐπικαλεσα-

332 302 490 370 μένων,
520 298 702 353 συνέστη
732 298 921 354 πόλεμος
949 299 1060 343 κατὰ
1081 315 1169 370 την
1189 299 1403 354 Εὔβοιαν.
1459 298 1708 369 γενομένων

252 363 306 403 80
337 359 383 402 δε
413 355 626 401 πλειόνων
656 360 921 424 συμπλοκῶν
951 357 1025 400 καὶ
1064 354 1419 427 ἀκροβολισμῶν,
1455 354 1524 399 ὁτὲ
1557 356 1637 423 μὲν
1666 356 1712 398 οἱ

336 417 522 485 Θηβαῖοι
551 411 832 481 ἐπροτέρουν,
861 412 931 456 ὁτε
961 411 1006 456 6'
1037 415 1079 456 οἱ
1104 412 1340 481 Ἀθηναῖοι
1357 411 1439 466 τὴν
1459 413 1587 467 νίκην
1611 409 1710 454 ἀπε-

336 473 543 528 φέροντο.
603 467 765 539 μεγάλη
793 468 872 525 μὲν
905 471 988 513 οὑν
1018 468 1256 540 παράταξις
1286 466 1470 522 οὐδεμία
1491 467 1713 511 συνετελέ-

338 534 448 583 σθη·
496 529 573 580 τῆς
614 526 660 569 δὲ
696 525 837 581 νησου
879 525 951 570 διά
989 527 1067 570 τὸν
1107 525 1320 595 ἐμφύλιον
1357 523 1550 595 πόλεμον
1578 541 1715 568 κατα-

342 584 615 651 φθαρείσης,
664 582 740 625 καὶ
780 586 956 626 πολλῶν
1003 581 1256 637 ἀνθρώπων
1302 578 1410 635 παρ’
1453 581 1716 654 ἀμφοτέρων

260 638 315 683 85
345 637 708 697 διαφθαρέντων,
736 638 862 710 μόγις
889 644 983 690 ταΐς
1012 644 1263 709 συμφοραῖς
1289 638 1629 707 νουθετηθέντες
1656 639 1717 689 εἰς

343 697 567 766 ὁμόνοιαν
593 698 746 765 ἡλθον
761 696 836 740 καὶ
864 695 945 752 τὴν
966 696 1150 767 εἰρήνην
1179 696 1414 740 συνέθεντο
1443 695 1555 748 πρὸς
1583 693 1716 750 ἀλλή-

343 759 464 805 λους.
525 753 567 795 οἱ
596 769 687 822 μεν
692 754 774 796 οὐν
793 753 980 796 Βοιωτοὶ
1008 753 1103 825 τὴν..
1117 755 1177 804 εἰς
1206 750 1332 796 οἶκον
1361 751 1577 795 ἐπάνοδον
1593 767 1717 807 ποιη-

347 810 528 866 σάμενοι
554 809 633 879 τὴν
661 806 853 879 ἡσυχίαν
875 806 1103 879 ἦγον.οί
1138 807 1182 853 δ’
1210 807 1465 879 Ἀθηναῖοι,
1495 809 1615 851 Χίων
1643 808 1719 852 καὶ

340 867 523 910 Ῥοδίων
553 865 627 909 καὶ
657 864 801 923 Κῴων
831 865 892 910 ἔτι
921 866 968 909 δὲ
987 867 1251 936 Βυζαντίων
1279 862 1590 916 ἀποστάντων,
1631 865 1718 908 ἐνέ-

259 925 315 967 90
346 935 482 968 πεσον
521 923 582 973 εἰς
603 910 811 992 πόλέμον
860 922 939 966 τόν
977 920 1281 979 ὀνομασθέντα
1317 920 1619 989 συμμαχικόν,
1669 920 1718 972 ὃς

348 979 557 1035 διέμεινεν
588 978 657 1048 ἔτη
686 981 800 1032 τρία.
857 978 1054 1049 ἑλόμενοι
1083 981 1130 1024 δὲ
1159 979 1427 1042 στρατηγοὺς
1450 977 1629 1046 Χάρητα
1646 978 1720 1022 καὶ

347 1037 550 1107 Χαβρίαν
576 1033 829 1080 ἀπέστειλαν
856 1036 962 1092 μετὰ
990 1036 1227 1092 δυνάμεως.
1285 1041 1409 1079 οὑτοι
1434 1035 1481 1079 δὲ
1509 1033 1721 1078 πλεύσαν-

347 1110 414 1145 τες
452 1093 522 1137 ἐπὶ
559 1093 638 1148 την
668 1095 777 1137 Χίον
814 1094 1056 1150 κατέλαβον
1086 1091 1441 1165 παραγεγονότας
1469 1090 1723 1161 συμμάχους

263 1152 319 1197 96
347 1155 440 1200 τοῖς
470 1150 598 1200 Χίοις
626 1148 746 1206 παρὰ
776 1152 1028 1202 Βυζαντίων
1055 1151 1130 1194 καὶ
1156 1149 1336 1193 Ῥοδίων
1365 1150 1439 1192 καὶ
1468 1148 1630 1205 Κῴων,
1661 1147 1723 1192 ε’τι

350 1207 404 1251 δὲ
425 1203 687 1250 Μαυσωλου
715 1209 794 1249 τοῦ
819 1209 984 1261 Καρων
1013 1206 1249 1250 δυνάστου.
1310 1193 1558 1257 ἐκτάξαντες
1580 1204 1625 1248 δὲ
1642 1204 1723 1274 τὴν

350 1262 543 1333 δύναμιν
571 1262 862 1317 ἐπολιόρκουν
867 1264 969 1321 τὴν
997 1262 1127 1307 πόλιν
1154 1261 1264 1307 κατὰ
1292 1266 1376 1319 γῆν
1405 1261 1495 1318 ἅμα
1519 1261 1592 1305 καὶ
1614 1278 1725 1304 κατα

349 1318 588 1364 θάλατταν.
647 1318 670 1363 6
711 1336 792 1389 μεν
830 1322 912 1364 οὐν
948 1319 1096 1391 Χάρης
1136 1324 1217 1363 τοῦ
1245 1323 1377 1372 πεζοῦ
1404 1316 1725 1388 στρατεύματος

351 1375 599 1445 ηγούμενος
628 1392 738 1419 κατα
767 1379 850 1432 γῆν
879 1392 1062 1449 προςηει
1083 1382 1174 1428 τοῖς
1183 1378 1357 1445 τείχεσι,
1388 1376 1463 1418 καὶ
1483 1374 1593 1430 πρὸς
1615 1391 1725 1425 τους

242 1438 324 1479 100
353 1438 429 1490 τῆς
467 1432 635 1483 πόλεως
671 1433 933 1501 ἐκχυθέντας
973 1432 1043 1477 ἐπ’
1086 1432 1223 1477 αὐτόν
1261 1434 1557 1488 διηγωνίζετο·
1612 1429 1636 1475 6
1677 1431 1724 1475 δὲ

352 1491 551 1560 Χαβρίας
590 1488 890 1545 προςπλεύσας
935 1495 998 1561 τῷ
1044 1489 1193 1558 λιμένι
1230 1491 1477 1559 ναυμαχίαν
1512 1487 1726 1543 καρτερὰν

352 1545 669 1602 συνεστήσατο,
709 1547 784 1590 καὶ
811 1550 887 1616 τῆς
915 1538 1023 1604 νεώς
1052 1553 1143 1598 τοῖς
1176 1545 1378 1602 ἐμβόλοις
1409 1544 1726 1601 ἀναρραγείσης

349 1608 642 1648 κατεπονεῖτο.
700 1605 744 1646 οἱ
782 1620 862 1658 μεν
900 1606 981 1647 οὐν
1010 1603 1077 1647 ἐπὶ
1104 1607 1194 1646 τῶν
1226 1603 1368 1647 ἄλλων
1396 1618 1508 1645 νεων
1538 1604 1727 1653 εἴξαντες

349 1664 412 1718 τῷ
440 1664 580 1729 καιρῷ
610 1659 898 1730 διεσώθησαν,
929 1658 952 1703 6
984 1659 1031 1704 δ’
1059 1658 1155 1703 ἀντὶ
1183 1663 1269 1729 τῆς
1280 1659 1408 1727 η’ττης
1434 1657 1726 1712 ἀλλαξάμενος

295 1719 322 1762 5
351 1719 429 1760 τὸν
467 1705 621 1760 εύκλεα
657 1715 857 1760 θάνατον
891 1715 1206 1773 ἀγωνιζόμενος
1241 1715 1353 1770 ὑπερ
1393 1719 1469 1772 τῆς
1503 1714 1613 1766 νεώς
1650 1716 1725 1759 καὶ

347 1773 532 1830 τρωθεὶς
553 1771 810 1843 ἐτελεύτησε.

291 1835 321 1876 8
463 1830 577 1885 Περι
606 1829 652 1873 δὲ
681 1829 786 1881 τοὺς
815 1828 978 1880 αὐτούς
1004 1820 1189 1884 καιρους
1220 1830 1435 1879 Φίλιππος
1465 1826 1489 1870 6
1519 1830 1608 1870 τῶν
1629 1829 1725 1869 Μα-

349 1884 545 1931 κεδόνων
577 1885 778 1958 βασιλεύς
806 1885 968 1942 μεγάλῃ
998 1886 1234 1940 παρατάξει
1263 1900 1500 1940 νευικηκως
1526 1884 1630 1934 τοὺς
1653 1880 1727 1926 Ἰλ-

265 1950 319 1990 10
347 1941 529 1997 λυριοὺς
555 1942 631 1986 καὶ
669 1942 838 1994 πάντας
879 1944 983 1994 τοὺς
1019 1942 1143 2013 μέχρι
1162 1946 1244 2013 τῆς
1272 1943 1532 1996 Λυχνίτιδος
1561 1943 1726 2010 καλου-

345 1999 476 2056 μένης
505 2000 658 2056 λίμνης
684 2003 999 2051 κατοικοῦντας
1027 1997 1257 2056 υπηκόους
1285 1997 1598 2054 πεποιημένος,
1627 1994 1726 2040 ἀνέ-

345 2063 519 2112 καμψεν
552 2057 612 2107 εἷς
640 2073 721 2112 την
750 2058 1060 2109 Μακεδονίαν,
1105 2055 1433 2110 συντεθειμένος
1462 2054 1641 2105 ἐνδοξον
1671 2054 1726 2097 εἶ-

347 2113 489 2182 ρήνην
525 2111 638 2166 πρὸς
682 2113 786 2164 τοὺς
822 2112 1086 2166 Ἰλλυριούς,
1141 2111 1401 2182 περιβόητός
1433 2127 1476 2154 τε
1513 2109 1728 2165 ὑπάρχων

348 2168 469 2223 παρὰ
507 2174 598 2220 τοῖς
634 2167 892 2213 Μακεδόσιν
931 2170 1002 2214 ἐπι
1036 2174 1128 2221 τοῖς
1161 2169 1221 2213 δι’
1254 2168 1461 2222 ἀνδρείαν
1489 2173 1728 2219 κατωρθω-

267 2226 319 2270 15
350 2225 509 2281 μένοις.
569 2224 692 2295 μετὰ
704 2227 751 2270 δὲ
780 2231 918 2270 ταῦτα
946 2243 1035 2270 των
1075 2226 1156 2282 τὴν
1179 2225 1442 2281 Ἀμφίπολιν
1482 2221 1729 2267 οἰκούντων

341 2282 581 2336 ἀλλοτρίως
611 2281 721 2334 πρὸς
752 2282 888 2327 αὐτὸν
910 2283 1200 2326 διατεθέντων
1229 2282 1301 2326 καὶ
1330 2281 1494 2331 πολλὰς
1522 2279 1728 2350 ἀφορμὰς

342 2338 514 2383 δόντων
545 2340 605 2389 εἰς
634 2339 847 2395 πόλεμον,
893 2339 1173 2394 ἐστράτευσεν
1206 2337 1272 2382 ἐπ’
1306 2336 1472 2387 αὐτούς
1511 2335 1724 2392 ἀξιολόγῳ
1743 2343 1787 2378 88

342 2394 537 2449 δυνάμει.
595 2411 886 2452 προςαγαγων
917 2396 963 2439 δὲ
992 2401 1084 2447 τοῖς
1110 2397 1263 2465 τείχεσι
1291 2394 1517 2463 μηχανάς,
1541 2393 1616 2436 καὶ
1644 2408 1726 2436 πο-

341 2450 572 2507 λιορκίας’
554 2467 762 2509 ενεργους
783 2453 857 2496 καὶ
875 2457 1067 2511 συνεχεῖς
1085 2451 1393 2508 ποιησάμενος,
1417 2449 1625 2506 κατέβαλε
1645 2449 1726 2505 μὲν

346 2585 405 2622 80.
440 2583 662 2643 ἐπροτέρουν
686 2588 769 2625 Bas.
761 2612 791 2630 .‚
817 2587 945 2623 caeteri
967 2588 1192 2631 προετέρουν
1375 2587 1433 2622 81.
1475 2584 1516 2621 δε
1540 2584 1602 2629 οἱ]
1627 2581 1668 2620 δ’
1691 2584 1723 2618 F

340 2634 424 2668 Bas
611 2630 856 2679 ἀμφοτέρων]
908 2645 941 2668 v,
970 2635 1068 2678 adp
1073 2634 1186 2669 .35o.
1209 2632 1266 2668 53.
1452 2632 1509 2666 98.
1546 2630 1722 2687 προςῄει]

341 2676 519 2723 προςήκει
542 2679 574 2713 Y
736 2680 816 2717 100.
847 2676 979 2724 αὐτόν]
1006 2646 1147 2721 αὕρτούς
1168 2681 1197 2715 L
1221 2685 1254 2714 et
1274 2678 1511 2723 suprascripto
1536 2677 1580 2713 ὸν
1603 2679 1633 2712 F

436 2724 470 2760 8.
515 2724 609 2765 τούς
629 2721 828 2771 Ἰλλυριούς
851 2738 920 2760 om.
947 2727 976 2759 F
1000 2730 1034 2762 et
1056 2726 1171 2762 nescio
1194 2726 1254 2772 qui
1273 2724 1498 2770 Wesselingii
1667 2721 1723 2757 12.

344 2769 566 2818 περιβόητός
592 2772 652 2815 τε]
677 2784 716 2807 τε
738 2783 808 2808 om.
832 2773 895 2809 FT
919 2772 1001 2808 Bas.
