1820 3249
462 182 1111 226 LIB.XV1.·CAP.14.15
1291 231 1293 234 f
1364 183 1477 226 1⁰55

107 316 227 371 φων
240 297 535 355 Λυκόφρονος
570 297 644 340 καὶ
688 294 933 365 Τισιφόνου
967 271 1286 365 ἐδολοφονήθη.
1353 289 1479 339 οὗτοι
1507 297 1562 342 65

49 359 153 401 93δὲ
181 355 231 401 τὸ
261 356 339 412 μὲν
356 358 543 409 πρῶτον
573 353 632 405 ὡς
660 351 1005 408 τυραννοκτόνοι
1035 351 1258 424 μεγάλης’
1242 350 1479 407 ετύγχανον

107 412 337 481 ἀποδοχῆς,
366 410 553 466 ὕστερον
582 411 628 454 δὲ
659 410 1011 480 μετανοήσαντες,
1041 410 1113 453 καὶ
1136 409 1242 459 τούς
1263 408 1481 477 μισθοφό-

108 487 233 526 ρους,
243 468 450 538 χρήμασι
462 470 708 519 πείσαντες,
748 465 970 518 ἀνέδειξαν
1007 466 1190 518 ἑαυτούς
1218 465 1479 519 τυράννους,

107 528 180 572 καὶ
197 525 387 577 πολλους
406 525 484 580 μὲν
503 528 591 567 τῶν
609 522 989 577 αντιπραττόντων
1013 523 1200 575 α’νεῖλυν,
1220 539 1247 567 2:
1251 534 1482 592 ατασκευα-

107 582 289 638 σοι’μενοι
317 583 364 626 δὲ
390 581 470 653 τὴν
500 581 689 653 δύναμιν
718 580 947 649 ἀξιόλογον
977 583 1051 638 βία
1065 585 1280 651 κατεῖχον
1297 579 1375 634 τήν
1407 577 1480 633 ἅρ-
1511 587 1566 626 70

106 639 302 710 χήν.οἱ
331 636 376 682 δ’
403 636 630 683 Ἀλευάδαι
664 636 950 692 καλούμενοι
960 655 1080 690 παρα
1111 643 1204 688 τοῖς
1238 640 1483 688 Θετταλοῖς,

107 695 169 740 δι’
204 694 441 765 εὐγένειαν
455 695 502 738 δὲ
532 693 698 765 αξίωμα
729 696 895 749 ἔχοντες
924 693 1208 764 περιβόητον,
1251 692 1485 747 ἀντέπρατ-

105 769 185 796 τον
212 758 302 803 τοῖς
329 751 573 805 τυράννοις.
633 750 716 795 οὐκ
755 751 877 802 ὄντες
916 752 962 794 δὲ
1002 750 1109 795 καθ’
1149 750 1334 801 έαυτους
1370 749 1485 802 ἀξιό-

105 826 257 865 μαχοι,
303 808 628 868 προςελάβοντο
665 811 886 852 Φίλιππον
916 808 1144 864 σύμμαχον
1172 808 1250 851 τὸν
1281 804 1483 850 Μακεδό-
1513 810 1568 851 75

106 882 198 910 νων
229 865 419 921 βασιλέα.
478 869 606 917 οὑτος
647 864 690 909 δ’
736 866 992 909 ἐπανελθών
1033 868 1092 917 εἰς
1132 865 1211 920 τὴν
1245 866 1484 908 Θετταλίαν

106 924 420 993 κατεπολέμησε
448 939 554 974 τους
583 923 841 976 τυράννους,
871 923 944 965 καὶ
973 928 1067 973 ταῖς
1099 921 1277 965 πόλεσιν
1301 920 1485 990 ἀνακτη-

108 980 242 1035 σάμεν
248 996 295 1030 ος
319 980 399 1035 τὴν
429 979 679 1035 ἐλευθερίαν
709 979 899 1050 μεγαλην
940 980 1117 1023 εὔνοιαν
1157 981 1216 1030 εἰς
1246 977 1351 1029 τούς
1383 982 1485 1021 Θετ-

106 1037 268 1088 ταλους
315 1037 570 1088 ἐνεδείξατο·
623 1037 770 1089 διόπερ
817 1036 865 1079 έν
902 1042 996 1088 ταῖς
1027 1052 1088 1105 με
1091 1035 1143 1078 τοὶ
1183 1039 1321 1079 ταῦτα
1364 1052 1485 1089 πρα-

109 1096 225 1146 ξεσιν
269 1095 333 1136 αει
373 1093 700 1164 συναγωνιστάς
728 1094 848 1148 ε’σχεν
890 1091 944 1136 οὐ
983 1091 1123 1148 μόνον
1162 1092 1320 1145 αὐτός,
1374 1091 1483 1135 αλλὰ
1513 1099 1567 1137 80

107 1151 182 1194 καὶ
220 1150 324 1206 μετὰ
369 1154 507 1193 ταῦτα
548 1149 571 1193 6
611 1151 706 1200 υιὸς
745 1149 1033 1204 Ἀλέξανδρος.
1093 1153 1181 1192 τῶν
1218 1149 1264 1193 δὲ
1305 1161 1486 1219 συγγρα-

109 1207 230 1276 φέων
257 1206 516 1262 Δημόφιλος
535 1207 613 1262 μὲν
637 1206 660 1250 6
685 1206 878 1275 Ἐφόρου
905 1211 985 1250 τοῦ
1017 1206 1363 1276 ἱστοριογράφου
1389 1205 1487 1257 υἱός

107 1262 187 1306 τόν
225 1265 578 1319 παραλειφθέντα
616 1263 807 1320 πόλεμον
844 1263 932 1307 ὑπὸ
971 1280 1049 1306 του
1088 1263 1278 1335 πατρόμς
1325 1262 1488 1334 ὀνομα-

107 1319 270 1364 σθέντα
300 1320 345 1364 δὲ
386 1322 528 1374 ἱερόν,
578 1320 943 1376 συντεταγμένος,
983 1320 1186 1364 ἐντεῦθεν
1212 1337 1377 1391 ηρκται
1398 1318 1484 1363 ἀπὸ

109 1381 185 1433 τῆς
211 1376 490 1449 καταλήψεως
518 1382 602 1421 τοῦ
630 1377 678 1421 ἐν
706 1383 899 1433 Δελφοῖς
929 1379 1052 1432 ἱεροῦ
1077 1378 1149 1420 καὶ
1169 1382 1243 1433 τῆς
1266 1375 1487 1448 συλήσεως
1516 1377 1571 1420 85

109 1438 190 1477 τοῦ
220 1438 434 1495 μαντείου
462 1433 552 1477 υπὸ
588 1434 841 1490 Φιλομήλου
871 1439 951 1478 τοῦ
984 1435 1184 1485 Φωκέως.
1243 1434 1409 1489 ἐγένετο
1441 1433 1485 1478 δ’

109 1489 134 1534 ὁ
166 1489 351 1559 πόλεμος
381 1495 509 1542 οὑτος
539 1491 609 1560 ε’τη
640 1492 812 1542 ἕνδεκα,
855 1492 934 1542 ἕως
964 1495 1039 1546 τῆς
1071 1495 1246 1545 φθορᾶς
1277 1508 1365 1534 των
1395 1493 1487 1535 δια-

109 1546 382 1602 νειμαμένων
409 1547 462 1590 τὰ
493 1548 588 1601 ἱεροὶ
625 1547 843 1603 χρήματα·
877 1549 1176 1604 Καλλισθένης
1207 1548 1252 1591 δὲ
1265 1548 1363 1603 ’τήν
1395 1551 1486 1591 τῶν

104 1603 365 1659 Ἑλληνικων
404 1604 673 1660 πραγμάτων
721 1605 919 1657 ἱστορίαν
965 1606 1185 1659 γέγραφεν
1232 1604 1278 1647 έν
1319 1607 1486 1660 βίβλοις
1516 1614 1570 1654 90

93 1661 227 1711 ,δέκα,
257 1661 330 1703 καὶ
358 1661 655 1731 κατέστροφεν
685 1664 744 1712 εἰς
780 1678 859 1716 την
887 1660 1132 1716 κατάληψιν
1161 1665 1241 1704 τοῦ
1266 1663 1390 1715 ἱεροῦ
1413 1662 1488 1704 καὶ

106 1720 402 1790 παρανομίαν
451 1717 703 1774 Φιλομήλου
752 1723 832 1760 τοῦ
876 1718 1091 1768 Φωκέως
1143 1719 1333 1768 Δίυλλος
1376 1717 1420 1760 δ
1461 1717 1486 1762 6

106 1771 338 1844 Ἀθηναῖος
374 1776 533 1830 ἦρκται
571 1779 646 1831 τῆς
683 1776 876 1829 ἱστορίας
916 1773 1001 1817 ἀπὸ
1043 1778 1119 1831 τῆς
1159 1773 1487 1830 ἱεροσυλήσεως,

110 1832 185 1874 καὶ
210 1830 409 1902 γέγραφε
430 1834 611 1902 βίβλους
640 1833 776 1875 εἴκοσι
805 1833 877 1874 καὶ
899 1829 1019 1883 ἑπτά,
1048 1834 1385 1887 συμπεριλαβών
1406 1833 1486 1875 πά-

111 1900 190 1940 σας
217 1889 293 1939 τὰς
322 1888 369 1930 ἐν
397 1893 488 1940 τοῖς
521 1888 695 1959 χρόνοις
721 1887 892 1940 τούτοις
919 1889 1154 1945 γενομένας
1183 1888 1359 1943 πράξεις
1387 1891 1488 1946 περί
1516 1893 1571 1936 95

110 1961 155 1988 τε
183 1946 263 1997 τὴν
288 1944 472 1989 Ἑλλαδα
500 1947 573 1989 καὶ
601 1945 682 2017 τὴν
716 1948 929 1989 Σικελίαν

218 1999 315 2045 Ἐπ’
339 2000 547 2057 ἄρχοντος
568 2000 611 2046 δ’
642 2001 874 2057 Ἀθηνησιν
899 2000 1103 2046 Ἐλπίνου
1131 2000 1346 2058 Ρωμαῖοι
1367 2002 1485 2063 κατέ-
1516 2008 1571 2048 15

111 2070 272 2127 στησαν
291 2058 488 2111 ὑπάτους
506 2059 695 2131 Μαρκον
717 2062 959 2103 Ποπίλλιον
981 2058 1207 2113 Λαινάτην
1226 2060 1299 2102 καὶ
1320 2058 1486 2104 Γναῖον

110 2114 315 2159 Μάλλιον
339 2113 628 2171 Ἰμπεριωσον,
655 2115 892 2170 Ὀλυμπιάς
924 2114 970 2159 δ’
1001 2115 1114 2172 ἤχθη
1145 2133 1243 2171 εκτη
1264 2116 1373 2171 πρὸς
1393 2123 1486 2168 ταῖς
1518 2128 1598 2167 100

112 2172 282 2224 ἑκατόν,
313 2172 423 2216 καθ’
451 2172 508 2244 ἢν
541 2174 662 2217 ἐνίκα
692 2175 872 2217 σταδιον
902 2177 1061 2228 Πωρος
1092 2172 1299 2224 Μαλιεύς.
1351 2174 1419 2217 ἐπὶ
1439 2175 1485 2218 δὲ

111 2229 281 2273 τούτων
308 2229 418 2273 κατοὶ
456 2230 537 2301 μὲν
573 2231 653 2286 τὴν
679 2230 861 2274 Ἰταλίαν
889 2229 1115 2286 ἠθροίσθη
1145 2230 1242 2283 περὶ
1271 2230 1350 2287 τὴν
1380 2234 1489 2274 Λευ-

112 2288 271 2330 κανίαν
296 2291 467 2343 πλῆθος
499 2286 751 2344 ἀνθρώπων
788 2290 1066 2343 πανταχόθεν
1102 2289 1317 2344 μιγαδων,
1368 2290 1490 2331 πλεί-

112 2422 167 2458 65.
216 2423 259 2458 τδ
284 2421 367 2467 μὲν]
390 2420 434 2459 τὸ
460 2421 528 2468 μὲν
549 2422 592 2461 τὸ
616 2424 698 2458 Bas.

204 2469 260 2504 93.
284 2470 342 2505 8⁰.
377 2470 440 2505 καὶ
463 2483 554 2515 μετα
578 2471 718 2516 ταῦτα]
744 2468 836 2514 μετὰ
858 2470 977 2505 ταῦτα
1011 2468 1071 2504 καὶ
1105 2470 1185 2504 Bas.
1324 2470 1378 2504 82
1417 2482 1489 2505 πα-

116 2516 364 2560 ραλειφθέντα
392 2517 498 2561 Bas„
540 2518 606 2551 Cos
592 2529 685 2562 »qus
710 2516 1152 2559 οαοῐοτίπαραληφθέντα
1311 2516 1368 2550 86.
1394 2515 1437 2551 δ’
1456 2518 1487 2550 F

249 2561 307 2620 94.
354 2561 463 2608 envoi]
496 2562 544 2606 ἕξ,
566 2569 604 2599 ut
627 2568 677 2598 est
700 2563 793 2597 infra
815 2575 848 2607 p
871 2563 951 2597 490.
977 2563 1046 2604 61„
1077 2563 1119 2605 Q,
1145 2561 1252 2597 πέντε
1275 2563 1315 2604 L,
1342 2564 1489 2596 omisso-

112 2619 180 2650 que
202 2607 263 2642 καὶ
285 2609 316 2641 F
498 2609 555 2645 95.
597 2623 634 2645 τε
665 2621 733 2644 om.
758 2610 789 2643 F
973 2609 1029 2643 98.
1072 2610 1296 2664 Ποπιλλιον]
1335 2609 1487 2654 Popilius

112 2654 255 2697 Cospus,
281 2654 407 2689 caeteri
432 2655 625 2692 Πούπλιον
809 2653 1022 2699 Λαινατην]
1048 2652 1216 2698 Λενοὶτην
1240 2656 1303 2688 FT

112 2700 171 2733 99.
220 2702 374 2745 Γναῖον]
404 2701 529 2737 Γναον
553 2704 604 2745 Y,
629 2703 771 2757 Cospus,
795 2714 863 2746 quo
887 2703 1008 2736 fortass
1013 2714 1031 2734 e
1054 2714 1134 2735 usus
1158 2703 1306 2746 Pighius
1330 2702 1416 2736 Aun.
1442 2702 1483 2735 L.

110 2746 170 2781 lv.
195 2757 228 2788 p.
254 2746 334 2780 281.
368 2747 445 2782 Caii
465 2760 672 2792 praenomen
697 2750 732 2782 in
757 2749 908 2784 Diodoro
932 2748 1176 2792 corrigendum
1201 2760 1235 2781 es
1238 2760 1274 2782 se
1298 2748 1348 2782 ait

113 2790 301 2838 Μάλλιον]
329 2793 482 2828 Manlius
498 2795 642 2842 Cospus,
666 2796 875 2839 Μαιμίλιον
899 2795 942 2838 Q,
964 2794 1091 2828 caeteri
1107 2793 1301 2849 Μαμέλιον

112 2838 328 2885 ἰμπερίοσον
351 2840 382 2874 F
407 2840 492 2876 Bas.
676 2842 710 2877 1.
754 2839 945 2884 Μαλιεύς]
971 2838 1160 2882 Μαλλιεύς
1183 2841 1267 2876 Bas.
1291 2840 1425 2884 Cospus
