1820 3249
192 967 271 1003 118.

191 1818 270 1854 119.

276 137 389 178 16⁰⁰
848 132 880 173 L
890 133 962 173 113.
992 132 1031 177 X
1041 132 1091 174 X.

276 254 316 287 in
343 252 552 298 propinquo
588 249 702 285 habet
731 245 836 298 [74.].,
863 247 925 284 sed
955 261 1043 284 cum
1073 250 1306 286 Ptolemaeus
1334 251 1457 286 aditus
1486 250 1533 285 ab
1563 252 1667 285 omni

275 316 381 356 parte
411 307 602 355 praesidiis
630 307 847 341 munivisset
886 303 997 355 [75.]‚
1034 319 1215 354 navesque
1255 308 1391 355 ubique
1428 308 1475 342 ab
1508 308 1667 353 appulsu

274 367 430 401 litorum
469 363 741 411 prohibuisset,
781 362 988 409 Antigonus
1026 364 1166 400 infecta
1205 377 1247 400 re
1296 365 1335 399 in
1364 364 1509 411 Syriam
1545 364 1667 399 redire

279 429 430 458 coactus
460 428 525 457 est.
561 421 614 455 ita
643 420 874 454 Ptolemaeus
905 422 1134 467 Aegyptum,
1171 422 1309 468 duplici
1336 423 1435 456 bello
1465 421 1666 465 defensam,

279 492 345 515 suo
375 479 457 514 iure
486 478 671 524 possidere
699 477 770 511 sibi
798 476 993 512 videbatur
1024 475 1129 527 [76.].
1159 478 1324 513 Moritur
1351 479 1560 524 Dionysius,
1593 479 1668 512 He-

278 537 423 571 racleae
453 544 644 581 tyrannus.
695 534 937 581 Agathocles,
976 535 1021 568 ob
1054 535 1300 570 defectionem
1327 535 1506 582 Pasiphili
1535 536 1574 569 in
1604 534 1669 569 de·

278 593 528 640 sperationem
558 592 754 634 adductus,
785 603 944 637 regnum
973 592 1169 626 Dinocrati
1196 592 1263 626 sub
1292 594 1416 639 aequis
1448 592 1669 626 conditioni-

279 653 347 685 bus
381 651 490 684 offert
529 645 629 698 [77.].
660 649 759 694 quod
788 646 935 694 tyranni
965 649 1222 696 propositum,
1255 650 1380 684 multis
1408 649 1527 684 modis
1558 648 1670 683 mira-

278 707 354 742 bile
388 714 424 741 et
453 707 710 752 inopinatum,
740 706 918 740 intentius
950 706 1204 741 consideratur
1236 703 1333 755 [78.].
1365 707 1455 741 dum
1484 718 1571 740 vero
1600 706 1673 740 Di-

280 771 450 799 nocrates
490 770 709 806 cunctatur,
757 775 778 797 a
819 762 1134 806 Syracusanorum
1181 763 1411 798 democratia
1455 762 1671 808 accipienda

281 822 448 865 alienus,
479 821 742 867 gravioresque
782 819 942 864 imponit
971 820 1221 865 conditiones,
1251 821 1493 867 Agathocles,
1526 826 1671 853 mutato

281 879 449 923 consilio,
480 879 616 912 exsules
646 877 684 911 in
714 876 956 910 Dinocratem
985 877 1176 921 sollicitat,
1207 884 1244 911 et
1274 890 1360 911 cum
1391 876 1673 923 Carthaginien-

284 936 382 970 sibus
413 945 546 981 pacem
579 935 674 968 facit
714 930 814 981 [79.].
851 934 1045 967 Samnium
1085 935 1156 968 hoc
1187 941 1356 980 tempore
1393 934 1553 970 Romani
1592 933 1674 979 igni

284 994 458 1038 ferroque
487 998 631 1026 vastant
664 987 763 1038 [30.].
801 990 1008 1036 Antigonus
1037 991 1218 1025 sollicitus
1249 992 1293 1025 de
1322 992 1554 1028 Rhodiorum
1584 990 1673 1024 eivi-

284 1056 361 1084 tate
389 1057 480 1083 tunc
511 1047 808 1095 opulentissima,
839 1059 934 1092 quae
965 1048 1174 1083 Ptolemaeo
1204 1049 1351 1083 favebat
1382 1046 1492 1096 [81.]‚
1520 1047 1674 1084 Rhodiis

284 1118 399 1141 naves
429 1113 464 1140 et
494 1106 634 1140 auxilia
663 1106 841 1151 imperat,
871 1105 1001 1150 hisque
1029 1106 1227 1150 recusatis,
1257 1107 1396 1140 bellum
1425 1106 1541 1141 insert
1573 1102 1672 1152 [82.].

285 1163 499 1199 Demetrius
536 1163 708 1209 appulsus
748 1167 869 1195 castra
898 1162 1042 1205 munit,
1083 1168 1118 1196 et
1148 1163 1286 1208 piratas
1316 1163 1464 1208 expedit
1491 1163 1537 1196 ad
1566 1173 1674 1209 prae-

282 1221 449 1255 dandum
489 1227 523 1254 et
561 1219 818 1266 populandum
853 1214 958 1266 [83.].
1003 1219 1138 1254 Rhodii
1166 1220 1287 1254 missis
1328 1220 1374 1253 ad
1403 1219 1673 1261 Ptolemaeum,

282 1278 549 1324 Lysimachum
581 1283 618 1310 et
645 1276 892 1311 Cassandrum
921 1275 1074 1322 legatis,
1116 1288 1246 1311 eorum
1285 1277 1421 1310 auxilia
1457 1276 1675 1322 requirunt;

283 1342 464 1381 apparant
505 1335 639 1377 etiam,
671 1344 767 1379 quae
797 1332 845 1366 ad
875 1334 1189 1378 propugnandam
1219 1335 1353 1368 urbem
1384 1333 1590 1368 conducere
1619 1332 1675 1366 vi-

284 1392 467 1426 debantur
507 1387 578 1437 [54.
599 1409 648 1416 -
672 1387 755 1438 87.].
787 1389 966 1423 acerrime
1005 1391 1225 1425 obnituntur
1253 1391 1409 1435 Rhodii,
1439 1391 1675 1435 hostiumque

283 1449 446 1495 impetus
476 1448 666 1482 sustinent.
710 1447 862 1481 emissae
892 1446 1123 1482 Rhodiorum
1155 1459 1267 1483 naves
1296 1459 1436 1494 magna
1465 1447 1570 1482 clade
1597 1448 1677 1482 De-

282 1507 423 1541 metrii.
462 1507 618 1540 classem
649 1504 842 1548 afficiunt,
874 1510 1092 1549 tempestate
1121 1512 1313 1550 praeterea
1352 1517 1578 1551 oppressam.
1626 1504 1676 1538 si-

281 1563 364 1598 mul
391 1563 515 1598 Cnosii
554 1569 591 1596 et
619 1560 851 1596 Ptolemaeus
880 1562 1037 1595 Rhodiis
1075 1563 1209 1596 auxilio
1247 1563 1402 1597 veniunt
1434 1558 1535 1610 [88.].
1579 1563 1676 1607 Aga-

282 1620 425 1654 thocles
461 1621 500 1654 in
531 1619 660 1654 Sicilia
698 1619 841 1654 interea
870 1619 1012 1652 bellum
1049 1619 1087 1653 in
1117 1620 1360 1654 Dinocratem
1390 1623 1557 1654 renovat.
1606 1630 1676 1664 pu-

284 1689 357 1724 gna
397 1677 496 1724 apud
538 1677 724 1723 Gorgium
767 1670 982 1725 (Torgium)
1023 1677 1239 1719 commissa,
1289 1676 1406 1710 vincit
1445 1675 1675 1722 Agathocles.

284 1742 413 1781 captos
444 1740 576 1768 contra
613 1734 740 1767 datam
781 1733 891 1767 fidem
923 1733 1120 1767 obtruncat
1152 1730 1252 1781 [89.].
1294 1733 1539 1768 Dinocratem
1577 1732 1676 1766 inter

286 1792 425 1826 amicos
462 1791 609 1836 recipit.
667 1790 800 1824 Addita
832 1790 1139 1824 commemoratio
1169 1802 1296 1825 rerum
1332 1802 1354 1823 a
1384 1790 1558 1826 Romanis
1587 1801 1678 1823 con-

285 1856 344 1883 tra
374 1849 554 1884 Samnites
583 1847 743 1881 feliciter
769 1853 957 1894 gestarum
990 1843 1088 1897 [9Q.].
1119 1849 1215 1882 Cum
1245 1847 1367 1882 Rhodi
1397 1846 1625 1893 oppugnatio
1653 1857 1675 1880 a

286 1907 383 1941 mari
411 1912 580 1951 suscepta
613 1904 712 1939 haud
740 1905 996 1950 processisset,
1024 1904 1237 1939 Demetrius
1267 1905 1400 1939 urbem
1431 1916 1453 1938 a
1481 1911 1582 1938 terra
1609 1903 1678 1937 ad-

286 1963 380 1998 oriri
408 1963 583 1997 instituit.
615 1962 875 1996 machinarum
906 1968 1105 2007 apparatus
1138 1958 1237 2010 [91.].
1267 1961 1448 1996 Demetrii
1477 1960 1677 2008 singularis

285 2021 324 2055 in
359 2019 619 2067 oppugnandis
651 2019 806 2053 urbibus
841 2018 1031 2066 sollertia,
1068 2019 1165 2053 unde
1195 2019 1424 2053 Poliorcetae
1451 2030 1588 2052 nomen
1617 2017 1676 2051 in-

288 2077 418 2112 ditum.
458 2077 582 2111 forma
622 2082 659 2110 et
697 2076 858 2123 dignitas
888 2076 1076 2121 corporis,
1106 2076 1247 2121 ingenii
1285 2075 1527 2122 praestantia,
1555 2085 1678 2109 mores

289 2131 393 2184 [92.].
426 2134 660 2170 Rhodiorum
698 2145 812 2180 opera
848 2133 1013 2166 hostium
1051 2132 1243 2167 conatibus
1282 2133 1448 2179 opposita
1489 2128 1560 2178 [93.
1588 2128 1675 2179 94.].

287 2192 449 2238 :novique
478 2190 660 2226 Demetrii
689 2196 886 2236 apparatus
919 2186 1018 2238 [95.].
1049 2196 1261 2224 commeatu
1291 2201 1311 2223 a
1336 2189 1562 2233 Ptolemaeo,
1587 2190 1678 2223 Cas-

288 2249 420 2283 sandro
460 2254 497 2283 et
526 2248 750 2295 Lysimacho
783 2246 1005 2281 adiuvantur
1038 2246 1170 2282 Rhodii
1201 2243 1273 2294 [96.
1303 2244 1389 2296 97.].
1429 2257 1472 2280 eo
1503 2245 1675 2287 recreati,

288 2318 385 2340 nova
415 2305 646 2340 vehementia
686 2305 723 2338 in
753 2305 876 2339 hostes
904 2304 1088 2350 impetum
1117 2304 1269 2338 faciunt.
1309 2302 1529 2337 instantibus
1560 2304 1678 2338 Grae-

289 2375 419 2397 carum
460 2363 655 2397 civitatum
693 2362 848 2408 legatis,
897 2361 998 2406 pacis
1036 2360 1266 2395 conditiones
1307 2366 1591 2407 proponuntur,
1629 2359 1677 2393 de

287 2421 421 2467 quibus
449 2426 574 2454 tamen
609 2431 684 2454 non
713 2418 897 2454 convenit.
929 2424 1109 2453 renovant
1136 2418 1183 2452 ab
1213 2423 1371 2462 utraque
1400 2424 1506 2464 parte
1534 2417 1676 2451 bellum

289 2475 390 2526 [98.].
420 2477 572 2511 tandem
603 2477 820 2511 adhortante.
851 2481 889 2509 et
917 2475 1102 2521 Antigono
1133 2480 1170 2508 et
1203 2474 1417 2509 Ptolemaeo
1447 2485 1518 2520 pax
1545 2473 1676 2508 initur.

288 2535 389 2581 pacis
420 2533 647 2568 conditiones
678 2530 779 2582 [99.].
814 2532 1045 2569 Rhodiorum
1078 2532 1118 2565 in
1147 2543 1230 2566 suos
1265 2542 1444 2578 regesque
1472 2531 1574 2575 urbis
1601 2542 1678 2565 ser-

287 2598 453 2634 vatores,
495 2591 715 2636 praesertim
745 2590 1021 2633 Ptolemaeum,
1058 2588 1189 2635 pietas.
1220 2590 1436 2623 Demetrius
1474 2586 1606 2623 exinde
1634 2587 1675 2622 in

288 2648 488 2683 Graeciam
529 2648 670 2691 movit,
711 2659 732 2682 a
768 2646 973 2683 Cassandro
1019 2651 1056 2680 et
1093 2645 1404 2692 Polysperchoute
1441 2650 1675 2690 occupatam.

288 2708 373 2741 Hoc
400 2713 570 2750 tempore
600 2705 795 2749 Eumelus,
828 2702 984 2750 Bospori
1012 2713 1094 2749 rex,
1125 2708 1295 2737 mortuus
1326 2699 1448 2751 [100.].
1480 2703 1520 2736 In
1549 2700 1677 2737 Sicilia

290 2763 510 2810 Agathocles
549 2762 652 2798 nulla
691 2761 880 2797 lacessitus
919 2760 1054 2796 iniuria
1085 2759 1286 2806 Liparaeos
1315 2760 1450 2794 iniusto
1480 2758 1578 2794 hello
1609 2770 1676 2803 op·
