1820 3249
316 168 428 211 1104
729 161 988 209 LIB.XV1.
1038 162 1266 208 GARGS

236 282 288 326 15
317 274 510 331 λιορκίας
537 276 612 320 καὶ
639 280 727 320 τῶν
755 276 1019 348 ἐπιτηδείων
1033 276 1321 325 ἐκλιπόντων,
1364 274 1388 319 6
1410 291 1496 329 μεν
1519 272 1675 326 Ικέτας

319 333 539 386 ἀνέζευξεν
577 336 637 385 εἰς
676 336 955 385 Λεοντίνους·
1002 333 1048 377 ἐκ
1084 333 1242 389 ταύτης
1276 333 1357 388 γὰρ
1389 330 1562 387 ωρμᾶτο
1599 337 1676 388 τῆς

314 389 501 441 πόλεως·
556 389 578 433 ὁ
622 392 666 434 δὲ
706 390 942 441 Διονύσιος
985 390 1338 445 ἐπακολουθήσας
1379 389 1546 440 αὐτοῖς,
1604 406 1677 431 και

314 447 570 503 καταλαβών
610 447 689 503 την
730 446 970 502 ούραγίαν,
1021 448 1307 510 συνεστήσατο
1349 445 1498 500 μάχην.
1557 444 1580 487 6
1633 443 1674 488 δ’

310 502 465 554 Ικέτας
512 504 765 557 ἐπιστρέψας
807 505 874 546 ἐπὶ
923 503 999 546 τόν
1037 502 1282 546 Διονύσιον
1321 507 1484 556 συνῆψε
1522 501 1676 570 μάχην,

228 572 284 611 20
313 562 386 604 καὶ
413 562 585 610 πλείους
614 565 701 603 τῶν
722 561 958 630 τριςχιλίων
979 560 1268 628 μισθοφόρων
1285 558 1448 602 ἀνελων
1466 575 1569 608 τους
1591 562 1677 600 λοι-

311 617 422 668 ποὺς
444 622 600 671 φυγεῖν
626 615 880 671 ἠνάγκασεν
920 615 1009 667 ὀξεῖ
1035 615 1079 659 δὲ
1108 620 1169 674 τῷ
1199 619 1373 671 διωγμῷ
1393 613 1675 683 χρησάμενος,

312 675 385 717 καὶ
417 673 703 723 συνειςπεσων
722 679 811 723 τοῖς
833 672 1074 728 φεύγουσιν
1104 661 1164 722 εἰς
1191 672 1272 729 τήν
1297 673 1439 723 πόλιν,
1472 671 1675 726 ἐκράτησε

310 734 398 773 τῶν
437 732 740 783 Συρακουσῶν
780 729 893 784 πλήν
935 733 1010 784 τῆς
1047 729 1216 784 Νήσου.
1274 730 1347 772 καὶ
1388 728 1439 771 τά
1475 728 1552 782 μὲν
1581 728 1678 780 περὶ

227 799 282 840 25
311 787 388 830 τόν
413 784 573 829 Ἱκέταν
599 803 672 829 και
703 785 943 829 Διονύσιον
972 785 1018 828 ἐν
1047 785 1217 835 τούτοις
1254 782 1321 842 ἦν.
1383 785 1602 839 Τιμολέων
1632 783 1678 827 δὲ

310 842 416 899 μετὰ
452 842 532 898 τὴν
567 842 811 898 κατάληψιν
846 858 934 884 των
972 845 1276 893 Συρακουσων
1319 842 1459 895 τρισὶν
1498 841 1678 897 ἡμέραις

310 900 502 954 ν’στερον
542 899 828 942 κατέπλευσεν
864 900 923 948 εἰς
961 897 1009 941 τό
1035 896 1235 953 Ρήγιον,
1279 899 1353 941 καὶ
1389 901 1677 952 καθωρμίσθη

309 959 494 1011 πλησίον
539 959 614 1011 τῆς
657 955 829 1006 πόλεως
896 953 1353 998 ἐπικαταπλευσάντων
1394 954 1439 997 δε
1478 955 1549 996 καὶ
1588 970 1677 996 των

310 1013 626 1068 Καρχηδονίων
655 1013 789 1054 είκοσι
817 1010 1030 1067 τριήρεσι,
1069 1013 1141 1055 καὶ
1170 1016 1256 1054 τῶν
1285 1011 1492 1067 Ῥηγίνων
1522 1022 1678 1064 συνερ-

228 1080 282 1118 30
310 1070 509 1125 γούντων
538 1072 598 1127 τῷ
633 1068 884 1123 Τιμολέοντι
912 1069 986 1111 καὶ
1014 1069 1168 1124 κοινήν
1198 1069 1427 1124 ἐκκλησίαν
1458 1068 1504 1110 ἐν
1530 1071 1583 1122 τῆ
1602 1066 1677 1110 πό-

308 1131 372 1170 λει
412 1114 749 1180 συναγαγόντων
785 1125 859 1168 καὶ
895 1126 994 1178 περὶ
1024 1125 1267 1176 συλλύσεως
1297 1123 1676 1193 δημηγορούντων,

312 1200 355 1226 οι
378 1183 456 1238 μὲν
474 1182 772 1250 Καρχηδόνιοι
804 1180 1083 1252 διαλαβόντες
1108 1181 1185 1225 τόν
1209 1184 1475 1236 Τιμολέοντα
1500 1179 1678 1234 πεισθή-

310 1246 465 1284 σεσθαι
500 1237 577 1281 τόν
605 1241 666 1290 εἰς
695 1237 926 1292 Κόρινθον
956 1237 1183 1282 ἀπόπλουν
1211 1238 1497 1308 ποιήσασθαι,
1539 1235 1676 1308 ῥᾳθύ-

312 1313 402 1353 μως
432 1293 550 1350 εἶχον
580 1295 633 1338 τά
661 1294 770 1339 κατὰ
798 1294 874 1345 τὰς
903 1296 1124 1349 φυλακάς·
1173 1294 1196 1338 6
1228 1295 1274 1338 δὲ
1308 1293 1525 1364 Τιμολέων
1555 1282 1675 1337 0668-

226 1356 280 1398 35
313 1356 417 1409 μίαν
452 1353 638 1407 ἔμφασιν
677 1350 826 1402 διδοὺς
861 1356 942 1394 τοῦ
980 1354 1179 1407 δρασμοῦ
1219 1350 1350 1403 αὐτὸς
1385 1352 1480 1420 μὲν
1491 1352 1675 1405 πλησίον

309 1414 390 1453 τοῦ
431 1410 620 1479 βηματος
662 1408 822 1477 ἔμεινε,
870 1408 1014 1464 λάθρα
1054 1408 1100 1451 δὲ
1139 1408 1394 1464 παρήγγειλε
1433 1407 1508 1459 τὰς
1550 1406 1675 1451 ἐννέα

307 1470 416 1517 ναῦς
453 1465 722 1508 ἀποπλεῦσαι
759 1481 840 1521 την
876 1467 1088 1520 ταχίστην
1145 1466 1482 1534 περισπωμένων
1513 1465 1559 1508 δὲ
1585 1468 1676 1508 τῶν

309 1524 625 1578 Καρχηδονίων
653 1526 745 1572 ταῖς
773 1526 931 1576 ψυχαῖς
967 1523 1063 1575 περὶ
1091 1537 1196 1572 τους
1224 1523 1465 1577 έγκαθέτως
1495 1523 1677 1576 δημηγο-

224 1589 278 1631 40
308 1583 498 1634 ροῦντας
526 1582 702 1649 μακρῶς
740 1581 828 1620 τῶν
853 1578 1060 1633 Ρηγίνων
1090 1578 1246 1622 ἔλαθεν
1276 1578 1298 1622 ὁ
1338 1577 1556 1649 Τιμολέων
1587 1580 1678 1621 δια-

308 1636 416 1692 δρας
445 1635 516 1679 ἐπὶ
544 1652 623 1691 την
653 1633 1020 1690 ὑπολελειμμένην
1047 1639 1172 1684 ναῦν,
1202 1636 1275 1678 καὶ
1303 1637 1460 1690 ταχέως
1488 1635 1676 1686 ἐξέπλευ-

306 1706 391 1737 σεν.
452 1710 495 1736 οι
521 1692 567 1735 δὲ
579 1692 894 1761 Καρχηδόνιοι
921 1693 1398 1746 καταστρατηγηθέντες
1418 1691 1674 1746 ἐπεβάλοντο

306 1749 481 1794 διώκειν
509 1748 613 1798 τούς
637 1750 735 1802 περὶ
759 1747 835 1791 τὸν
870 1748 1145 1802 Τιμολέοντα.
1193 1749 1370 1791 ἐκείνων
1401 1749 1446 1791 δὲ
1476 1754 1676 1817 προειλη-

305 1807 455 1880 φότων
496 1805 649 1849 ἱκανὸν
693 1804 928 1860 διάστημα,
974 1822 1047 1847 και
1084 1808 1160 1860 τῆς
1188 1805 1347 1855 νυκτὸς
1376 1804 1674 1860 ἐπιλαβούσης,

222 1872 276 1915 45
308 1865 513 1932 ἔφθασαν
549 1864 592 1905 οἱ
627 1862 725 1915 περὶ
753 1861 832 1904 τόν
866 1861 1128 1915 Τιμολέοντα
1161 1859 1507 1912 ἀποπλεύσαντες
1536 1863 1596 1912 εἰς
1623 1862 1673 1905 τὸ

312 1918 627 1974 Ταυρομένιον.
690 1917 713 1961 ὁ
753 1917 799 1961 δὲ
835 1922 909 1973 τῆς
947 1917 1108 1969 πόλεως
1146 1918 1302 1973 ταύτης
1330 1917 1571 1991 ἡγούμενος
1601 1918 1675 1962 διά

305 1975 467 2027 παντὸς
495 1991 783 2031 πεφρονηκως
811 1974 865 2018 τὰ
892 1978 980 2017 τῶν
1009 1977 1326 2028 Συρακοσίων,
1366 1974 1675 2047 Ἀνδρόμαχος,

307 2033 594 2103 φιλοφρόνως
630 2032 863 2083 ὑπεδέξατο
910 2048 1015 2082 τους
1052 2031 1366 2086 διωκομένους,
1421 2033 1495 2075 καὶ
1531 2031 1672 2075 πολλὰ

306 2090 566 2146 συνεβάλετο
607 2089 716 2144 πρὸς
752 2088 832 2144 τήν
868 2089 1083 2143 σωτηρίαν
1113 2087 1271 2133 αὐτων.
1329 2088 1432 2144 μετὰ
1459 2089 1504 2132 δὲ
1536 2092 1673 2130 ταῦτα

223 2156 277 2198 50
308 2147 331 2192 6
361 2148 439 2203 μὲν
462 2147 618 2197 Ικέτας
650 2145 879 2200 ἀναλαβὼν
907 2149 996 2188 τῶν
1024 2150 1297 2217 στρατιωτων
1327 2145 1430 2195 τούς
1465 2143 1673 2199 ἀρίστους
1714 2158 1718 2161 ’

306 2205 670 2273 πεντακιςχιλίους
706 2203 985 2257 ἐστράτευσεν
1031 2203 1098 2245 ἐπὶ
1137 2202 1239 2253 τούς
1274 2202 1521 2256 Ἀδρανίτας
1558 2200 1673 2244 ἀντι-

306 2261 577 2313 πράττοντας
607 2258 750 2316 αὐτῷ,
787 2259 859 2302 καὶ
889 2260 1072 2314 πλησίον
1099 2263 1174 2314 τῆς
1202 2257 1365 2310 πόλεως
1392 2269 1672 2313 κατεστρατο-

306 2319 534 2362 πέδευσεν·
566 2316 588 2360 ὁ
608 2317 653 2360 δὲ
678 2315 905 2386 Τιμολέων
929 2318 1278 2387 προςλαβόμενος
1304 2316 1422 2368 παρὰ
1448 2319 1535 2358 τῶν
1560 2319 1672 2359 Ταυ-

222 2388 276 2432 55
307 2377 521 2430 ρομενίων
573 2372 835 2428 στρατιώτας
880 2371 1099 2425 ἀνέζευξεν
1146 2372 1192 2415 ἐκ
1234 2377 1315 2415 τοῦ
1357 2373 1668 2441 Ταυρομενίου,

304 2432 409 2483 τούς
446 2431 638 2481 ἅπαντας
675 2431 783 2501 ἔχων
813 2429 867 2473 ου’
896 2431 1070 2480 πλείους
1098 2433 1185 2471 τῶν
1214 2431 1373 2484 χιλίων.
1433 2427 1671 2500 ἀρχομένης

303 2489 349 2533 δὲ
377 2493 453 2546 τῆς
481 2487 639 2540 νυκτὸς
669 2485 942 2544 ἀφορμήσας,
971 2486 1045 2531 καὶ
1073 2485 1313 2538 διανύσας’
1297 2487 1366 2530 επὶ
1393 2485 1443 2531 τό
1462 2485 1671 2541 Ἀδρανὸν

301 2671 357 2708 31.
405 2668 736 2716 δημηγορούντων]
769 2664 1077 2726 κατηγορούντων
1101 2668 1132 2702 Υ
1155 2669 1237 2702 Bas.
1427 2667 1484 2704 35.
1532 2666 1671 2712 ἔμεινε]

302 2716 401 2761 ἐμενε
433 2718 495 2751 LT
677 2715 734 2750 37.
782 2713 823 2751 δὲ
859 2726 927 2750 om.
950 2715 1035 2749 Bas.
1216 2715 1273 2749 46.
1322 2712 1385 2752 διά
1407 2735 1452 2741 -
1474 2715 1530 2750 47.
1565 2718 1672 2759 φιλο-

302 2762 453 2807 φρόνως
485 2774 554 2798 om.
586 2763 668 2796 Bas
869 2760 928 2795 55.
973 2773 1047 2797 των
1077 2771 1145 2797 om.
1176 2761 1206 2795 F
1237 2762 1318 2796 Bas.
1521 2729 1592 2796 57φ
1624 2759 1668 2796 τὸ

296 2808 496 2857 Ἀδρανόν]
521 2806 585 2846 τόν
607 2805 780 2855 Ἀδρανόν
804 2806 837 2842 Τ
860 2807 942 2842 Bas.
