1820 3249
675 133 799 173 LlB.
859 132 986 175 XVI.
1415 139 1524 180 1573

141 250 268 285 Italiae
297 255 566 293 commoratus,
595 249 796 294 Syracusas
825 249 939 294 redit,
976 249 1191 296 legatosque
1221 251 1266 287 de
1296 264 1521 299 componen-

140 307 194 341 dis
223 307 331 341 rebus
361 307 478 340 mittit
505 305 715 352 accipitque
739 303 839 354 [11.].
869 307 968 341 intra
997 313 1144 352 tempus
1173 308 1409 346 induciarum
1432 323 1522 345 con-

139 369 196 398 tra
225 364 338 397 fidem
376 374 463 397 cum
500 362 698 408 Dionysius
737 364 984 407 Syracusanos
1021 364 1169 398 adortus
1206 374 1319 412 esset,
1362 374 1516 402 ventum

138 428 190 462 est
220 420 265 454 ad
295 420 479 466 proelium
516 419 813 462 atrocissimum,
854 420 891 453 in
927 431 1000 466 quo
1030 421 1160 455 Dionis
1199 422 1314 457 virtus
1344 426 1514 468 eminuit,

136 489 210 522 qua
239 477 382 511 hostem
410 486 497 509 cum
526 487 662 522 magna
690 476 795 509 clade
832 476 871 509 in
903 477 1031 522 fugam
1062 478 1138 523 egit
1168 474 1267 527 [12.].
1314 481 1515 526 Dionysius

137 534 276 568 honore
312 532 426 569 caesis
464 531 590 566 habito
620 538 658 567 et
691 532 894 567 distributis
931 534 1028 566 inter
1064 535 1201 568 milites
1237 538 1411 581 praemiis
1440 543 1517 572 stu-

135 590 239 623 dium
268 600 336 634 pro
365 599 404 623 se
433 590 619 623 accendit:
658 595 749 623 tunc
779 589 881 623 misit
908 590 974 634 qui
1004 590 1047 624 de
1078 602 1169 636 pace
1200 600 1366 637 agerent.
1415 594 1516 628 Dion

134 651 262 680 autem
299 646 394 680 hanc
423 657 534 680 unam
565 647 758 691 proponit,
791 652 830 680 ut
860 646 1070 690 principatu
1107 647 1239 684 abiret.
1285 650 1428 684 interea
1457 661 1515 684 res

132 703 169 735 in
204 702 343 737 mutuis
372 702 672 748 praedationibus
699 703 861 736 substitit
899 699 983 750 [13]
1036 704 1079 737 In
1121 705 1281 740 Graecia
1310 707 1515 743 Alexander

130 758 315 793 Pheraeus
354 759 400 792 ab
436 770 553 794 uxore
594 766 630 793 et
669 759 848 795 fratribus
887 760 1062 801 occisus„
1090 761 1152 805 qui
1182 762 1250 806 ipsi
1279 764 1514 808 tyrannidem

127 816 317 852 affectant.
356 816 539 849 Aleuadae
570 816 772 850 auxiliante
796 816 963 860 Philippo
990 816 1201 851 libertatem
1224 818 1406 855 Thessalis
1429 820 1509 854 vin·

128 872 278 917 dicant3
308 883 382 918 quo
415 872 496 918 ipso
523 872 714 918 Philippus
750 872 1009 907 Thessalorum
1039 874 1243 909 amicitiam
1272 876 1343 910 sibi
1381 878 1508 911 conci-

127 929 245 964 liavit.
286 928 433 963 adiecta
469 929 600 971 notitia
637 930 753 962 trium
794 929 1076 966 historicorum:
1117 932 1351 977 Demophssi,
1392 933 1506 968 Galli-

125 986 264 1019 sthenis
294 992 331 1019 et
358 985 475 1031 Diylli
506 981 605 1034 [14.].
635 987 679 1018 In
708 985 817 1020 Italia
847 996 962 1020 novus
995 987 1154 1031 populus
1183 979 1369 1034 coalescit,
1399 990 1506 1024 Brut-

119 1042 188 1084 tii,
220 1054 240 1076 e
271 1042 431 1076 colluvie
458 1041 704 1087 fugitivorum
732 1043 770 1075 in
799 1042 965 1076 Lucania
995 1043 1142 1077 collecti
1173 1041 1271 1095 [15.].
1310 1047 1354 1081 In
1383 1047 1509 1083 Sicilia

124 1098 299 1134 Philistus
327 1098 497 1142 Dionysii
534 1098 738 1142 imperator
766 1099 1038 1133 Leontinorum
1075 1101 1167 1134 urbe
1196 1103 1388 1149 expulsus,
1419 1115 1507 1140 mox

120 1162 289 1189 summus
326 1153 450 1188 classis
481 1160 632 1198 praetor
666 1160 809 1188 creatus
849 1166 938 1193 cum
965 1156 1162 1200 Heraclide
1189 1158 1506 1204 Syracusanorum

123 1211 311 1246 navarcho
341 1211 436 1244 mari
465 1211 714 1245 conflictatur.
761 1211 905 1257 proelio
941 1212 1060 1248 victus
1089 1214 1260 1250 Philistus
1288 1223 1412 1251 morte
1440 1229 1506 1253 vo-

116 1267 287 1305 luntaria
315 1267 438 1312 periit.
469 1268 542 1301 hac
569 1267 857 1313 resperterritus
884 1267 1084 1313 Dionysius
1113 1270 1228 1305 Dioni
1256 1284 1417 1319 regnum
1446 1275 1504 1308 of-

122 1324 198 1358 fert
229 1321 337 1373 [16.]:
369 1335 456 1358 mox
479 1323 622 1365 relictis
651 1324 691 1357 in
720 1336 805 1358 arce
834 1325 1073 1359 mercenariis
1100 1338 1187 1361 cum
1206 1328 1383 1364 thesauris
1402 1330 1502 1366 clam

119 1382 161 1415 in
191 1380 337 1415 Italiam
367 1380 528 1426 aufugit.
569 1380 656 1414 inde
685 1380 834 1414 dissidia
860 1381 959 1415 inter
987 1382 1148 1425 Dionem
1177 1390 1214 1418 et
1241 1386 1501 1432 Syracusanos,

119 1438 301 1472 tumultus
333 1437 446 1472 simul
483 1437 800 1471 mercenariorum
830 1437 1018 1482 oriuntur,
1060 1439 1124 1485 qui
1161 1440 1256 1475 duce
1284 1444 1405 1478 Dione
1434 1445 1502 1489 Sy-

121 1505 329 1529 racusanos
356 1493 498 1540 proelio
536 1493 709 1528 fundunt.
751 1494 876 1541 itaque
915 1494 1137 1537 Syracusani
1175 1497 1306 1535 Dionis
1351 1500 1500 1535 veniam

112 1552 322 1597 *implorare
351 1555 537 1596 coguntur
568 1546 668 1597 [17.].
705 1557 835 1595 postea
862 1551 1060 1597 Dionysius
1091 1552 1201 1588 misso
1231 1556 1373 1601 Nypsio
1411 1568 1499 1592 cum

113 1609 273 1642 navibus
305 1613 342 1642 et
377 1613 588 1642 commeatu
615 1607 804 1652 Syracusis
840 1607 1016 1643 relictum
1044 1610 1266 1653 praesidium
1294 1613 1400 1647 novis
1430 1625 1498 1648 au-

112 1665 222 1705 xiliis,
244 1670 370 1711 auget.
410 1662 633 1708 Syracusani
671 1665 813 1708 proelio
845 1665 970 1699 navali
998 1665 1193 1705 victoriam
1222 1670 1408 1703 consecuti
1435 1670 1495 1703 in-

113 1722 275 1768 dulgent
311 1720 488 1755 conviviis
523 1726 562 1754 et
589 1720 833 1766 languescunt
869 1717 970 1769 [18.].
1002 1722 1073 1756 hac
1100 1733 1185 1763 usus
1216 1726 1496 1769 opportunitate

111 1779 282 1824 Nypsius-
309 1778 455 1812 hostem
490 1777 689 1823 opprimit,
724 1779 854 1813 urbem
894 1778 1012 1823 capit,
1063 1783 1100 1826 et
1134 1778 1281 1825 largam
1314 1782 1493 1827 praedam

108 1836 239 1870 aufer-t
269 1831 370 1882 [19.].
408 1834 642 1869 consternati·
659 1835 879 1879 Syracusani
906 1835 1066 1869 Dionem
1097 1834 1300 1881 advocant,
1328 1839 1391 1884 qui
1418 1840 1493 1876 sin-

110 1892 239 1938 gulari
257 1892 396 1927 virtute
410 1896 450 1937 ‘et
468 1891 632 1927 sollertia
650 1891 773 1928 hostes
792 1894 890 1927 ultus
911 1904 992 1927 rem
1010 1892 1171 1927 restituit
1186 1898 1223 1927 et
1244 1895 1343 1940 apud
1363 1906 1493 1930 omnes

108 1949 355 1994 praecipuam
382 1948 543 1994 gratiam
575 1950 713 1984 meruit
751 1947 851 1998 [20.].
907 1951 950 1984 In
980 1949 1139 1990 Graecia
1177 1950 1319 1985 bellum
1354 1952 1490 1986 sociale

111 2006 360 2040 continuatur.
417 2005 570 2039 Chareti
595 2006 711 2040 additi
737 2007 942 2052 Iphicrates
971 2013 1008 2040 et
1033 2007 1251 2043 Timotheus
1279 2020 1364 2042 cum
1393 2020 1491 2047 nova

107 2062 229 2100 classe
267 2068 303 2096 et
331 2067 485 2107 aequato
514 2062 685 2106 imperiO.
744 2064 909 2098 Imbrum
940 2070 976 2097 et
1006 2063 1195 2098 Lemnum
1229 2065 1392 2111 aliasque
1422 2066 1488 2100 in-

106 2119 206 2153 sulas
244 2118 489 2164 populantun
511 2119 602 2159 socii
627 2119 808 2158 rebelles,
857 2119 1136 2154 Atheniensium
1173 2121 1285 2155 duces
1322 2121 1411 2158 dum
1440 2123 1487 2157 ad

105 2176 328 2221 Byzantium
354 2175 501 2209 obviam
530 2176 624 2209 fiunt
655 2175 774 2220 hosti,
808 2176 852 2210 de
885 2176 1150 2210 committendo
1178 2177 1320 2221 proelio
1349 2178 1487 2213 dissen-

107 2232 218 2267 tiunt.
256 2243 330 2278 quo
366 2232 467 2265 facto
506 2232 709 2277 Iphicrates
740 2240 776 2267 et
815 2233 1047 2273 Timotheus·
1068 2233 1287 2278 proditionis
1321 2237 1484 2270 accusati

106 2289 262 2333 imperio
289 2288 484 2334 privantur
514 2285 599 2336 [21]
638 2289 713 2323 iam
743 2289 878 2323 Chares
911 2289 1109 2333 Artabazo,
1139 2290 1203 2335 qui
1232 2296 1315 2325 tum
1344 2303 1364 2326 a
1396 2303 1485 2339 rege

105 2347 303 2381 Persarum
331 2346 537 2388 defecerat,
567 2344 775 2379 inconsulte
803 2345 941 2380 auxilio
970 2346 1079 2380 venit.
1114 2347 1356 2392 quamobrem
1383 2349 1484 2395 regis

105 2400 200 2436 iram
229 2401 339 2437 veriti
358 2401 605 2445 Athenienses,
629 2402 816 2447 extemplo
845 2401 943 2436 bello
971 2402 1097 2436 sociali
1124 2403 1309 2438 abstinent
1338 2410 1376 2440 et
1395 2417 1482 2440 cum

104 2458 213 2492 sociis
245 2470 376 2504 pacem
405 2463 646 2505 componunt.
684 2460 728 2493 In
755 2459 970 2504 Philippum
998 2459 1247 2494 Macedonem
1272 2467 1347 2495 tres
1375 2473 1482 2507 reges

106 2514 218 2549 simul
248 2515 478 2560 conspirant:
507 2515 714 2559 Thracum,
749 2518 958 2557 Paeonum,
988 2514 1215 2560 Illyriorum.
1260 2518 1329 2553 hos
1357 2518 1480 2552 subito
1498 2546 1564 2582 105

106 2582 177 2605 nec
213 2571 305 2605 dum
331 2577 477 2617 paratos
516 2572 694 2617 opprimit
721 2572 909 2618 Philippus
940 2567 1128 2620 [22].1n
1159 2574 1318 2608 Graecia
1348 2574 1479 2609 bellum
1508 2602 1530 2636 Ξ
1566 2571 1576 2581 ’

105 2640 249 2662 sacrum
286 2628 416 2664 oritur.
464 2638 550 2661 cum
587 2628 873 2663 Lacedaemonii
906 2628 1106 2663 Leuctrico
1142 2629 1241 2664 bello
1275 2630 1476 2666 Cadmeam
1532 2628 1543 2639 '

105 2690 371 2730 occupassent,
419 2689 456 2717 et
499 2683 701 2732 Phocenses
744 2697 878 2731 agrum
924 2684 1146 2719 Cirrhaeum
1194 2687 1297 2732 operi
1336 2688 1476 2721 rustico

104 2741 363 2785 destinassent,
394 2740 556 2786 utrisque
585 2741 873 2788 Amphictyones
906 2741 1062 2777 multam
1089 2742 1267 2790 grandem
1294 2744 1478 2790 imposue-

1526 967 1603 1003 106.

1539 1023 1569 1058 1.
