1820 3249
332 191 418 234 978
715 187 833 234 leB
863 186 1245 250 XV.cA1’.33
1275 192 1341 232 34.

333 302 559 370 προπετῶς
601 304 697 353 τοῖς
742 298 1025 372 ἀποχωροῦσι
1066 302 1280 359 Θηβαίοις
1317 299 1597 356 ἐπιθέμενος,
1635 304 1725 344 τῶν

333 358 413 412 μὲν
443 361 722 427 στρατιωτων
758 356 949 429 ἀπέβαλε
981 360 1156 411 πλείους
1184 363 1273 402 τῶν
1298 361 1619 409 πεντακοσίων,
1650 356 1726 401 αύ-

336 413 409 465 τὸς
449 414 494 458 δὲ
544 413 751 477 λαμπρῶς
787 413 1124 485 ἀγωνισάμενος
1170 416 1246 459 καὶ
1284 419 1462 467 πολλοῖς
1509 416 1725 465 ἐναντίοις

251 462 306 507 ΞΑ
335 469 556 542 τραύμασι
584 472 830 542 περιπεσών
858 473 1060 543 ἡρωικως
1093 473 1353 528 κατέστρεψε
1381 471 1460 515 τὸν
1498 470 1723 529 βίον.ου

253 519 278 557 5
335 530 482 598 πολλῷ
512 526 555 571 δ’
584 528 795 585 ὕστερον
809 530 956 601 χρόνῳ
986 529 1117 581 πάλιν
1154 533 1242 571 τῶν
1272 531 1632 584 Λακεδαιμονίων
1669 546 1723 584 τη

335 583 446 643 αὐτῇ
456 577 654 642 δυνάμει
681 588 1039 641 στρατευσάντων
1069 585 1138 630 ἐπὶ
1161 585 1237 636 τάς
1263 585 1506 642 Θήβας,οἷ
1535 587 1585 641 μὲ
1568 603 1617 630 εν-
1643 589 1725 640 Θη·

332 645 454 697 βαῖοι
483 644 723 713 δυςχωρίας
758 645 881 695 τινὰς
920 643 1070 699 ἑτέρας
1109 644 1548 713 καταλαμβανόμενοι
1577 642 1725 686 διεκώ-

252 722 303 761 10
334 702 443 742 λυον
491 716 571 769 μεν
607 699 715 752 τοὺς
733 701 986 770 πολεμίους
1023 702 1268 771 λεηλατεῖν
1287 700 1369 757 τήν
1406 698 1575 757 χώραν,
1614 697 1724 743 κατα

306 754 473 810 στόμα
503 756 549 800 δε
571 756 684 813 πρὸς
715 756 890 801 άπασαν
917 756 998 814 τὴν
1025 757 1221 829 δύναμιν
1251 756 1300 800 ἐν
1328 762 1421 808 τοῖς
1449 759 1614 807 πεδίοις
1644 754 1727 799 οὐκ

330 811 526 868 ἐτόλμων
554 813 904 868 παρατάξασθαι.
962 817 1044 857 τοῦ
1074 812 1119 857 δ’
1143 813 1402 884 Ἀγησιλάου
1431 813 1727 883 προςμαχομὲ-

329 886 415 913 νου
430 851 776 941 συγκατέβησαν
804 872 852 915 ἐκ
880 874 962 915 τοῦ
991 869 1089 914 κατ’
1131 868 1284 939 ὀλίγον
1312 871 1424 925 πρὸς
1452 869 1531 914 τὸν
1560 871 1725 926 άγωνα

328 926 563 984 γενομένης
592 927 661 972 δε
670 927 824 997 μάχης
837 929 914 971 ἐπὶ
945 926 1088 971 πολύν
1115 926 1280 983 χρόνον
1320 929 1527 984 ἰσχυρᾶς,
1566 945 1614 975 το
1647 927 1726 996 μὲν

251 998 302 1045 15
333 999 512 1042 πρωτον
549 986 593 1028 οἱ
630 986 750 1038 περὶ
776 984 855 1028 τόν
885 982 1144 1041 Ἀγησίλαον
1192 984 1485 1038 ἐπροτὲρουν,
1533 1001 1638 1041 μετα
1680 983 1726 1027 δὲ

331 1043 469 1084 ταῦτα
498 1057 587 1090 των
624 1042 670 1085 ἐκ
699 1047 776 1112 τῆς
808 1039 975 1102 πόλεως
1007 1042 1221 1100 Θηβαίων
1245 1041 1527 1115 ἐκχυθέντων
1565 1058 1652 1085 παι
1657 1044 1729 1096 δη-

332 1099 424 1168 μεί,
459 1101 651 1153 θεωρων
678 1098 737 1145 τὸ
759 1102 929 1168 ’πληθος
957 1115 1059 1168 των
1073 1097 1374 1154 ἐπιῤῥεόντων
1403 1098 1427 1143 6
1460 1092 1728 1168 Ἀγησίλαος,

332 1151 622 1213 άνεκαλέσατο
651 1159 708 1213 τῇ
738 1154 942 1215 σάλπιγγι
971 1149 1077 1205 τους
1106 1155 1372 1209 στρατιώτας
1409 1153 1497 1200 άπὸ
1533 1160 1609 1226 τῆς
1649 1155 1728 1210 μά-

247 1229 303 1269 20
331 1229 420 1268 χης.
479 1214 543 1256 οἱ
561 1211 608 1256 δὲ
633 1214 861 1283 Θηβαῖοι,
906 1210 1108 1265 δόξαντες
1146 1212 1241 1256 τότε
1279 1213 1462 1268 πρώτως
1497 1212 1580 1284 μὴ
1599 1229 1729 1256 κατα-

332 1267 584 1324 δεεστέρους
627 1268 813 1321 ἑαυτοὺς
850 1267 964 1312 εἶναι
1005 1271 1391 1338 Λακεδαιμονίων,
1431 1268 1647 1326 τρόπαιόν
1684 1285 1730 1313 τε

328 1325 522 1383 ἔστησαν
545 1343 627 1374 και
650 1325 704 1378 τό
729 1326 897 1377 λοιπὸν
917 1324 1256 1386 κατεθάῤῥησαν
1283 1331 1360 1384 τῆς
1386 1331 1476 1371 τῶν
1504 1331 1730 1382 Σπαρτια-

327 1399 418 1427 των
447 1378 727 1454 δυνάμεως.

449 1439 512 1484 Τά
550 1456 630 1511 μεν
670 1434 777 1485 οὖν
796 1439 897 1495 περὶ
945 1439 1025 1500 τάς
1041 1439 1238 1494 πεζικάς
1275 1439 1492 1510 δυνάμεις
1521 1442 1730 1483 τοιοῦτον

332 1497 426 1554 ἔσχε
452 1496 502 1541 τὸ
533 1498 673 1549 τέλος·
711 1500 802 1540 τῶν
835 1496 882 1543 δε
910 1512 1137 1541 ναυτικων
1164 1498 1275 1541 κατὰ
1302 1497 1407 1547 τοὺς
1439 1495 1601 1547 αὐτοὺς
1629 1513 1728 1540 xat-

246 1568 300 1609 25
333 1555 440 1610 ροὺς
473 1552 642 1613 ἐγένετο
661 1549 863 1623 μεγάλη
864 1556 1121 1626 ναυμαχία
1145 1553 1305 1626 μεταξύ
1337 1552 1492 1606 Νάξου
1521 1555 1594 1599 καὶ
1624 1552 1729 1596 Πά-

328 1628 417 1683 ρον
437 1611 517 1655 διὰ
545 1608 752 1662 τοιαύτας
787 1611 938 1683 αἰτίας.
997 1611 1164 1663 Πόλλις
1196 1611 1219 1656 6
1248 1615 1340 1655 τῶν
1368 1613 1730 1667 Λακεδαιμονίων

328 1667 552 1725 ναύαρχος
588 1665 868 1738 πυθόμενος
881 1669 1007 1729 σίτου
1043 1673 1214 1724 πλῆθος
1257 1668 1305 1712 ἐν
1340 1667 1496 1711 ὁλκάσι
1530 1684 1728 1739 παρακο-

329 1728 530 1794 μίξεσθαι
568 1730 660 1776 τοῖς
702 1722 995 1795 Ἀθηναίοις,
1013 1725 1231 1796 ἐφήδρευε
1266 1725 1341 1769 καὶ
1379 1723 1614 1793 παρετήρει
1646 1724 1726 1769 τὸν

248 1801 301 1839 30
328 1782 585 1827 κατάπλουν
611 1785 698 1852 τῆς
728 1780 1014 1852 κομιζομένης
1048 1781 1238 1851 άγορας,
1279 1782 1597 1852 διανοούμενος
1626 1782 1727 1826 ἐπι-

329 1840 493 1884 θέσθαι
528 1844 626 1891 ταῖς
675 1837 871 1882 ὁλκάσιν.
941 1857 969 1882 α
1008 1838 1060 1896 δη
1099 1839 1352 1895 πυθόμενος
1392 1838 1416 1883 6
1457 1841 1594 1895 δῆμος
1639 1843 1731 1882 τῶν
1757 1850 1804 1885 39

286 1893 612 1970 Ἀθηναίων,-
632 1895 838 1950 ’ἐξέπεμψε
875 1894 1035 1939 στόλον
1074 1896 1451 1951 παραφυλάξοντα
1473 1914 1567 1966 την
1606 1907 1727 1939 σιτο-

329 1956 549 2026 πομπίανξ
592 1969 668 2002 και
698 1953 938 2008 διέπεμψεν
974 1954 1035 2005 είς
1072 1953 1150 1997 τὸν
1182 1955 1392 2007 Πειραιέα
1430 1953 1530 2009 τήν
1548 1958 1725 2009 κομιζο-

329 2012 469 2086 μένην
517 2008 703 2081 ἀγοράν.
775 2009 881 2065 μετὰ
932 2009 978 2053 δε
1026 2015 1164 2054 ταῦτα
1200 2012 1398 2081 Χαβρίας
1445 2026 1525 2066 μεν
1572 2011 1596 2054 ὁ
1637 2026 1728 2054 των

251 2083 304 2125 35
326 2069 578 2142 Ἀθηναίων
607 2066 830 2136 ναύαρχος
863 2083 969 2122 μετα
1010 2072 1094 2111 τοῦ
1133 2066 1293 2112 στόλου
1334 2067 1499 2118 παντὸς
1536 2065 1728 2118 πλεύσας

335 2126 405 2172 ἐπὶ
441 2125 521 2181 τὴν
559 2123 712 2177 Νάξον
756 2124 1066 2197 συνεστήσατο
1087 2119 1368 2179 πολιορκίαν.
1434 2123 1728 2193 προςαγαγών

336 2183 385 2229 δε
420 2187 515 2234 τοῖς
552 2183 707 2251 τείχεσι
743 2180 957 2237 μηχανάς,
997 2181 1072 2237 καὶ
1109 2180 1182 2226 διά
1218 2180 1389 2226 τούτων
1423 2180 1638 2232 σαλεύσας
1674 2182 1745 2225 τά

335 2241 476 2296 τείχη,
524 2238 723 2294 σπουδήν
764 2238 1007 2294 εἰςεφέρετο
1054 2240 1130 2296 βία
1174 2252 1386 2294 κρατήσαι
1424 2242 1503 2294 τῆς
1546 2237 1726 2289 πόλεως.

337 2297 428 2370 ἅμα
459 2296 506 2340 δὲ
532 2296 706 2348 τούτοις
733 2296 1049 2366 πραττομένοις
1079 2293 1244 2347 Πόλλις
1281 2296 1305 2340 ὁ
1333 2312 1424 2340 των
1453 2297 1676 2352 Λακεδαιμ
1682 2312 1728 2339 o-

254 2369 311 2413 40
338 2356 448 2398 νίων
476 2353 705 2424 ναύαρχος
735 2352 997 2396 κατέπλευσε
1013 2352 1265 2424 βοηθήσων
1291 2358 1383 2404 τοῖς
1411 2354 1607 2406 Ναξίοις.
1663 2368 1730 2408 γε·

337 2410 526 2469 νομένης
555 2410 602 2455 65
630 2411 879 2468 φιλοτιμίας
905 2406 1148 2469 ἀμφότεροι
1176 2408 1503 2468 συγκατέβησαν
1532 2411 1594 2462 εἰς
1623 2426 1727 2454 ναυ-

339 2562 374 2596 fl.
397 2560 510 2596 πάλιν
522 2560 613 2604 τῶν]
638 2560 722 2596 libri
742 2558 896 2597 πάντων
1030 2560 1090 2596 12.
1108 2559 1413 2606 προςμαχομένον
1423 2559 1655 2595 Schneiderus
1679 2561 1726 2596 ad

339 2608 463 2652 Xenop
466 2610 502 2642 h.
525 2609 618 2642 Hist.
644 2608 706 2642 Gr.
766 2607 900 2642 385.
930 2606 1014 2641 libri
1044 2609 1351 2663 προμαχομένου
1492 2606 1549 2641 15.
1576 2605 1724 2652 ἐπροτέ-

338 2667 434 2715 9⁰²‚W
442 2621 542 2689 psWe
545 2654 727 2699 selingius·
753 2655 835 2688 libri
858 2652 1083 2703 προετέρουν
1230 2654 1286 2690 23.
1311 2651 1353 2689 τὸ
1376 2651 1478 2695 τέλος
1496 2654 1725 2698 F11{L,cae·

339 2707 405 2742 teri
428 2701 532 2742 τέλος
715 2700 773 2735 26.
801 2699 956 2745 Πόλλις]
981 2697 1098 2741 Πόλις
1120 2700 1201 2736 FIK
1223 2712 1319 2744 semp
1322 2712 1360 2734 er

431 2751 490 2785 29.
516 2747 574 2783 31.
601 2745 731 2782 στόλον
755 2758 825 2781 om.
849 2747 880 2781 A
1041 2748 1098 2783 32²..
1123 2747 1342 2793 διέπεμψεν]
1372 2745 1587 2790 διαπέμψας
1608 2746 1655 2780 F1

341 2799 399 2833 33.
423 2793 690 2851 κομιζομένην]
726 2791 971 2842 νομιζομένην
1004 2784 1070 2831 ΑΚ
1250 2793 1308 2841 343.
1337 2794 1408 2829 τοῦ
1439 2792 1571 2828 στόλου
1602 2792 1742 2837 AFIL,

341 2845 471 2899 §poteri
495 2842 627 2883 στόλου
811 2839 870 2875 40.
895 2839 1092 2890 γενομένης
1116 2839 1171 2890 L
1186 2839 1323 2879 σαεῐοιὶ
1343 2840 1557 2887 γινομένης
