1820 3249
498 207 505 217 „
550 175 663 217 LIB.
693 174 785 217 XX.
845 174 977 217 CAP.
1011 177 1078 217 23.
1389 175 1501 215 1415

125 285 333 343 τοιαύτης
369 283 414 330 δ’
448 283 581 340 οὔσης
607 288 685 342 (τῆς
710 285 810 338 περὶ
839 284 916 329 τόν
951 285 1091 354 τόπον
1128 284 1411 341 ὀχυρότητος,
1450 283 1499 326 τὰ

127 345 206 413 μὲν
243 345 421 398 πρῶτον
458 342 482 386 6
521 341 727 396 Σάτυρος
761 341 841 397 τήν
881 358 924 385 τε
960 342 1111 398 χώραν
1147 346 1238 385 τῶν
1282 341 1500 393 πολεμίων

129 399 292 455 ἐδῄωσε
331 401 404 444 καὶ
440 399 518 450 τοὶς
556 397 706 452 κώμας
743 398 791 442 ἐι
784 396 1019 453 επύρισεν,
1061 399 1103 451 ἐξ
1143 400 1206 442 ὠν
1254 397 1501 468 αἰχμάλωτα

128 457 308 511 σώματα
333 456 408 500 καὶ
434 458 551 506 λείας
578 459 748 524 πλῆθος
774 455 966 511 ἤθροισε.
1003 456 1119 525 μετὰ
1136 454 1183 499 δε
1210 458 1347 499 ταῦτα
1375 454 1500 509 ἐγχει-

129 512 266 568 ρήσας
293 511 366 556 διὰ
392 516 481 556 τῶν
508 510 718 564 παρόδων
749 512 984 568 βιάζεσθαι,
1015 511 1125 556 κατὰ
1152 512 1230 567 μὲν
1261 510 1310 555 τὸ
1337 511 1504 564 προτεί-

127 580 276 636 γισμα
294 569 369 613 ’καὶ
403 569 513 619 τούς
537 568 739 638 πύργους
764 569 955 617 πολλοὺς
984 567 1223 638 ἀποβαλών
1251 572 1341 611 τῶν
1375 580 1503 619 στρα-

127 628 297 669 τιωτῶν
327 624 602 682 ἀπεχώρησε·
634 625 744 669 κατὰ
774 627 819 669 δὲ
845 626 899 670 τα
929 626 1003 682 ἕλη
1023 624 1307 694 βιασάμενος
1328 624 1503 679 ἐκράτη-

120 694 199 726 σει
207 685 308 724 τῶν
334 683 520 734 ξυλίνων
557 684 802 738 φρουρίων.
881 687 1020 726 ταῦτα
1058 682 1104 726 δὲ
1147 679 1390 735 διαρπάσας
1429 681 1505 722 καὶ

126 737 286 808 διαβάς
323 739 402 782 τὸν
412 739 652 798 ποταμόν,
691 739 850 794 ἤρξατο
879 742 1057 783 κόπτειν
1083 737 1164 795 τήν
1182 737 1329 806 ὕλην,
1359 736 1421 780 δι’
1452 740 1502 791 ῆς
1536 744 1586 783 10

119 793 372 850 ἀναγκαῖον
400 798 457 852 ἡν
486 796 630 840 ἐλθεῖν
659 797 729 839 ἐπὶ
767 796 820 839 τὰ
851 798 1058 866 βασίλεια.
1116 793 1285 840 τούτων
1317 793 1359 837 δ’
1391 793 1503 846 ἐνερ-

119 855 211 907 γῶς
241 852 617 908 συντελουμένων,
653 851 917 909 Ἀριφάρνης
958 851 982 896 6
1012 851 1215 921 βασιλεὺς
1254 849 1503 906 ἀγωνιάσας

119 909 197 964 -μὴ
215 909 326 952 κατὰ
352 909 512 964 κράτος
542 909 709 953 άλωναι
737 913 884 981 συμβῇ
917 909 997 966 τὴν
1027 907 1278 963 ἀκρόπολιν,
1309 908 1505 962 διηγωνί-

120 969 220 1018 ζετο
248 965 591 1023 τολμηρότερον,
631 983 690 1017 ως
730 966 778 1009 ἐν
808 968 929 1023 μόνῳ
958 969 1019 1023 τῷ
1046 969 1175 1008 νικᾶν
1203 964 1400 1036 κειμένης
1430 979 1506 1018 της

128 1024 354 1092 σωτηρίας.
412 1025 592 1066 διείλετο
632 1023 678 1066 δὲ
721 1023 796 1066 καὶ
823 1040 929 1073 τους
967 1023 1145 1074 τοξότας
1176 1019 1244 1064 ἐπ’
1278 1019 1506 1076 αμφότερα
1539 1023 1588 1064 15

116 1077 188 1123 κτὰ
211 1079 318 1148 μέρη
348 1095 423 1134 της
451 1078 665 1134 παρόδου,
696 1078 758 1122 δι’
790 1082 854 1122 ὠν
883 1080 1043 1149 ῥᾳδίως
1071 1080 1379 1132 κατετίτρωσκε
1401 1077 1506 1127 τοὺς

126 1135 206 1189 τὴν
235 1133 347 1205 ὕλην
374 1135 639 1187 κόπτοντας,
670 1135 729 1191 μὴ
769 1135 1044 1188 δυναμένους
1082 1133 1187 1190 μήτε
1226 1137 1506 1188 προορᾶσθαι

125 1192 180 1234 τά
208 1191 312 1248 βέλη
341 1191 440 1248 μήτ’
473 1191 719 1248 ἀμύνεσθαι
748 1193 852 1243 τούς
872 1190 1121 1263 βάλλοντας
1140 1191 1213 1234 δια
1240 1191 1320 1245 τὴν
1347 1189 1508 1233 πυκνό-

125 1264 233 1316 τητα
261 1252 350 1291 τῶν
379 1249 585 1303 δένδρων.
645 1251 690 1293 οἱ
726 1249 772 1292 δὲ
809 1249 906 1303 περὶ
942 1248 1023 1291 τόν
1050 1247 1260 1302 Σάτυρον
1299 1247 1367 1290 ἐπὶ
1396 1251 1516 1299 τρεῖς
1538 1254 1592 1292 20

116 1321 208 1360 >μεν
238 1303 402 1361 ἡμέρας
439 1305 618 1361 ἔτεμνον
645 1303 728 1361 τὴν
763 1304 899 1375 ὕλην,
939 1305 1286 1373 ὁδοποιούμενοι
1313 1303 1388 1347 καὶ
1418 1307 1510 1346 δια-

129 1365 445 1434 καρτεροῦντες
481 1362 718 1417 ἐπιπόνως·
757 1379 810 1417 τῃ
849 1363 895 1405 δὲ
924 1361 1104 1418 τετάρτη
1135 1360 1404 1416 συνήγγισαν
1433 1375 1512 1415 μεν

129 1422 191 1475 τῷ
219 1421 369 1473 τείχει,
409 1419 644 1474 νικώμενοι
684 1418 730 1462 δὲ
766 1422 828 1476 τῷ
849 1418 1017 1490 πλήθει
1052 1435 1141 1462 των
1180 1421 1321 1474 βελων
1347 1417 1423 1460 καὶ
1458 1420 1512 1474 τῇ

118 1478 220 1517 -τῶν
255 1475 406 1518 τόπων
440 1467 706 1545 στενοχωρία
733 1463 956 1546 μεγάλοις
1000 1474 1272 1543 ἐλαττώμασι
1318 1473 1510 1528 περιέπι-

129 1547 255 1601 πτον.
314 1533 539 1583 Μενίσκος
578 1549 656 1588 μεν
690 1549 774 1588 γαρ
811 1530 836 1575 6
875 1536 964 1575 τῶν
997 1529 1291 1588 μισθοφόρων
1323 1530 1524 1585 ἡγεμών,
1541 1529 1594 1572 25

131 1586 243 1644 ἀνὴρ
273 1589 348 1632 καὶ
388 1588 558 1632 συνέσει
597 1589 672 1633 καὶ
707 1589 843 1646 τόλμη
874 1590 1121 1645 διαφέρων,
1154 1587 1432 1656 προςπεσών
1440 1586 1515 1633 δια

129 1649 207 1700 τῆς
238 1645 395 1690 διόδου
430 1645 542 1699 πρὸς
579 1645 638 1689 τό
659 1650 823 1701 τεῖχος,
863 1647 937 1688 καὶ
973 1646 1079 1701 μετὰ
1115 1649 1203 1688 τῶν
1240 1644 1339 1697 περὶ
1377 1641 1515 1687 αὐτόν

130 1706 344 1756 λαμπρως
378 1701 729 1772 ἀγωνισάμενος,
770 1702 1020 1758 ἐξεβιάσθη,
1061 1702 1401 1746 πολλαπλασίων
1443 1698 1512 1743 ἐπ’

131 1757 273 1802 αὐτὸν
297 1759 634 1812 ἐπεξελθόντων.
670 1758 723 1803 ὃν
752 1759 860 1802 ἰδών
889 1759 914 1802 6
946 1760 1150 1827 Σάτυρος
1179 1757 1512 1808 κινδυνεύοντα,

130 1816 292 1885 ταχέως
336 1816 625 1886 παρεβοήθει,
671 1816 747 1859 καὶ
781 1832 861 1886 την
905 1815 1126 1871 ἐπιφοραν
1163 1831 1252 1858 των
1293 1816 1512 1884 πολεμίων
1541 1820 1595 1859 30

82 1880 84 1884 ’
130 1870 329 1924 υποστάς
368 1872 536 1943 ἐτρώθη
576 1871 710 1929 λόγχῃ
751 1872 824 1916 δια
862 1877 942 1916 τοῦ
981 1873 1227 1928 βραχίονος
1285 1874 1430 1922 κακῶς
1468 1869 1510 1914 δ’

118 1927 414 1978 ἀπαλλάττων
450 1928 537 1973 ὑπὸ
569 1933 651 1972 τοῦ
676 1928 924 1984 τραύματος
952 1929 1196 1984 ἐπανῆλθεν
1232 1929 1293 1979 εἰς
1321 1927 1401 1983 τήν
1430 1943 1511 1977 ποι-

116 1985 387 2056 -ρτμβολήν,
394 1987 476 2029 καὶ
506 1985 666 2036 νυκτός
695 1985 998 2056 ἐπιγενομένης
1018 1985 1178 2038 ἐξέλιπε
1206 1985 1285 2028 τὸν
1314 1986 1426 2039 βίον,
1447 1984 1512 2027 ἐν·

132 2042 211 2085 νέα
247 2041 389 2112 μόνον
425 2046 564 2112 μῆνας
601 2042 862 2098 βασιλεύσας
894 2043 998 2113 μετοέ
1039 2043 1119 2112 τὴν
1147 2045 1230 2085 τοῦ
1259 2041 1422 2096 πατρὸς
1451 2042 1511 2083 τε·
1540 2041 1594 2085 35

133 2099 292 2168 λευτην
332 2099 617 2152 Παρυσάδου.
685 2102 906 2151 Μενίσκος
944 2097 988 2142 δ’
1027 2098 1051 2143 6
1092 2102 1181 2142 τῶν
1218 2097 1514 2167 μισθοφόρων

133 2154 308 2224 ἡγεμών
335 2155 471 2205 λύσας
506 2158 585 2212 τὴν
612 2158 873 2208 πολιορκίαν
904 2155 1097 2224 ἀπήγαγε
1127 2155 1205 2211 τὴν
1233 2154 1423 2211 δύναμιν
1454 2156 1514 2205 εἰς

137 2211 369 2268 Γάργαζαν
407 2213 560 2256 πόλιν·
603 2212 806 2262 κάκεῖθεν
845 2215 894 2257 τὸ
929 2217 1010 2256 τοῦ
1051 2212 1256 2268 βασιλέως
1287 2216 1410 2263 σῶμα
1440 2210 1512 2254 διὰ

134 2272 220 2312 τοῦ
262 2273 464 2324 ποταμοῦ
513 2269 757 2340 διεκόμισεν
796 2272 857 2320 εἰς
897 2271 1226 2312 Παντικάπαιον
1274 2268 1386 2320 πρὸς
1435 2267 1513 2310 τὸν

134 2323 332 2380 ἀδελφόν
363 2326 599 2380 Πρύτανιν.
658 2326 707 2377 ὂς
738 2328 885 2382 ταφὴν
915 2326 1170 2376 συντελέσας
1205 2328 1510 2395 μεγαλοπρεπῆ
1539 2332 1593 2375 40

135 2381 211 2424 καὶ
239 2383 532 2439 καταθέμενος
564 2386 623 2436 εἷς
646 2401 726 2435 σας
754 2382 981 2454 βασιλικὰς
999 2381 1151 2438 θήκας
1180 2381 1229 2424 τὸ
1262 2386 1398 2437 σῶμα,
1432 2398 1510 2424 τα-

135 2436 239 2494 χέως
266 2440 370 2495 ἡκεν
400 2442 460 2491 εἰς
488 2439 741 2497 Γάργαζαν,
779 2440 852 2484 καὶ
886 2457 968 2497 την
997 2440 1185 2495 δύναμιν
1214 2437 1302 2494 ἅμα
1331 2439 1405 2482 καὶ
1432 2453 1512 2493 την

1530 452 1555 493 (λ

189 2628 199 2639 O
229 2583 310 2619 422.
355 2584 412 2620 11.
438 2583 477 2622 δ’
500 2586 531 2620 F
674 2587 732 2622 12.
758 2584 986 2632 earumdem]
1013 2584 1311 2630 αγωνιασάμενος
1334 2585 1397 2621 καὶ
1416 2597 1510 2628 θίγω

137 2641 268 2672 Ψιᾱσας
291 2631 324 2665 X
507 2631 563 2667 15.
591 2632 768 2677 διείλετο]
799 2635 960 2670 διείλατο
987 2634 1067 2668 FW
1246 2633 1293 2667 22
1340 2631 1385 2676 μὲ
1388 2645 1408 2666 v
1441 2643 1509 2664 om.

138 2677 222 2711 Bas.
404 2677 460 2711 27
485 2675 623 2724 αὐτὸν]
648 2678 782 2716 ἑαυτὸν
805 2681 836 2714 F
1019 2680 1077 2714 28.
1100 2679 1400 2723 πολλαπλασίων]
1422 2680 1511 2712 πολ-

141 2721 394 2759 λαπλασιόνων
417 2724 495 2758 FW
676 2727 734 2761 31.
757 2739 881 2767 κακως
914 2724 978 2771 δ’]
1010 2726 1073 2761 καὶ
1103 2727 1224 2764 κακῶς
1248 2727 1328 2759 Rae.

140 2769 200 2802 3⁴.
222 2769 338 2849 μένον
361 2770 503 2816 μῆνας]
527 2772 649 2816 μῆνας
669 2771 788 2817 μόνον
810 2774 892 2808 Bas.
1074 2771 1131 2807 38.
1155 2769 1218 2807 διὰ
1243 2772 1311 2806 τοῦ
1340 2769 1512 2812 ποταμοῦ

141 2826 210 2849 om.

1131 2874 1237 2918 94*
