<?xml version="1.0" encoding="UTF-8"?>
<!DOCTYPE html PUBLIC "-//W3C//DTD XHTML 1.0 Transitional//EN"
    "http://www.w3.org/TR/xhtml1/DTD/xhtml1-transitional.dtd">
<html xmlns="http://www.w3.org/1999/xhtml" xml:lang="en" lang="en">
 <head>
  <title>
</title>
<meta http-equiv="Content-Type" content="text/html;charset=utf-8" />
  <meta name='ocr-system' content='tesseract 3.04.00' />
  <meta name='ocr-capabilities' content='ocr_page ocr_carea ocr_par ocr_line ocrx_word'/>
</head>
<body>
  <div class='ocr_page' id='page_1' title='image "./p1bibliothecahisto02dioduoft_0014.png"; bbox 0 0 1820 3249; ppageno 0'>
   <div class='ocr_carea' id='block_1_1' title="bbox 281 142 1250 188">
    <p class='ocr_par' dir='ltr' id='par_1_1' title="bbox 281 142 1250 188">
     <span class='ocr_line' id='line_1_1' title="bbox 281 142 1250 188; baseline -0.002 -2"><span class='ocrx_word' id='word_1_1' title='bbox 281 157 350 188; x_wconf 76' lang='lat' dir='ltr'>viu</span> <span class='ocrx_word' id='word_1_2' title='bbox 698 142 1250 185; x_wconf 77' lang='lat' dir='ltr'><strong>PRAEFATIO.</strong></span> 
     </span>
    </p>
   </div>
   <div class='ocr_carea' id='block_1_2' title="bbox 280 254 1694 1852">
    <p class='ocr_par' dir='ltr' id='par_1_2' title="bbox 281 254 1663 367">
     <span class='ocr_line' id='line_1_2' title="bbox 395 254 1663 311; baseline -0.003 -8"><span class='ocrx_word' id='word_1_3' title='bbox 395 261 435 300; x_wconf 87' lang='lat' dir='ltr'>P·</span> <span class='ocrx_word' id='word_1_4' title='bbox 460 258 555 303; x_wconf 84' lang='lat'><strong>577.</strong></span> <span class='ocrx_word' id='word_1_5' title='bbox 575 261 644 301; x_wconf 78' lang='lat'><strong>23.</strong></span> <span class='ocrx_word' id='word_1_6' title='bbox 673 254 948 309; x_wconf 76' lang='grc' dir='ltr'><strong>κατεσκεύαζε]</strong></span> <span class='ocrx_word' id='word_1_7' title='bbox 979 254 1213 305; x_wconf 76' lang='grc' dir='ltr'><strong><em>ἐπεσκεύαζε</em></strong></span> <span class='ocrx_word' id='word_1_8' title='bbox 1233 262 1340 296; x_wconf 84' lang='lat' dir='ltr'>recte</span> <span class='ocrx_word' id='word_1_9' title='bbox 1365 258 1663 311; x_wconf 84' lang='lat' dir='ltr'>Wesselingius.</span> 
     </span>
     <span class='ocr_line' id='line_1_3' title="bbox 281 314 1312 367; baseline -0.003 -11"><span class='ocrx_word' id='word_1_10' title='bbox 281 318 383 358; x_wconf 86' lang='lat' dir='ltr'>Vide</span> <span class='ocrx_word' id='word_1_11' title='bbox 406 323 540 354; x_wconf 81' lang='lat' dir='ltr'>annot.</span> <span class='ocrx_word' id='word_1_12' title='bbox 570 316 620 353; x_wconf 80' lang='lat' dir='ltr'>acl</span> <span class='ocrx_word' id='word_1_13' title='bbox 650 330 687 367; x_wconf 87' lang='lat' dir='ltr'>p.</span> <span class='ocrx_word' id='word_1_14' title='bbox 709 314 805 357; x_wconf 82' lang='lat'><strong>543.</strong></span> <span class='ocrx_word' id='word_1_15' title='bbox 830 318 895 356; x_wconf 86' lang='grc'>29.</span> <span class='ocrx_word' id='word_1_16' title='bbox 922 315 1003 353; x_wconf 88' lang='lat' dir='ltr'><strong>vol.</strong></span> <span class='ocrx_word' id='word_1_17' title='bbox 1025 314 1075 354; x_wconf 90' lang='grc' dir='ltr'>Π.</span> <span class='ocrx_word' id='word_1_18' title='bbox 1099 328 1138 364; x_wconf 85' lang='lat' dir='ltr'>p.</span> <span class='ocrx_word' id='word_1_19' title='bbox 1156 315 1250 356; x_wconf 82' lang='lat'><strong>476.</strong></span> <span class='ocrx_word' id='word_1_20' title='bbox 1274 314 1312 356; x_wconf 87' lang='lat'>4.</span> 
     </span>
    </p>

    <p class='ocr_par' dir='ltr' id='par_1_3' title="bbox 394 368 1149 423">
     <span class='ocr_line' id='line_1_4' title="bbox 394 368 1149 423; baseline -0.011 -11"><span class='ocrx_word' id='word_1_21' title='bbox 394 375 438 412; x_wconf 88' lang='lat' dir='ltr'>P.</span> <span class='ocrx_word' id='word_1_22' title='bbox 465 374 559 415; x_wconf 84' lang='grc'><strong>581.</strong></span> <span class='ocrx_word' id='word_1_23' title='bbox 586 376 650 414; x_wconf 86' lang='grc'>13.</span> <span class='ocrx_word' id='word_1_24' title='bbox 683 368 793 423; x_wconf 71' lang='grc' dir='ltr'><strong><em>μετοέ]</em></strong></span> <span class='ocrx_word' id='word_1_25' title='bbox 824 371 950 408; x_wconf 83' lang='lat' dir='ltr'>Immo</span> <span class='ocrx_word' id='word_1_26' title='bbox 975 370 1017 411; x_wconf 83' lang='grc' dir='ltr'>οἷ</span> <span class='ocrx_word' id='word_1_27' title='bbox 1039 368 1149 421; x_wconf 62' lang='grc' dir='ltr'><strong>μετά.</strong></span> 
     </span>
    </p>

    <p class='ocr_par' dir='ltr' id='par_1_4' title="bbox 280 424 1671 709">
     <span class='ocr_line' id='line_1_5' title="bbox 395 424 1668 479; baseline -0.001 -11"><span class='ocrx_word' id='word_1_28' title='bbox 395 430 437 469; x_wconf 88' lang='grc' dir='ltr'>Ρ.</span> <span class='ocrx_word' id='word_1_29' title='bbox 453 430 546 472; x_wconf 85' lang='grc'><strong>584.</strong></span> <span class='ocrx_word' id='word_1_30' title='bbox 561 430 631 472; x_wconf 84' lang='grc'>51.</span> <span class='ocrx_word' id='word_1_31' title='bbox 662 430 815 466; x_wconf 83' lang='lat' dir='ltr'>Omissa</span> <span class='ocrx_word' id='word_1_32' title='bbox 829 434 892 465; x_wconf 91' lang='lat' dir='ltr'>·est</span> <span class='ocrx_word' id='word_1_33' title='bbox 913 427 1135 465; x_wconf 85' lang='lat' dir='ltr'>annotatio:</span> <span class='ocrx_word' id='word_1_34' title='bbox 1168 424 1222 475; x_wconf 72' lang='grc' dir='ltr'>ὥς</span> <span class='ocrx_word' id='word_1_35' title='bbox 1241 424 1283 467; x_wconf 80' lang='grc' dir='ltr'>δὲ</span> <span class='ocrx_word' id='word_1_36' title='bbox 1302 426 1547 479; x_wconf 81' lang='lat' dir='ltr'>Stephanus:</span> <span class='ocrx_word' id='word_1_37' title='bbox 1574 429 1668 467; x_wconf 83' lang='lat' dir='ltr'>libri</span> 
     </span>
     <span class='ocr_line' id='line_1_6' title="bbox 285 484 1667 536; baseline 0 -13"><span class='ocrx_word' id='word_1_38' title='bbox 285 485 306 528; x_wconf 88' lang='grc' dir='ltr'>ὁ</span> <span class='ocrx_word' id='word_1_39' title='bbox 327 484 384 530; x_wconf 75' lang='grc' dir='ltr'>δὲ.</span> <span class='ocrx_word' id='word_1_40' title='bbox 441 486 562 533; x_wconf 82' lang='lat' dir='ltr'>Quod</span> <span class='ocrx_word' id='word_1_41' title='bbox 583 486 652 536; x_wconf 84' lang='lat' dir='ltr'>qui</span> <span class='ocrx_word' id='word_1_42' title='bbox 672 485 880 523; x_wconf 84' lang='lat' dir='ltr'>serendum</span> <span class='ocrx_word' id='word_1_43' title='bbox 904 489 1029 535; x_wconf 84' lang='lat' dir='ltr'>putet,</span> <span class='ocrx_word' id='word_1_44' title='bbox 1054 490 1191 521; x_wconf 75' lang='lat' dir='ltr'>utatur</span> <span class='ocrx_word' id='word_1_45' title='bbox 1209 485 1300 521; x_wconf 83' lang='lat' dir='ltr'>loco</span> <span class='ocrx_word' id='word_1_46' title='bbox 1316 484 1517 523; x_wconf 81' lang='lat' dir='ltr'>Plutarchi</span> <span class='ocrx_word' id='word_1_47' title='bbox 1542 486 1667 524; x_wconf 85' lang='lat' dir='ltr'>Aleib.</span> 
     </span>
     <span class='ocr_line' id='line_1_7' title="bbox 284 536 1669 595; baseline -0.001 -14"><span class='ocrx_word' id='word_1_48' title='bbox 284 557 319 582; x_wconf 90' lang='lat' dir='ltr'>c.</span> <span class='ocrx_word' id='word_1_49' title='bbox 334 546 396 585; x_wconf 86' lang='lat'><strong>11.</strong></span> <span class='ocrx_word' id='word_1_50' title='bbox 415 542 613 595; x_wconf 70' lang='grc' dir='ltr'><strong><em>τέταρτον,</em></strong></span> <span class='ocrx_word' id='word_1_51' title='bbox 625 541 678 590; x_wconf 74' lang='grc' dir='ltr'>ὥς</span> <span class='ocrx_word' id='word_1_52' title='bbox 692 541 944 592; x_wconf 82' lang='grc' dir='ltr'><em>Θουκυδίδης</em></span> <span class='ocrx_word' id='word_1_53' title='bbox 955 541 1093 591; x_wconf 84' lang='grc' dir='ltr'><strong><em>φησίν,</em></strong></span> <span class='ocrx_word' id='word_1_54' title='bbox 1105 539 1130 580; x_wconf 83' lang='grc' dir='ltr'>ὁ</span> <span class='ocrx_word' id='word_1_55' title='bbox 1149 536 1189 580; x_wconf 84' lang='grc' dir='ltr'>δ’</span> <span class='ocrx_word' id='word_1_56' title='bbox 1200 537 1427 592; x_wconf 72' lang='grc' dir='ltr'><em>Εὐριπίδης</em></span> <span class='ocrx_word' id='word_1_57' title='bbox 1440 542 1582 594; x_wconf 81' lang='grc' dir='ltr'><strong><em>τρίτον,</em></strong></span> <span class='ocrx_word' id='word_1_58' title='bbox 1593 542 1669 580; x_wconf 78' lang='lat' dir='ltr'>nisi</span> 
     </span>
     <span class='ocr_line' id='line_1_8' title="bbox 280 597 1671 651; baseline -0.001 -12"><span class='ocrx_word' id='word_1_59' title='bbox 280 601 317 639; x_wconf 86' lang='lat' dir='ltr'>is</span> <span class='ocrx_word' id='word_1_60' title='bbox 349 599 489 639; x_wconf 84' lang='lat' dir='ltr'>eodem</span> <span class='ocrx_word' id='word_1_61' title='bbox 521 600 640 637; x_wconf 88' lang='lat' dir='ltr'>modo</span> <span class='ocrx_word' id='word_1_62' title='bbox 675 597 934 646; x_wconf 71' lang='lat' dir='ltr'>corrigendus</span> <span class='ocrx_word' id='word_1_63' title='bbox 963 603 1031 635; x_wconf 84' lang='lat' dir='ltr'>est.</span> <span class='ocrx_word' id='word_1_64' title='bbox 1108 597 1317 636; x_wconf 83' lang='lat' dir='ltr'>Caeterum</span> <span class='ocrx_word' id='word_1_65' title='bbox 1346 598 1529 650; x_wconf 76' lang='lat' dir='ltr'><strong>proxime</strong></span> <span class='ocrx_word' id='word_1_66' title='bbox 1556 613 1671 651; x_wconf 81' lang='lat' dir='ltr'>prae-</span> 
     </span>
     <span class='ocr_line' id='line_1_9' title="bbox 282 653 1334 709; baseline -0.004 -14"><span class='ocrx_word' id='word_1_67' title='bbox 282 663 417 709; x_wconf 73' lang='lat' dir='ltr'>gressa</span> <span class='ocrx_word' id='word_1_68' title='bbox 446 657 623 707; x_wconf 77' lang='lat' dir='ltr'>respexit</span> <span class='ocrx_word' id='word_1_69' title='bbox 648 653 879 693; x_wconf 81' lang='lat' dir='ltr'>Eustathius</span> <span class='ocrx_word' id='word_1_70' title='bbox 900 654 956 692; x_wconf 72' lang='lat' dir='ltr'>,ad</span> <span class='ocrx_word' id='word_1_71' title='bbox 984 654 1150 705; x_wconf 84' lang='lat' dir='ltr'><strong>Dionys.</strong></span> <span class='ocrx_word' id='word_1_72' title='bbox 1180 668 1218 693; x_wconf 90' lang='lat' dir='ltr'>v.</span> <span class='ocrx_word' id='word_1_73' title='bbox 1240 656 1334 695; x_wconf 79' lang='lat'><strong>467.</strong></span> 
     </span>
    </p>

    <p class='ocr_par' dir='ltr' id='par_1_5' title="bbox 282 706 1674 885">
     <span class='ocr_line' id='line_1_10' title="bbox 397 706 1673 763; baseline -0.005 -11"><span class='ocrx_word' id='word_1_74' title='bbox 397 714 438 753; x_wconf 89' lang='lat' dir='ltr'>P.</span> <span class='ocrx_word' id='word_1_75' title='bbox 459 715 553 756; x_wconf 83' lang='lat'><strong>595.</strong></span> <span class='ocrx_word' id='word_1_76' title='bbox 578 716 644 754; x_wconf 90' lang='lat'>81.</span> <span class='ocrx_word' id='word_1_77' title='bbox 683 709 897 763; x_wconf 80' lang='grc' dir='ltr'><strong><em>Εὕβατος]</em></strong></span> <span class='ocrx_word' id='word_1_78' title='bbox 944 710 1209 749; x_wconf 79' lang='lat' dir='ltr'>scribendum</span> <span class='ocrx_word' id='word_1_79' title='bbox 1238 706 1451 763; x_wconf 69' lang='grc' dir='ltr'><strong>Εὐβώτας.</strong></span> <span class='ocrx_word' id='word_1_80' title='bbox 1490 713 1673 751; x_wconf 65' lang='lat' dir='ltr'>Eurotas,—</span> 
     </span>
     <span class='ocr_line' id='line_1_11' title="bbox 284 767 1674 823; baseline -0.001 -12"><span class='ocrx_word' id='word_1_81' title='bbox 284 770 478 812; x_wconf 77' lang='lat' dir='ltr'>Eusebius</span> <span class='ocrx_word' id='word_1_82' title='bbox 510 769 603 808; x_wconf 76' lang='lat' dir='ltr'>Maii</span> <span class='ocrx_word' id='word_1_83' title='bbox 633 782 673 821; x_wconf 89' lang='lat' dir='ltr'>p.</span> <span class='ocrx_word' id='word_1_84' title='bbox 707 769 800 810; x_wconf 65' lang='lat'><strong>130.</strong></span> <span class='ocrx_word' id='word_1_85' title='bbox 835 791 837 794; x_wconf 93' lang='lat'>·</span> <span class='ocrx_word' id='word_1_86' title='bbox 983 771 1021 810; x_wconf 83' lang='lat'>9.</span> <span class='ocrx_word' id='word_1_87' title='bbox 1068 767 1297 822; x_wconf 78' lang='grc' dir='ltr'><strong><em>στρατείαν]</em></strong></span> <span class='ocrx_word' id='word_1_88' title='bbox 1333 769 1470 819; x_wconf 80' lang='lat' dir='ltr'>„Lege</span> <span class='ocrx_word' id='word_1_89' title='bbox 1511 782 1674 823; x_wconf 71' lang='grc' dir='ltr'><strong><em>στρατη-</em></strong></span> 
     </span>
     <span class='ocr_line' id='line_1_12' title="bbox 282 827 659 885; baseline -0.016 -15"><span class='ocrx_word' id='word_1_90' title='bbox 282 829 415 885; x_wconf 76' lang='grc' dir='ltr'><strong>γίαν.“</strong></span> <span class='ocrx_word' id='word_1_91' title='bbox 448 827 659 865; x_wconf 77' lang='lat' dir='ltr'>Dobraeus.</span> 
     </span>
    </p>

    <p class='ocr_par' dir='ltr' id='par_1_6' title="bbox 284 881 1694 1048">
     <span class='ocr_line' id='line_1_13' title="bbox 398 881 1675 933; baseline -0.001 -12"><span class='ocrx_word' id='word_1_92' title='bbox 398 885 441 922; x_wconf 86' lang='lat' dir='ltr'>P.</span> <span class='ocrx_word' id='word_1_93' title='bbox 466 885 561 926; x_wconf 82' lang='grc'><strong>596.</strong></span> <span class='ocrx_word' id='word_1_94' title='bbox 592 886 660 925; x_wconf 82' lang='lat'><strong>29.</strong></span> <span class='ocrx_word' id='word_1_95' title='bbox 691 881 884 921; x_wconf 82' lang='lat' dir='ltr'>Similiter</span> <span class='ocrx_word' id='word_1_96' title='bbox 913 887 960 921; x_wconf 80' lang='lat' dir='ltr'>ut</span> <span class='ocrx_word' id='word_1_97' title='bbox 985 895 1059 921; x_wconf 86' lang='lat' dir='ltr'>nos</span> <span class='ocrx_word' id='word_1_98' title='bbox 1094 888 1183 933; x_wconf 87' lang='lat' dir='ltr'>post</span> <span class='ocrx_word' id='word_1_99' title='bbox 1212 881 1418 920; x_wconf 86' lang='lat' dir='ltr'>Reiskium</span> <span class='ocrx_word' id='word_1_100' title='bbox 1451 881 1675 921; x_wconf 84' lang='lat' dir='ltr'>Dobraeus:</span> 
     </span>
     <span class='ocr_line' id='line_1_14' title="bbox 284 933 1694 993; baseline -0.002 -12"><span class='ocrx_word' id='word_1_101' title='bbox 284 941 447 993; x_wconf 80' lang='lat' dir='ltr'>„Malim</span> <span class='ocrx_word' id='word_1_102' title='bbox 479 938 550 988; x_wconf 74' lang='grc' dir='ltr'><strong><em>τοὶς</em></strong></span> <span class='ocrx_word' id='word_1_103' title='bbox 579 935 724 990; x_wconf 77' lang='grc' dir='ltr'><em>στήλας</em></span> <span class='ocrx_word' id='word_1_104' title='bbox 748 934 1033 980; x_wconf 75' lang='grc' dir='ltr'><strong><em>κατεπόντισαν</em></strong></span> <span class='ocrx_word' id='word_1_105' title='bbox 1055 937 1098 979; x_wconf 75' lang='grc' dir='ltr'>ἓν</span> <span class='ocrx_word' id='word_1_106' title='bbox 1121 933 1185 986; x_wconf 82' lang='grc' dir='ltr'>αἷς</span> <span class='ocrx_word' id='word_1_107' title='bbox 1207 933 1260 990; x_wconf 76' lang='grc' dir='ltr'>ἦν</span> <span class='ocrx_word' id='word_1_108' title='bbox 1281 937 1310 990; x_wconf 73' lang='grc' dir='ltr'><em>ἦ</em></span> <span class='ocrx_word' id='word_1_109' title='bbox 1329 939 1535 990; x_wconf 75' lang='grc' dir='ltr'><strong><em>καταδίκη.</em></strong></span> <span class='ocrx_word' id='word_1_110' title='bbox 1572 935 1694 979; x_wconf 80' lang='grc' dir='ltr'><strong><em>εἶναι·</em></strong></span> 
     </span>
     <span class='ocr_line' id='line_1_15' title="bbox 284 995 1353 1048; baseline -0.003 -12"><span class='ocrx_word' id='word_1_111' title='bbox 284 1000 328 1041; x_wconf 79' lang='grc' dir='ltr'>ἐν</span> <span class='ocrx_word' id='word_1_112' title='bbox 348 999 593 1048; x_wconf 74' lang='lat' dir='ltr'>inscriptum</span> <span class='ocrx_word' id='word_1_113' title='bbox 618 1011 698 1033; x_wconf 69' lang='lat' dir='ltr'>esse</span> <span class='ocrx_word' id='word_1_114' title='bbox 721 995 927 1047; x_wconf 82' lang='lat' dir='ltr'>Aristoph.</span> <span class='ocrx_word' id='word_1_115' title='bbox 952 997 1023 1047; x_wconf 88' lang='lat' dir='ltr'>Eq.</span> <span class='ocrx_word' id='word_1_116' title='bbox 1043 996 1139 1038; x_wconf 87' lang='lat'><strong>794.</strong></span> <span class='ocrx_word' id='word_1_117' title='bbox 1158 1002 1197 1034; x_wconf 83' lang='lat' dir='ltr'>et</span> <span class='ocrx_word' id='word_1_118' title='bbox 1219 995 1353 1033; x_wconf 82' lang='lat' dir='ltr'>alibi.“</span> 
     </span>
    </p>

    <p class='ocr_par' dir='ltr' id='par_1_7' title="bbox 283 1059 1686 1852">
     <span class='ocr_line' id='line_1_16' title="bbox 400 1059 1677 1115; baseline -0.004 -10"><span class='ocrx_word' id='word_1_119' title='bbox 400 1067 443 1107; x_wconf 92' lang='lat' dir='ltr'><strong>P.</strong></span> <span class='ocrx_word' id='word_1_120' title='bbox 465 1068 561 1108; x_wconf 84' lang='lat'><strong>607.</strong></span> <span class='ocrx_word' id='word_1_121' title='bbox 586 1065 662 1106; x_wconf 84' lang='grc'>42.</span> <span class='ocrx_word' id='word_1_122' title='bbox 690 1061 734 1103; x_wconf 84' lang='grc' dir='ltr'>τὸ</span> <span class='ocrx_word' id='word_1_123' title='bbox 754 1061 796 1103; x_wconf 82' lang='grc' dir='ltr'>δὲ</span> <span class='ocrx_word' id='word_1_124' title='bbox 826 1059 974 1110; x_wconf 64' lang='grc' dir='ltr'><strong><em>πλάτος</em></strong></span> <span class='ocrx_word' id='word_1_125' title='bbox 993 1060 1200 1115; x_wconf 72' lang='grc' dir='ltr'><strong><em>ἑξήκοντα]</em></strong></span> <span class='ocrx_word' id='word_1_126' title='bbox 1232 1063 1450 1101; x_wconf 84' lang='lat' dir='ltr'>Numerum</span> <span class='ocrx_word' id='word_1_127' title='bbox 1471 1061 1582 1100; x_wconf 86' lang='lat' dir='ltr'>hunc</span> <span class='ocrx_word' id='word_1_128' title='bbox 1608 1062 1677 1101; x_wconf 88' lang='lat' dir='ltr'>vi·-</span> 
     </span>
     <span class='ocr_line' id='line_1_17' title="bbox 287 1120 1677 1170; baseline -0.004 -8"><span class='ocrx_word' id='word_1_129' title='bbox 287 1125 345 1163; x_wconf 90' lang='lat' dir='ltr'>tio</span> <span class='ocrx_word' id='word_1_130' title='bbox 373 1122 562 1160; x_wconf 78' lang='lat' dir='ltr'>affectum</span> <span class='ocrx_word' id='word_1_131' title='bbox 592 1133 674 1159; x_wconf 88' lang='lat' dir='ltr'>esse</span> <span class='ocrx_word' id='word_1_132' title='bbox 699 1134 782 1158; x_wconf 85' lang='lat' dir='ltr'>non</span> <span class='ocrx_word' id='word_1_133' title='bbox 809 1120 904 1169; x_wconf 79' lang='lat' dir='ltr'>sinit</span> <span class='ocrx_word' id='word_1_134' title='bbox 933 1120 1116 1158; x_wconf 77' lang='lat' dir='ltr'>dubitare</span> <span class='ocrx_word' id='word_1_135' title='bbox 1136 1121 1280 1169; x_wconf 81' lang='lat' dir='ltr'>exigua</span> <span class='ocrx_word' id='word_1_136' title='bbox 1309 1120 1415 1157; x_wconf 86' lang='lat' dir='ltr'>aedis</span> <span class='ocrx_word' id='word_1_137' title='bbox 1443 1133 1517 1170; x_wconf 89' lang='lat' dir='ltr'>pro</span> <span class='ocrx_word' id='word_1_138' title='bbox 1539 1120 1677 1170; x_wconf 84' lang='lat' dir='ltr'>longi-</span> 
     </span>
     <span class='ocr_line' id='line_1_18' title="bbox 287 1174 1677 1219; baseline -0.002 0"><span class='ocrx_word' id='word_1_139' title='bbox 287 1180 430 1219; x_wconf 79' lang='lat' dir='ltr'>tu&#39;dine</span> <span class='ocrx_word' id='word_1_140' title='bbox 460 1178 646 1218; x_wconf 80' lang='lat' dir='ltr'>latitudo.</span> <span class='ocrx_word' id='word_1_141' title='bbox 702 1174 870 1217; x_wconf 76' lang='grc' dir='ltr'><strong><em>Ἑκατὸν</em></strong></span> <span class='ocrx_word' id='word_1_142' title='bbox 899 1177 1071 1215; x_wconf 81' lang='lat' dir='ltr'>addebat</span> <span class='ocrx_word' id='word_1_143' title='bbox 1094 1176 1266 1214; x_wconf 90' lang='lat' dir='ltr'>Kiddius</span> <span class='ocrx_word' id='word_1_144' title='bbox 1294 1177 1344 1214; x_wconf 89' lang='lat' dir='ltr'>ad</span> <span class='ocrx_word' id='word_1_145' title='bbox 1366 1176 1537 1214; x_wconf 82' lang='lat' dir='ltr'>Dawesii</span> <span class='ocrx_word' id='word_1_146' title='bbox 1560 1177 1677 1216; x_wconf 85' lang='lat' dir='ltr'>Misc.</span> 
     </span>
     <span class='ocr_line' id='line_1_19' title="bbox 284 1232 1681 1291; baseline -0.004 -16"><span class='ocrx_word' id='word_1_147' title='bbox 284 1252 325 1291; x_wconf 86' lang='lat' dir='ltr'><strong>p.</strong></span> <span class='ocrx_word' id='word_1_148' title='bbox 357 1240 452 1279; x_wconf 79' lang='lat'><strong>392.</strong></span> <span class='ocrx_word' id='word_1_149' title='bbox 486 1236 548 1276; x_wconf 86' lang='lat' dir='ltr'>ed.</span> <span class='ocrx_word' id='word_1_150' title='bbox 583 1248 661 1275; x_wconf 83' lang='lat' dir='ltr'>seo.</span> <span class='ocrx_word' id='word_1_151' title='bbox 729 1234 854 1273; x_wconf 84' lang='lat' dir='ltr'>Pedes</span> <span class='ocrx_word' id='word_1_152' title='bbox 885 1233 970 1276; x_wconf 83' lang='lat'>358</span> <span class='ocrx_word' id='word_1_153' title='bbox 1006 1240 1045 1272; x_wconf 74' lang='lat' dir='ltr'>et</span> <span class='ocrx_word' id='word_1_154' title='bbox 1077 1237 1158 1276; x_wconf 90' lang='grc'><strong>172</strong></span> <span class='ocrx_word' id='word_1_155' title='bbox 1190 1234 1303 1285; x_wconf 90' lang='lat' dir='ltr'>ponit</span> <span class='ocrx_word' id='word_1_156' title='bbox 1341 1233 1509 1271; x_wconf 86' lang='lat' dir='ltr'>Leakius</span> <span class='ocrx_word' id='word_1_157' title='bbox 1541 1232 1585 1270; x_wconf 87' lang='lat' dir='ltr'>in</span> <span class='ocrx_word' id='word_1_158' title='bbox 1615 1234 1681 1271; x_wconf 80' lang='lat' dir='ltr'>the</span> 
     </span>
     <span class='ocr_line' id='line_1_20' title="bbox 286 1290 1681 1346; baseline -0.004 -14"><span class='ocrx_word' id='word_1_159' title='bbox 286 1295 545 1346; x_wconf 57' lang='lat' dir='ltr'>topograplqy·</span> <span class='ocrx_word' id='word_1_160' title='bbox 573 1293 627 1342; x_wconf 88' lang='lat' dir='ltr'>of</span> <span class='ocrx_word' id='word_1_161' title='bbox 647 1290 806 1330; x_wconf 64' lang='lat' dir='ltr'>Athens</span> <span class='ocrx_word' id='word_1_162' title='bbox 837 1305 880 1342; x_wconf 86' lang='lat' dir='ltr'>p.</span> <span class='ocrx_word' id='word_1_163' title='bbox 910 1291 929 1313; x_wconf 89' lang='lat'>*</span> <span class='ocrx_word' id='word_1_164' title='bbox 953 1290 1044 1333; x_wconf 83' lang='lat'><strong>44.:</strong></span> <span class='ocrx_word' id='word_1_165' title='bbox 1077 1303 1177 1342; x_wconf 89' lang='lat' dir='ltr'>quos</span> <span class='ocrx_word' id='word_1_166' title='bbox 1203 1302 1393 1328; x_wconf 86' lang='lat' dir='ltr'>numeros</span> <span class='ocrx_word' id='word_1_167' title='bbox 1427 1290 1535 1327; x_wconf 86' lang='lat' dir='ltr'>unde</span> <span class='ocrx_word' id='word_1_168' title='bbox 1571 1291 1681 1342; x_wconf 88' lang='lat' dir='ltr'>peti-</span> 
     </span>
     <span class='ocr_line' id='line_1_21' title="bbox 284 1344 1682 1403; baseline -0.001 -14"><span class='ocrx_word' id='word_1_169' title='bbox 284 1352 392 1389; x_wconf 87' lang='lat' dir='ltr'>verit</span> <span class='ocrx_word' id='word_1_170' title='bbox 406 1364 486 1388; x_wconf 86' lang='lat' dir='ltr'>non</span> <span class='ocrx_word' id='word_1_171' title='bbox 504 1349 620 1389; x_wconf 80' lang='lat' dir='ltr'>dixit.</span> <span class='ocrx_word' id='word_1_172' title='bbox 733 1351 801 1391; x_wconf 84' lang='lat'><strong>73.</strong></span> <span class='ocrx_word' id='word_1_173' title='bbox 823 1347 866 1388; x_wconf 78' lang='grc' dir='ltr'>ἐν</span> <span class='ocrx_word' id='word_1_174' title='bbox 877 1347 974 1402; x_wconf 77' lang='grc' dir='ltr'><strong><em>οἴκῳ</em></strong></span> <span class='ocrx_word' id='word_1_175' title='bbox 986 1346 1251 1403; x_wconf 81' lang='grc' dir='ltr'><strong><em>τρεφομένοις</em></strong></span> <span class='ocrx_word' id='word_1_176' title='bbox 1271 1344 1542 1400; x_wconf 78' lang='grc' dir='ltr'><strong><em>ὄρνιθαρίοις]</em></strong></span> <span class='ocrx_word' id='word_1_177' title='bbox 1561 1344 1682 1395; x_wconf 80' lang='grc' dir='ltr'><em>Οἶκος</em></span> 
     </span>
     <span class='ocr_line' id='line_1_22' title="bbox 285 1404 1682 1458; baseline -0.004 -12"><span class='ocrx_word' id='word_1_178' title='bbox 285 1409 356 1448; x_wconf 84' lang='lat' dir='ltr'>hie</span> <span class='ocrx_word' id='word_1_179' title='bbox 376 1408 425 1445; x_wconf 87' lang='lat' dir='ltr'>de</span> <span class='ocrx_word' id='word_1_180' title='bbox 446 1420 567 1445; x_wconf 82' lang='lat' dir='ltr'>cavea</span> <span class='ocrx_word' id='word_1_181' title='bbox 589 1405 700 1444; x_wconf 87' lang='lat' dir='ltr'>dicto</span> <span class='ocrx_word' id='word_1_182' title='bbox 718 1405 948 1458; x_wconf 78' lang='lat' dir='ltr'>exemplum</span> <span class='ocrx_word' id='word_1_183' title='bbox 969 1406 1053 1442; x_wconf 77' lang='lat' dir='ltr'>non</span> <span class='ocrx_word' id='word_1_184' title='bbox 1073 1404 1412 1457; x_wconf 84' lang='lat' dir='ltr'>appositissimum</span> <span class='ocrx_word' id='word_1_185' title='bbox 1432 1404 1682 1454; x_wconf 83' lang='lat' dir='ltr'>comparavit</span> 
     </span>
     <span class='ocr_line' id='line_1_23' title="bbox 283 1450 1682 1515; baseline -0.004 -12"><span class='ocrx_word' id='word_1_186' title='bbox 283 1464 586 1515; x_wconf 81' lang='lat' dir='ltr'>wesselingius,</span> <span class='ocrx_word' id='word_1_187' title='bbox 616 1475 692 1500; x_wconf 88' lang='lat' dir='ltr'>nec</span> <span class='ocrx_word' id='word_1_188' title='bbox 717 1462 919 1514; x_wconf 84' lang='lat' dir='ltr'>persuasit</span> <span class='ocrx_word' id='word_1_189' title='bbox 947 1450 1212 1500; x_wconf 66' lang='lat' dir='ltr'>Valckefiario</span> <span class='ocrx_word' id='word_1_190' title='bbox 1241 1461 1292 1498; x_wconf 88' lang='lat' dir='ltr'>ad</span> <span class='ocrx_word' id='word_1_191' title='bbox 1311 1460 1459 1499; x_wconf 83' lang='lat' dir='ltr'>Herod.</span> <span class='ocrx_word' id='word_1_192' title='bbox 1481 1460 1566 1497; x_wconf 92' lang='lat' dir='ltr'><strong>VII.</strong></span> <span class='ocrx_word' id='word_1_193' title='bbox 1590 1462 1682 1501; x_wconf 83' lang='lat'><strong>119.</strong></span> 
     </span>
     <span class='ocr_line' id='line_1_24' title="bbox 285 1513 1683 1578; baseline -0.005 -15"><span class='ocrx_word' id='word_1_194' title='bbox 285 1523 451 1578; x_wconf 76' lang='grc' dir='ltr'><strong><em>οἰκίσκῳ</em></strong></span> <span class='ocrx_word' id='word_1_195' title='bbox 476 1518 731 1560; x_wconf 84' lang='lat' dir='ltr'>rescribenti.</span> <span class='ocrx_word' id='word_1_196' title='bbox 791 1519 923 1556; x_wconf 88' lang='lat' dir='ltr'>Satius</span> <span class='ocrx_word' id='word_1_197' title='bbox 952 1531 1049 1557; x_wconf 87' lang='lat' dir='ltr'>vero</span> <span class='ocrx_word' id='word_1_198' title='bbox 1079 1524 1165 1555; x_wconf 85' lang='lat' dir='ltr'>erat</span> <span class='ocrx_word' id='word_1_199' title='bbox 1191 1517 1295 1568; x_wconf 82' lang='lat' dir='ltr'>hine</span> <span class='ocrx_word' id='word_1_200' title='bbox 1309 1517 1467 1568; x_wconf 30' lang='lat' dir='ltr'>discere·</span> <span class='ocrx_word' id='word_1_201' title='bbox 1481 1516 1601 1555; x_wconf 89' lang='lat' dir='ltr'>etiam</span> <span class='ocrx_word' id='word_1_202' title='bbox 1626 1513 1683 1556; x_wconf 80' lang='grc' dir='ltr'>οἶ-</span> 
     </span>
     <span class='ocr_line' id='line_1_25' title="bbox 283 1572 1682 1629; baseline -0.005 -12"><span class='ocrx_word' id='word_1_203' title='bbox 283 1594 357 1627; x_wconf 79' lang='grc' dir='ltr'>κος</span> <span class='ocrx_word' id='word_1_204' title='bbox 385 1580 441 1617; x_wconf 89' lang='lat' dir='ltr'>sic</span> <span class='ocrx_word' id='word_1_205' title='bbox 473 1577 572 1626; x_wconf 84' lang='lat' dir='ltr'>dici,</span> <span class='ocrx_word' id='word_1_206' title='bbox 603 1578 669 1614; x_wconf 86' lang='lat' dir='ltr'>oui</span> <span class='ocrx_word' id='word_1_207' title='bbox 699 1575 873 1629; x_wconf 67' lang='lat' dir='ltr'>conferlji</span> <span class='ocrx_word' id='word_1_208' title='bbox 905 1580 1065 1626; x_wconf 80' lang='lat' dir='ltr'>poterat</span> <span class='ocrx_word' id='word_1_209' title='bbox 1089 1574 1275 1612; x_wconf 75' lang='lat' dir='ltr'>Herculis</span> <span class='ocrx_word' id='word_1_210' title='bbox 1306 1573 1479 1624; x_wconf 81' lang='lat' dir='ltr'>sigillum</span> <span class='ocrx_word' id='word_1_211' title='bbox 1507 1572 1551 1614; x_wconf 78' lang='grc' dir='ltr'>ἓν</span> <span class='ocrx_word' id='word_1_212' title='bbox 1583 1573 1682 1628; x_wconf 78' lang='grc' dir='ltr'><strong><em>οἷ’κῳ</em></strong></span> 
     </span>
     <span class='ocr_line' id='line_1_26' title="bbox 285 1629 1686 1690; baseline -0.006 -15"><span class='ocrx_word' id='word_1_213' title='bbox 285 1639 415 1690; x_wconf 76' lang='grc' dir='ltr'><strong><em>μικρῷ</em></strong></span> <span class='ocrx_word' id='word_1_214' title='bbox 443 1630 839 1685; x_wconf 75' lang='grc' dir='ltr'><strong><em>δεδημιουργημένον</em></strong></span> <span class='ocrx_word' id='word_1_215' title='bbox 866 1632 975 1683; x_wconf 83' lang='lat' dir='ltr'>apud</span> <span class='ocrx_word' id='word_1_216' title='bbox 1007 1632 1210 1669; x_wconf 86' lang='lat' dir='ltr'>Zosimum</span> <span class='ocrx_word' id='word_1_217' title='bbox 1248 1630 1314 1668; x_wconf 89' lang='lat' dir='ltr'>IV.</span> <span class='ocrx_word' id='word_1_218' title='bbox 1349 1634 1390 1673; x_wconf 89' lang='grc'>8.</span> <span class='ocrx_word' id='word_1_219' title='bbox 1420 1630 1476 1678; x_wconf 82' lang='grc'>4.,</span> <span class='ocrx_word' id='word_1_220' title='bbox 1505 1629 1614 1681; x_wconf 89' lang='lat' dir='ltr'>quod</span> <span class='ocrx_word' id='word_1_221' title='bbox 1642 1630 1686 1667; x_wconf 85' lang='lat' dir='ltr'>iu</span> 
     </span>
     <span class='ocr_line' id='line_1_27' title="bbox 284 1683 1686 1748; baseline -0.004 -18"><span class='ocrx_word' id='word_1_222' title='bbox 284 1691 389 1748; x_wconf 67' lang='grc' dir='ltr'>ὄγκῳ</span> <span class='ocrx_word' id='word_1_223' title='bbox 415 1697 614 1729; x_wconf 81' lang='lat' dir='ltr'>mutatum</span> <span class='ocrx_word' id='word_1_224' title='bbox 639 1689 771 1728; x_wconf 87' lang='lat' dir='ltr'>voluit</span> <span class='ocrx_word' id='word_1_225' title='bbox 790 1688 1013 1726; x_wconf 87' lang='lat' dir='ltr'>Lobeckius</span> <span class='ocrx_word' id='word_1_226' title='bbox 1033 1686 1225 1738; x_wconf 76' lang='lat' dir='ltr'>Aglaoph.</span> <span class='ocrx_word' id='word_1_227' title='bbox 1246 1701 1285 1738; x_wconf 88' lang='lat' dir='ltr'><strong>p.</strong></span> <span class='ocrx_word' id='word_1_228' title='bbox 1308 1687 1428 1729; x_wconf 79' lang='lat'><strong>1241.</strong></span> <span class='ocrx_word' id='word_1_229' title='bbox 1476 1687 1553 1724; x_wconf 86' lang='lat' dir='ltr'>Sed</span> <span class='ocrx_word' id='word_1_230' title='bbox 1574 1683 1686 1734; x_wconf 79' lang='grc' dir='ltr'><strong><em>οἶκος</em></strong></span> 
     </span>
     <span class='ocr_line' id='line_1_28' title="bbox 286 1742 1686 1798; baseline -0.006 -10"><span class='ocrx_word' id='word_1_231' title='bbox 286 1751 336 1788; x_wconf 89' lang='lat' dir='ltr'>de</span> <span class='ocrx_word' id='word_1_232' title='bbox 359 1749 502 1787; x_wconf 86' lang='lat' dir='ltr'>cistula</span> <span class='ocrx_word' id='word_1_233' title='bbox 521 1753 632 1785; x_wconf 86' lang='lat' dir='ltr'>recte</span> <span class='ocrx_word' id='word_1_234' title='bbox 653 1746 942 1798; x_wconf 81' lang='lat' dir='ltr'>interpretatus</span> <span class='ocrx_word' id='word_1_235' title='bbox 964 1744 1124 1783; x_wconf 83' lang='lat' dir='ltr'>videtur</span> <span class='ocrx_word' id='word_1_236' title='bbox 1142 1742 1367 1782; x_wconf 87' lang='lat' dir='ltr'>Koehlerus</span> <span class='ocrx_word' id='word_1_237' title='bbox 1391 1742 1498 1780; x_wconf 73' lang='lat' dir='ltr'>dans</span> <span class='ocrx_word' id='word_1_238' title='bbox 1522 1745 1578 1781; x_wconf 78' lang='lat' dir='ltr'>les</span> <span class='ocrx_word' id='word_1_239' title='bbox 1597 1745 1686 1782; x_wconf 71' lang='grc' dir='ltr'>,Μέ-</span> 
     </span>
     <span class='ocr_line' id='line_1_29' title="bbox 287 1794 1461 1852; baseline -0.002 -10"><span class='ocrx_word' id='word_1_240' title='bbox 287 1808 432 1845; x_wconf 77' lang='lat' dir='ltr'>moires</span> <span class='ocrx_word' id='word_1_241' title='bbox 451 1804 498 1842; x_wconf 83' lang='lat' dir='ltr'>de</span> <span class='ocrx_word' id='word_1_242' title='bbox 518 1802 684 1842; x_wconf 81' lang='lat' dir='ltr'>l‘Acad.</span> <span class='ocrx_word' id='word_1_243' title='bbox 701 1801 750 1839; x_wconf 86' lang='lat' dir='ltr'>de</span> <span class='ocrx_word' id='word_1_244' title='bbox 771 1804 828 1842; x_wconf 73' lang='lat' dir='ltr'><strong>St.</strong></span> <span class='ocrx_word' id='word_1_245' title='bbox 847 1801 1025 1840; x_wconf 65' lang='lat' dir='ltr'>Pbtemb.</span> <span class='ocrx_word' id='word_1_246' title='bbox 1053 1802 1137 1840; x_wconf 85' lang='lat' dir='ltr'>vol.</span> <span class='ocrx_word' id='word_1_247' title='bbox 1159 1802 1211 1841; x_wconf 92' lang='lat' dir='ltr'><strong>X.</strong></span> <span class='ocrx_word' id='word_1_248' title='bbox 1234 1815 1276 1852; x_wconf 89' lang='lat' dir='ltr'><strong>p.</strong></span> <span class='ocrx_word' id='word_1_249' title='bbox 1299 1804 1396 1843; x_wconf 87' lang='lat'><strong>797.</strong></span> <span class='ocrx_word' id='word_1_250' title='bbox 1439 1794 1461 1827; x_wconf 71' lang='lat'>.⁸</span> 
     </span>
    </p>
   </div>
   <div class='ocr_carea' id='block_1_3' title="bbox 287 1866 1688 2099">
    <p class='ocr_par' dir='ltr' id='par_1_8' title="bbox 287 1866 1688 2099">
     <span class='ocr_line' id='line_1_30' title="bbox 403 1866 1686 1924; baseline -0.006 -10"><span class='ocrx_word' id='word_1_251' title='bbox 403 1874 446 1914; x_wconf 89' lang='lat' dir='ltr'><strong>P.</strong></span> <span class='ocrx_word' id='word_1_252' title='bbox 465 1876 562 1917; x_wconf 84' lang='grc'><strong>622.</strong></span> <span class='ocrx_word' id='word_1_253' title='bbox 583 1870 651 1916; x_wconf 87' lang='grc'>75.</span> <span class='ocrx_word' id='word_1_254' title='bbox 684 1866 822 1924; x_wconf 75' lang='grc' dir='ltr'><strong><em>οἷκίδα]</em></strong></span> <span class='ocrx_word' id='word_1_255' title='bbox 854 1871 983 1922; x_wconf 82' lang='lat' dir='ltr'>„Lege</span> <span class='ocrx_word' id='word_1_256' title='bbox 1004 1870 1191 1912; x_wconf 80' lang='grc' dir='ltr'><strong>ΛΑκίὸα.</strong></span> <span class='ocrx_word' id='word_1_257' title='bbox 1233 1868 1336 1908; x_wconf 91' lang='lat' dir='ltr'>Vide</span> <span class='ocrx_word' id='word_1_258' title='bbox 1360 1868 1470 1910; x_wconf 86' lang='lat' dir='ltr'><strong>XIV.</strong></span> <span class='ocrx_word' id='word_1_259' title='bbox 1493 1872 1562 1912; x_wconf 85' lang='grc'>72.</span> <span class='ocrx_word' id='word_1_260' title='bbox 1585 1867 1686 1907; x_wconf 82' lang='lat' dir='ltr'><strong>fin.“</strong></span> 
     </span>
     <span class='ocr_line' id='line_1_31' title="bbox 287 1932 1686 2042; baseline -0.007 -13"><span class='ocrx_word' id='word_1_261' title='bbox 287 1932 565 2042; x_wconf 39' lang='lat' dir='ltr'><strong>Dubrffugiss.</strong></span> <span class='ocrx_word' id='word_1_262' title='bbox 584 1989 652 2032; x_wconf 83' lang='grc'>92.</span> <span class='ocrx_word' id='word_1_263' title='bbox 664 1984 736 2032; x_wconf 81' lang='grc'>94.</span> <span class='ocrx_word' id='word_1_264' title='bbox 756 1978 956 2041; x_wconf 62' lang='grc' dir='ltr'>Ἰοἷριστερᾷ</span> <span class='ocrx_word' id='word_1_265' title='bbox 977 2007 1035 2015; x_wconf 87' lang='grc'>--</span> <span class='ocrx_word' id='word_1_266' title='bbox 1055 1983 1180 2038; x_wconf 72' lang='grc' dir='ltr'><strong><em>δεξιᾷ]</em></strong></span> <span class='ocrx_word' id='word_1_267' title='bbox 1212 1981 1267 2030; x_wconf 79' lang='grc' dir='ltr'>ἓν,</span> <span class='ocrx_word' id='word_1_268' title='bbox 1289 1982 1399 2037; x_wconf 83' lang='lat' dir='ltr'>quod</span> <span class='ocrx_word' id='word_1_269' title='bbox 1421 1978 1552 2021; x_wconf 83' lang='lat' dir='ltr'>abesse</span> <span class='ocrx_word' id='word_1_270' title='bbox 1571 1995 1686 2034; x_wconf 85' lang='lat' dir='ltr'>posse</span> 
     </span>
     <span class='ocr_line' id='line_1_32' title="bbox 287 2038 1688 2099; baseline -0.006 -14"><span class='ocrx_word' id='word_1_271' title='bbox 287 2045 449 2099; x_wconf 83' lang='lat' dir='ltr'>putavit</span> <span class='ocrx_word' id='word_1_272' title='bbox 488 2043 794 2093; x_wconf 79' lang='lat' dir='ltr'>We&#39;sselingius‚</span> <span class='ocrx_word' id='word_1_273' title='bbox 830 2043 1059 2081; x_wconf 85' lang='lat' dir='ltr'>addendum</span> <span class='ocrx_word' id='word_1_274' title='bbox 1094 2055 1179 2079; x_wconf 86' lang='lat' dir='ltr'>esse</span> <span class='ocrx_word' id='word_1_275' title='bbox 1216 2038 1411 2079; x_wconf 84' lang='lat' dir='ltr'>assentior</span> <span class='ocrx_word' id='word_1_276' title='bbox 1444 2040 1605 2078; x_wconf 85' lang='lat' dir='ltr'>Reiskio</span> <span class='ocrx_word' id='word_1_277' title='bbox 1646 2045 1688 2078; x_wconf 86' lang='lat' dir='ltr'>et</span> 
     </span>
    </p>
   </div>
   <div class='ocr_carea' id='block_1_4' title="bbox 289 2097 1153 2152">
    <p class='ocr_par' dir='ltr' id='par_1_9' title="bbox 289 2097 1153 2152">
     <span class='ocr_line' id='line_1_33' title="bbox 289 2097 1153 2152; baseline -0.005 -10"><span class='ocrx_word' id='word_1_278' title='bbox 289 2103 473 2142; x_wconf 83' lang='lat' dir='ltr'>Dobraeo</span> <span class='ocrx_word' id='word_1_279' title='bbox 501 2101 671 2144; x_wconf 76' lang='lat' dir='ltr'>Advers.</span> <span class='ocrx_word' id='word_1_280' title='bbox 695 2099 778 2138; x_wconf 85' lang='lat' dir='ltr'><strong>vol.</strong></span> <span class='ocrx_word' id='word_1_281' title='bbox 801 2099 831 2137; x_wconf 93' lang='lat' dir='ltr'>I.</span> <span class='ocrx_word' id='word_1_282' title='bbox 859 2114 902 2152; x_wconf 88' lang='lat' dir='ltr'><strong>p.</strong></span> <span class='ocrx_word' id='word_1_283' title='bbox 929 2103 966 2142; x_wconf 88' lang='lat'>1.</span> <span class='ocrx_word' id='word_1_284' title='bbox 995 2097 1034 2152; x_wconf 67' lang='lat' dir='ltr'><strong>p.</strong></span> <span class='ocrx_word' id='word_1_285' title='bbox 1059 2103 1153 2141; x_wconf 84' lang='lat'><strong>119.</strong></span> 
     </span>
    </p>
   </div>
   <div class='ocr_carea' id='block_1_5' title="bbox 293 2161 1698 2815">
    <p class='ocr_par' dir='ltr' id='par_1_10' title="bbox 293 2161 1698 2338">
     <span class='ocr_line' id='line_1_34' title="bbox 409 2161 1698 2219; baseline -0.009 -9"><span class='ocrx_word' id='word_1_286' title='bbox 409 2171 451 2211; x_wconf 82' lang='lat' dir='ltr'>P.</span> <span class='ocrx_word' id='word_1_287' title='bbox 470 2163 654 2213; x_wconf 71' lang='lat'><strong>637.‘832</strong></span> <span class='ocrx_word' id='word_1_288' title='bbox 693 2167 924 2219; x_wconf 74' lang='grc' dir='ltr'><strong><em>Βάκαιναν]</em></strong></span> <span class='ocrx_word' id='word_1_289' title='bbox 957 2167 1105 2205; x_wconf 87' lang='lat' dir='ltr'>Similis</span> <span class='ocrx_word' id='word_1_290' title='bbox 1135 2166 1283 2205; x_wconf 81' lang='lat' dir='ltr'>formae</span> <span class='ocrx_word' id='word_1_291' title='bbox 1314 2163 1484 2215; x_wconf 77' lang='lat' dir='ltr'>vestigia</span> <span class='ocrx_word' id='word_1_292' title='bbox 1512 2168 1605 2201; x_wconf 85' lang='lat' dir='ltr'>sunt</span> <span class='ocrx_word' id='word_1_293' title='bbox 1646 2161 1698 2200; x_wconf 81' lang='lat' dir='ltr'>in&#39;</span> 
     </span>
     <span class='ocr_line' id='line_1_35' title="bbox 293 2219 1691 2277; baseline -0.006 -11"><span class='ocrx_word' id='word_1_294' title='bbox 293 2227 409 2270; x_wconf 79' lang='lat' dir='ltr'>libris</span> <span class='ocrx_word' id='word_1_295' title='bbox 432 2227 520 2266; x_wconf 72' lang='grc' dir='ltr'>ΙνοΙ.</span> <span class='ocrx_word' id='word_1_296' title='bbox 543 2227 591 2265; x_wconf 82' lang='grc' dir='ltr'>ΙΙ.</span> <span class='ocrx_word' id='word_1_297' title='bbox 613 2239 654 2277; x_wconf 89' lang='lat' dir='ltr'><strong>p.</strong></span> <span class='ocrx_word' id='word_1_298' title='bbox 675 2228 769 2267; x_wconf 83' lang='lat'><strong>369.</strong></span> <span class='ocrx_word' id='word_1_299' title='bbox 794 2227 860 2267; x_wconf 88' lang='lat'>99.</span> <span class='ocrx_word' id='word_1_300' title='bbox 887 2221 928 2277; x_wconf 56' lang='lat' dir='ltr'><strong>p&#39;.</strong></span> <span class='ocrx_word' id='word_1_301' title='bbox 950 2220 1045 2268; x_wconf 82' lang='grc'><strong>402.</strong></span> <span class='ocrx_word' id='word_1_302' title='bbox 1071 2227 1136 2267; x_wconf 90' lang='grc'>16.</span> <span class='ocrx_word' id='word_1_303' title='bbox 1174 2224 1224 2262; x_wconf 89' lang='lat' dir='ltr'>Et</span> <span class='ocrx_word' id='word_1_304' title='bbox 1244 2222 1435 2262; x_wconf 86' lang='lat' dir='ltr'>convenit</span> <span class='ocrx_word' id='word_1_305' title='bbox 1467 2219 1503 2259; x_wconf 90' lang='lat' dir='ltr'>ei</span> <span class='ocrx_word' id='word_1_306' title='bbox 1529 2219 1691 2259; x_wconf 80' lang='lat' dir='ltr'>hodier-</span> 
     </span>
     <span class='ocr_line' id='line_1_36' title="bbox 296 2279 950 2338; baseline -0.008 -15"><span class='ocrx_word' id='word_1_307' title='bbox 296 2299 395 2323; x_wconf 87' lang='lat' dir='ltr'>num</span> <span class='ocrx_word' id='word_1_308' title='bbox 425 2283 568 2338; x_wconf 83' lang='lat' dir='ltr'>oppidi</span> <span class='ocrx_word' id='word_1_309' title='bbox 593 2279 769 2334; x_wconf 71' lang='lat' dir='ltr'>,Bigenis</span> <span class='ocrx_word' id='word_1_310' title='bbox 790 2295 950 2322; x_wconf 86' lang='lat' dir='ltr'>nomen.</span> 
     </span>
    </p>

    <p class='ocr_par' dir='ltr' id='par_1_11' title="bbox 293 2345 1694 2746">
     <span class='ocr_line' id='line_1_37' title="bbox 411 2345 1692 2404; baseline -0.006 -13"><span class='ocrx_word' id='word_1_311' title='bbox 411 2353 453 2391; x_wconf 90' lang='lat' dir='ltr'>P.</span> <span class='ocrx_word' id='word_1_312' title='bbox 482 2354 578 2394; x_wconf 84' lang='lat'><strong>639.</strong></span> <span class='ocrx_word' id='word_1_313' title='bbox 599 2351 669 2393; x_wconf 85' lang='grc'>24.</span> <span class='ocrx_word' id='word_1_314' title='bbox 696 2347 805 2403; x_wconf 65' lang='grc' dir='ltr'><em>ὅμως</em></span> <span class='ocrx_word' id='word_1_315' title='bbox 826 2346 848 2390; x_wconf 73' lang='grc' dir='ltr'>ὅ</span> <span class='ocrx_word' id='word_1_316' title='bbox 872 2364 916 2404; x_wconf 78' lang='grc' dir='ltr'>γε</span> <span class='ocrx_word' id='word_1_317' title='bbox 943 2346 1288 2401; x_wconf 64' lang='grc' dir='ltr'><strong><em>προγεγενημένος</em></strong></span> <span class='ocrx_word' id='word_1_318' title='bbox 1315 2346 1406 2400; x_wconf 86' lang='grc' dir='ltr'><strong><em>βίος</em></strong></span> <span class='ocrx_word' id='word_1_319' title='bbox 1431 2345 1584 2399; x_wconf 76' lang='grc' dir='ltr'><strong><em>γίνεται.</em></strong></span> <span class='ocrx_word' id='word_1_320' title='bbox 1611 2359 1692 2384; x_wconf 89' lang='grc' dir='ltr'>πο-</span> 
     </span>
     <span class='ocr_line' id='line_1_38' title="bbox 294 2400 1692 2463; baseline -0.009 -13"><span class='ocrx_word' id='word_1_321' title='bbox 294 2407 345 2451; x_wconf 74' lang='grc' dir='ltr'><em>λῦ</em></span> <span class='ocrx_word' id='word_1_322' title='bbox 377 2410 521 2463; x_wconf 81' lang='grc' dir='ltr'><strong><em>χείρων</em></strong></span> <span class='ocrx_word' id='word_1_323' title='bbox 545 2405 611 2449; x_wconf 81' lang='grc' dir='ltr'>τὸν</span> <span class='ocrx_word' id='word_1_324' title='bbox 634 2406 792 2448; x_wconf 73' lang='grc' dir='ltr'><strong><em>ἅπαντα</em></strong></span> <span class='ocrx_word' id='word_1_325' title='bbox 821 2407 912 2460; x_wconf 85' lang='grc' dir='ltr'><strong><em>βίον</em></strong></span> <span class='ocrx_word' id='word_1_326' title='bbox 939 2404 1004 2448; x_wconf 78' lang='grc' dir='ltr'>ἐπὶ</span> <span class='ocrx_word' id='word_1_327' title='bbox 1027 2408 1140 2459; x_wconf 75' lang='grc' dir='ltr'><strong><em>κακῷ</em></strong></span> <span class='ocrx_word' id='word_1_328' title='bbox 1163 2400 1530 2457; x_wconf 80' lang='grc' dir='ltr'><strong><em>μνημονευόμενος]</em></strong></span> <span class='ocrx_word' id='word_1_329' title='bbox 1562 2402 1692 2452; x_wconf 81' lang='lat' dir='ltr'>„Lege</span> 
     </span>
     <span class='ocr_line' id='line_1_39' title="bbox 293 2458 1692 2514; baseline -0.01 -6"><span class='ocrx_word' id='word_1_330' title='bbox 293 2464 366 2508; x_wconf 76' lang='grc' dir='ltr'>τόν</span> <span class='ocrx_word' id='word_1_331' title='bbox 396 2463 554 2508; x_wconf 73' lang='grc' dir='ltr'><strong><em>ἅπαντα</em></strong></span> <span class='ocrx_word' id='word_1_332' title='bbox 577 2465 720 2514; x_wconf 78' lang='grc' dir='ltr'><strong><em>αἰῶνα,</em></strong></span> <span class='ocrx_word' id='word_1_333' title='bbox 748 2469 796 2502; x_wconf 87' lang='lat' dir='ltr'>ut</span> <span class='ocrx_word' id='word_1_334' title='bbox 817 2477 851 2501; x_wconf 87' lang='lat' dir='ltr'>c.</span> <span class='ocrx_word' id='word_1_335' title='bbox 875 2467 912 2506; x_wconf 81' lang='lat'><strong>2.</strong></span> <span class='ocrx_word' id='word_1_336' title='bbox 933 2462 1030 2507; x_wconf 82' lang='lat'><strong>44.“</strong></span> <span class='ocrx_word' id='word_1_337' title='bbox 1046 2462 1278 2505; x_wconf 37' lang='lat' dir='ltr'>*Dobraeuffi</span> <span class='ocrx_word' id='word_1_338' title='bbox 1336 2462 1456 2499; x_wconf 81' lang='lat' dir='ltr'>Forte</span> <span class='ocrx_word' id='word_1_339' title='bbox 1477 2460 1573 2497; x_wconf 87' lang='lat' dir='ltr'>dum</span> <span class='ocrx_word' id='word_1_340' title='bbox 1593 2458 1692 2496; x_wconf 85' lang='lat' dir='ltr'>haec</span> 
     </span>
     <span class='ocr_line' id='line_1_40' title="bbox 295 2514 1690 2573; baseline -0.008 -11"><span class='ocrx_word' id='word_1_341' title='bbox 295 2524 455 2570; x_wconf 83' lang='lat' dir='ltr'>scribo,</span> <span class='ocrx_word' id='word_1_342' title='bbox 484 2523 530 2560; x_wconf 86' lang='lat' dir='ltr'>in</span> <span class='ocrx_word' id='word_1_343' title='bbox 558 2522 618 2560; x_wconf 90' lang='lat' dir='ltr'>ed.</span> <span class='ocrx_word' id='word_1_344' title='bbox 649 2520 891 2573; x_wconf 83' lang='lat' dir='ltr'>Bipontinae</span> <span class='ocrx_word' id='word_1_345' title='bbox 914 2519 1046 2565; x_wconf 87' lang='lat' dir='ltr'>indice</span> <span class='ocrx_word' id='word_1_346' title='bbox 1074 2532 1104 2556; x_wconf 89' lang='lat' dir='ltr'><strong>s.</strong></span> <span class='ocrx_word' id='word_1_347' title='bbox 1128 2532 1166 2557; x_wconf 86' lang='lat' dir='ltr'>v.</span> <span class='ocrx_word' id='word_1_348' title='bbox 1193 2519 1282 2569; x_wconf 85' lang='grc' dir='ltr'><strong><em>βίος</em></strong></span> <span class='ocrx_word' id='word_1_349' title='bbox 1309 2523 1543 2556; x_wconf 83' lang='lat' dir='ltr'>annotatum</span> <span class='ocrx_word' id='word_1_350' title='bbox 1570 2514 1690 2553; x_wconf 85' lang='lat' dir='ltr'>video</span> 
     </span>
     <span class='ocr_line' id='line_1_41' title="bbox 294 2571 1694 2634; baseline -0.009 -13"><span class='ocrx_word' id='word_1_351' title='bbox 294 2578 388 2634; x_wconf 85' lang='grc' dir='ltr'><strong><em>βίον</em></strong></span> <span class='ocrx_word' id='word_1_352' title='bbox 415 2579 495 2618; x_wconf 86' lang='lat' dir='ltr'>hoc</span> <span class='ocrx_word' id='word_1_353' title='bbox 519 2580 611 2617; x_wconf 90' lang='lat' dir='ltr'>loeo</span> <span class='ocrx_word' id='word_1_354' title='bbox 638 2593 715 2631; x_wconf 89' lang='lat' dir='ltr'>pro</span> <span class='ocrx_word' id='word_1_355' title='bbox 746 2578 875 2618; x_wconf 81' lang='grc' dir='ltr'><strong><em>αἰῶνα</em></strong></span> <span class='ocrx_word' id='word_1_356' title='bbox 905 2575 1008 2614; x_wconf 85' lang='lat' dir='ltr'>dici:</span> <span class='ocrx_word' id='word_1_357' title='bbox 1047 2575 1115 2626; x_wconf 88' lang='lat' dir='ltr'>qui</span> <span class='ocrx_word' id='word_1_358' title='bbox 1145 2575 1339 2613; x_wconf 86' lang='lat' dir='ltr'>mirificus</span> <span class='ocrx_word' id='word_1_359' title='bbox 1372 2575 1476 2612; x_wconf 82' lang='lat' dir='ltr'>foret</span> <span class='ocrx_word' id='word_1_360' title='bbox 1502 2571 1694 2611; x_wconf 81' lang='lat' dir='ltr'>vocabuli</span> 
     </span>
     <span class='ocr_line' id='line_1_42' title="bbox 294 2628 1689 2684; baseline -0.008 -9"><span class='ocrx_word' id='word_1_361' title='bbox 294 2650 403 2677; x_wconf 80' lang='lat' dir='ltr'>usus.</span> <span class='ocrx_word' id='word_1_362' title='bbox 461 2637 672 2674; x_wconf 84' lang='lat' dir='ltr'>Caeterum</span> <span class='ocrx_word' id='word_1_363' title='bbox 703 2635 841 2673; x_wconf 85' lang='lat' dir='ltr'>malim</span> <span class='ocrx_word' id='word_1_364' title='bbox 874 2630 946 2676; x_wconf 77' lang='grc' dir='ltr'>τὸν</span> <span class='ocrx_word' id='word_1_365' title='bbox 978 2629 1137 2677; x_wconf 71' lang='grc' dir='ltr'><strong><em>ἅπαντα</em></strong></span> <span class='ocrx_word' id='word_1_366' title='bbox 1165 2628 1332 2684; x_wconf 72' lang='grc' dir='ltr'><strong><em>χρόνονε</em></strong></span> <span class='ocrx_word' id='word_1_367' title='bbox 1371 2630 1478 2668; x_wconf 85' lang='lat' dir='ltr'>sicut</span> <span class='ocrx_word' id='word_1_368' title='bbox 1511 2628 1689 2667; x_wconf 86' lang='lat' dir='ltr'>vicissim</span> 
     </span>
     <span class='ocr_line' id='line_1_43' title="bbox 293 2686 1622 2746; baseline -0.009 -11"><span class='ocrx_word' id='word_1_369' title='bbox 293 2690 426 2743; x_wconf 74' lang='grc' dir='ltr'><strong><em>πάντα</em></strong></span> <span class='ocrx_word' id='word_1_370' title='bbox 452 2690 518 2733; x_wconf 80' lang='grc' dir='ltr'>τὸν</span> <span class='ocrx_word' id='word_1_371' title='bbox 545 2689 689 2746; x_wconf 80' lang='grc' dir='ltr'><strong><em>χρόνον</em></strong></span> <span class='ocrx_word' id='word_1_372' title='bbox 715 2692 809 2730; x_wconf 84' lang='lat' dir='ltr'>libri</span> <span class='ocrx_word' id='word_1_373' title='bbox 835 2691 911 2730; x_wconf 86' lang='lat' dir='ltr'>duo</span> <span class='ocrx_word' id='word_1_374' title='bbox 934 2704 1014 2743; x_wconf 80' lang='lat' dir='ltr'>pro</span> <span class='ocrx_word' id='word_1_375' title='bbox 1041 2689 1134 2743; x_wconf 84' lang='grc' dir='ltr'><strong><em>βίον</em></strong></span> <span class='ocrx_word' id='word_1_376' title='bbox 1156 2688 1351 2741; x_wconf 81' lang='lat' dir='ltr'>praebent</span> <span class='ocrx_word' id='word_1_377' title='bbox 1370 2702 1413 2740; x_wconf 89' lang='lat' dir='ltr'>p.</span> <span class='ocrx_word' id='word_1_378' title='bbox 1435 2686 1532 2730; x_wconf 88' lang='grc'><strong>241.</strong></span> <span class='ocrx_word' id='word_1_379' title='bbox 1554 2688 1622 2727; x_wconf 86' lang='grc'>90.</span> 
     </span>
    </p>

    <p class='ocr_par' dir='ltr' id='par_1_12' title="bbox 409 2751 1689 2815">
     <span class='ocr_line' id='line_1_44' title="bbox 409 2751 1689 2815; baseline -0.009 -11"><span class='ocrx_word' id='word_1_380' title='bbox 409 2762 452 2801; x_wconf 83' lang='grc' dir='ltr'>Ρ-</span> <span class='ocrx_word' id='word_1_381' title='bbox 473 2764 566 2804; x_wconf 71' lang='lat'><strong>643.</strong></span> <span class='ocrx_word' id='word_1_382' title='bbox 592 2763 662 2804; x_wconf 81' lang='lat'>81.</span> <span class='ocrx_word' id='word_1_383' title='bbox 702 2754 918 2815; x_wconf 75' lang='grc' dir='ltr'><strong><em>ἑξήκοντα]</em></strong></span> <span class='ocrx_word' id='word_1_384' title='bbox 960 2759 1063 2811; x_wconf 68' lang='lat' dir='ltr'>„An</span> <span class='ocrx_word' id='word_1_385' title='bbox 1091 2753 1334 2813; x_wconf 64' lang='grc' dir='ltr'><strong><em>τριάκοντα.)</em></strong></span> <span class='ocrx_word' id='word_1_386' title='bbox 1378 2754 1470 2797; x_wconf 83' lang='lat' dir='ltr'>vid.</span> <span class='ocrx_word' id='word_1_387' title='bbox 1499 2751 1689 2806; x_wconf 78' lang='lat' dir='ltr'>Xenopli.</span> 
     </span>
    </p>
   </div>
  </div>
 </body>
</html>
