1820 3249
468 226 1150 273 L113.xv111.cA1’.11.12.
1388 229 1500 271 1267

117 344 165 388 δὲ
204 341 380 394 τούτοις
405 338 645 398 Ἀθαμᾶνες
680 339 757 384 καὶ
785 337 1022 384 Λευκάδιοι
1059 338 1134 382 καὶ
1171 340 1417 380 Μολοττῶν
1454 339 1498 382 οἱ

115 401 218 454 περὶ
244 399 522 454 Ἀρυπταῖον·
567 399 697 448 οὗτος
740 393 782 440 δ’
813 397 1014 440 ύπουλον
1055 397 1302 451 συμμαχίαν
1331 395 1497 438 συνθέ-

115 473 244 513 μενος
271 457 456 528 ὕστερον
486 456 558 497 διὰ
586 454 828 507 προδοσίας
858 453 1100 524 συνήργησε
1131 457 1224 503 τοῖς
1252 451 1493 495 Μακεδόσι.

117 518 206 557 τῶν
234 511 270 556 τ’
298 510 523 566 Ἰλλυριῶν
561 511 635 554 καὶ
670 514 859 568 Θρᾳκῶν
889 509 1029 565 ὀλίγοι
1060 510 1294 553 συνέθεντο
1325 519 1488 576 συμμα-
1516 517 1572 559 20

118 573 217 639 χίαν
253 569 326 612 διὰ
354 568 403 612 τὸ
432 567 542 622 πρὸς
570 567 674 618 τούς
703 555 967 618 Μακεδόνας
995 572 1132 638 μῖσος.
1191 566 1285 636 έξῇς
1314 565 1361 608 δὲ
1391 577 1490 609 συν-

40 626 324 682 Ξὸὅελάβοντο
361 629 443 669 τοῦ
480 624 674 679 πολέμου
713 624 957 678 Καρύστιοι
996 640 1075 678 μεν
1106 622 1149 675 έξ
1179 621 1397 677 Εὐβοίας,
1426 638 1489 667 τε·

117 688 310 726 λευταῖοι
355 682 401 725 δὲ
438 685 528 724 τῶν
566 682 940 752 Πελοποννησίων
974 677 1181 735 Ἀργεῖοι,
1229 678 1488 731 Σικυώνιοι,

112 737 293 796 Ἠλεῖοι,
330 738 578 795 Μεσσήνιοι
614 754 688 782 και
721 739 765 782 οἱ
792 738 873 794 τὴν
898 737 1049 791 Ἀκτην
1077 739 1395 787 κατοικοῦντες
1444 737 1491 780 οἱ
1518 743 1574 787 25

116 795 196 852 μὲν
221 797 306 839 οὐν
325 797 572 866 συμμαχίαν
592 794 854 850 συνθέμενοι
870 797 959 838 τῶν
983 792 1203 863 Ἑλλήνων
1225 791 1424 848 υπῆρχον
1444 794 1490 836 οἱ

113 853 433 921 προειρημένοι.
465 852 489 895 6
502 853 549 895 δὲ
561 854 700 907 δῆμος
711 851 933 895 απέστελλε
945 849 1208 906 στρατιώτας
1217 866 1277 908 τῳ
1261 849 1488 892 Λεωσθέ-

113 925 180 953 νει
206 908 511 964 βοηθήσοντας
538 909 791 960 πολιτικοὺς
820 924 899 978 μεν
927 908 1090 961 πεζοὺς
1104 898 1486 974 πεντακιςχιλίους,

115 968 256 1016 ἱππεῖς
271 966 654 1017 (δὲ-πεντακοσίους,
665 963 984 1034 μισθοφόρους
986 965 1031 1008 δε
1042 965 1287 1020 διςχιλίους.
1317 961 1488 1007 τούτων
1515 971 1572 1013 30

115 1023 162 1066 δὲ
182 1023 491 1092 πορευομένων
511 1022 584 1065 δια
601 1027 677 1079 τῆς
696 1025 926 1073 Βοιωτίας,
958 1021 1216 1076 ἀλλοτρίους
1235 1021 1493 1090 συνέβαινεν

114 1077 228 1123 εἶναι
256 1094 362 1130 τους
386 1078 613 1130 Βοιωτούς
643 1084 733 1129 τοῖς
760 1078 1006 1146 Ἀθηναίοις
1038 1079 1111 1122 δια
1137 1076 1343 1128 τοιαύτας
1369 1077 1493 1129 τινας

115 1137 266 1186 αἰτίας.
325 1133 599 1189 Ἀλέξανδρος
628 1134 775 1190 Θήβας
803 1133 1086 1192 κατασκάψας
1113 1134 1194 1190 τήν
1220 1134 1369 1190 χώραν
1397 1139 1493 1186 τοῖς

111 1195 384 1260 περιοικοῦσι
419 1194 634 1261 Βοιωτοῖς
674 1193 846 1236 ἔδωκεν.
904 1192 1028 1236 οὑτοι
1066 1191 1114 1235 δὲ
1134 1190 1494 1261 κατακληρουχή-

112 1261 264 1300 σαντες
291 1247 369 1300 τοὶς
396 1252 485 1291 τῶν
512 1247 794 1319 ἠτυχηκότων
821 1248 991 1318 κτήσεις
1024 1247 1073 1292 ἐκ
1100 1264 1182 1317 της
1194 1265 1338 1304 χωρας
1360 1263 1488 1317 μεγα-
1514 1252 1572 1297 35

111 1311 190 1356 λας
205 1304 463 1377 ἐλάμβανον
483 1305 751 1361 προςόδους.
788 1304 940 1361 διόπερ
970 1303 1129 1356 εἰδότες
1156 1303 1224 1349 ὅτι
1248 1303 1492 1360 κρατήσαν-

111 1379 180 1414 τες
205 1361 429 1432 Ἀθηναῖοι
456 1366 519 1420 τῷ
547 1364 732 1435 πολέμῳ
749 1368 842 1414 τοῖς
865 1364 1078 1433 Θηβαίοις
1107 1360 1491 1432 ἀποκαταστήσου-

115 1432 159 1464 σι
187 1419 266 1475 τήν
294 1434 339 1462 τε
367 1407 556 1472 πατρίδα
581 1421 655 1464 καὶ
683 1418 764 1489 τήν
789 1419 953 1490 χώραν,
980 1418 1218 1463 ἀπέκλιναν
1245 1417 1356 1474 πρὸς
1383 1417 1492 1470 τούς

113 1475 390 1526 Μακεδόνας.
445 1475 880 1530 στρατοπεδευόντων
910 1475 953 1520 δ’
985 1475 1131 1520 αὐτῶν
1157 1476 1254 1531 περὶ
1272 1493 1350 1527 τας
1371 1478 1492 1519 Πλα-

110 1532 275 1590 ταιάς,
302 1531 325 1575 6
362 1533 629 1589 Λεωσθένης·
657 1533 790 1590 μέρος
817 1537 893 1590 τῆς
921 1535 1035 1584 ἰδίας
1064 1533 1292 1603 δυνάμεως
1321 1532 1487 1575 άναλα-
1515 1536 1572 1582 40

113 1590 206 1646 βων
247 1590 353 1658 ἡκεν
390 1591 448 1640 εἰς
486 1590 566 1646 τὴν
604 1592 834 1633 Βοιωτίαν.
893 1589 998 1644 μετά
1037 1590 1084 1634 δὲ
1119 1593 1209 1633 τῶν
1244 1587 1487 1644 Ἀθηναίων

108 1645 467 1702 παραταξάμενος
509 1645 621 1702 πρὸς
656 1646 762 1699 τοὺς
810 1646 1047 1717 ἐγχωρίους
1084 1645 1198 1703 μάχῃ
1237 1661 1282 1689 τε
1317 1645 1488 1716 ἐνίκησε

91 1706 185 1748 ’καὶ
212 1703 424 1757 τρόπαιον
453 1703 611 1760 στήσας
638 1706 798 1773 ταχέως
828 1705 1070 1773 ἐπανῆλθεν
1102 1705 1163 1755 εἰς
1194 1702 1367 1754 Πύλας·
1414 1703 1488 1745 έν·-

109 1764 257 1804 ταῦθα
296 1759 380 1816 γὰρ
414 1761 660 1831 διατρίβων
688 1760 853 1816 χρόνον
892 1760 987 1803 τινοὲ
1025 1762 1374 1831 προκατείληπτο
1408 1758 1487 1810 τάς
1516 1764 1571 1809 45

106 1817 336 1889 παρόδους
375 1817 450 1860 καὶ
481 1834 564 1874 την
599 1821 688 1861 τῶν
731 1817 1003 1861 Μακεδόνων
1031 1817 1221 1890 δύναμιν
1249 1815 1486 1886 ἀνεδέχετο.

218 1872 500 1942 Ἀντίπατρος
558 1873 601 1918 δ’
655 1873 1018 1943 ἀπολελειμμένος
1071 1873 1150 1918 ὑπ’
1199 1871 1486 1928 Ἀλεξάνδρου
1516 1881 1572 1921 12

112 1929 354 2002 στρατηγὸς
390 1935 467 1987 τῆς
505 1930 723 1987 Εὐρώπης
762 1948 821 1982 ως
858 1929 1045 1975 ἐπύθετο
1075 1930 1155 1989 τήν
1182 1947 1227 1975 τε
1254 1934 1334 1974 τοῦ
1365 1933 1487 1987 βασι-

113 1989 220 2039 λέως
249 1989 296 2031 ἐν
324 1990 560 2044 Βαβυλωνι
586 1987 787 2044 τελευτήν
814 1987 896 2044 τήν
915 2004 960 2032 τε
980 2005 1070 2032 των
1090 1991 1365 2043 σατραπειῶν
1381 1989 1488 2031 διαί·
1516 1993 1572 2036 50

115 2057 250 2099 ρεσιν,
281 2047 393 2112 πρὸς
420 2045 498 2101 μὲν
525 2044 756 2099 Κράτερον
784 2046 842 2096 εἰς
875 2047 1078 2089 Κιλικίαν
1114 2045 1385 2101 διεπέμπετο,
1412 2059 1491 2088 πα-

114 2105 318 2156 ρακαλων
334 2117 414 2157 την
430 2103 632 2172 ταχίστην
653 2106 901 2170 βοηθῆσαι·
936 2103 1065 2154 οὑτος
1085 2119 1170 2158 γαρ
1188 2105 1493 2156 προαπεσταλ-

114 2158 246 2228 μένος
274 2159 335 2210 είς
363 2161 566 2203 Κιλικίαν
595 2158 748 2216 ήμελλε
776 2158 978 2214 κατάγειν
1007 2162 1067 2211 εἰς
1083 2160 1369 2203 Μακεδονίαν
1386 2174 1494 2209 τους

113 2214 462 2284 ἀπολελυμένους
497 2219 574 2285 τῆς
614 2217 836 2284 στρατείας
876 2217 1162 2268 Μακεδόνας,
1214 2214 1343 2267 ὄντας
1380 2212 1492 2270 υπὲρ

114 2271 217 2323 τούς
246 2274 454 2344 μυρίους·
484 2274 595 2325 πρὸς
627 2273 673 2316 δὲ
703 2271 955 2316 Λεόννατον
983 2273 1064 2317 τόν
1093 2271 1301 2343 εἰληφότα
1329 2282 1487 2327 σατρα-
1515 2278 1572 2322 55

113 2331 240 2373 πείαν
273 2345 354 2385 την
383 2327 454 2385 ἐφ’
481 2328 777 2386 Ελληςπόντῳ
811 2331 1025 2385 Φρυγίαν,
1056 2328 1219 2385 ὁμοίως
1250 2328 1384 2381 άξιων
1412 2329 1488 2372 καὶ

115 2389 274 2429 τοῦτον
302 2389 530 2456 βοηθῆσαι
550 2389 622 2430 καὶ
650 2388 756 2443 μίαν
785 2390 873 2429 τῶν
902 2386 1063 2431 ἑαυτοῦ
1094 2387 1354 2457 θυγατέρων
1377 2397 1488 2433 ,συν-

117 2446 270 2486 οικιεῖν
297 2442 674 2501 ἐπαγγελλόμενος.
733 2443 988 2500 πυθόμενος
1016 2445 1063 2488 δὲ
1081 2443 1171 2501 τὴν
1173 2442 1261 2489 ὑπὸ
1282 2446 1373 2487 τῶν
1389 2441 1488 2486 Ἑλ-

114 2600 174 2636 16.
215 2597 417 2682 Ἆθοίμᾶνες
437 2602 707 2650 Wessefingius:
729 2604 812 2640 libri
832 2601 1058 2649 Ἀθάμαντες
1217 2603 1278 2638 22.
1310 2599 1491 2649 Εὐβοίας]

117 2645 268 2687 εύνοιας

204 2694 284 2729 266.
304 2694 364 2730 38.
412 2692 609 2731 ἀπέκλιναν
631 2697 720 2740 Fw,
745 2695 874 2731 caeteri
899 2692 1096 2732 ἀπέκλινον
1255 2694 1314 2730 52.
1345 2691 1488 2740 ἤμελλε]

115 2738 234 2783 ἔμελλε
258 2739 286 2773 V
468 2742 524 2777 53.
580 2723 906 2787 ἀπολελειμμένους
929 2745 994 2787 τῆς
1018 2741 1188 2787 στρατιᾶς
1209 2741 1241 2775 F
1432 2739 1490 2774 54·

111 2785 201 2827 τούς
221 2786 380 2830 μυρίους
401 2787 668 2844 wesselingius.
691 2790 773 2824 libri
793 2792 1032 2833 τριςμυρίους
1191 2786 1250 2822 55.
1281 2784 1493 2822 Λεόννατον

110 2832 380 2889 wesselingius:
404 2834 487 2870 libri
499 2834 667 2871 Φιλώταν
803 2836 871 2880 τήν
890 2834 958 2879 ἐφ’
961 2835 986 2892 βό]
1012 2833 1080 2877 ἐφ’
1098 2834 1178 2870 Bas.
1321 2833 1379 2866 57.
1405 2843 1491 2866 εαυ-

111 2879 192 2925 τοῦ]
218 2877 338 2915 αὐτοῦ
356 2881 438 2917 Bas.
576 2881 787 2928 συνοικιεῖν]
812 2884 997 2918 συνοικεῖν
1011 2882 1057 2917 W
1195 2878 1253 2915 58.
1275 2875 1352 2916 ὑπό
1371 2888 1441 2912 om.
1462 2877 1494 2911 F

1109 2936 1218 2980 81*
