<?xml version="1.0" encoding="UTF-8"?>
<!DOCTYPE html PUBLIC "-//W3C//DTD XHTML 1.0 Transitional//EN"
    "http://www.w3.org/TR/xhtml1/DTD/xhtml1-transitional.dtd">
<html xmlns="http://www.w3.org/1999/xhtml" xml:lang="en" lang="en">
 <head>
  <title>
</title>
<meta http-equiv="Content-Type" content="text/html;charset=utf-8" />
  <meta name='ocr-system' content='tesseract 3.04.00' />
  <meta name='ocr-capabilities' content='ocr_page ocr_carea ocr_par ocr_line ocrx_word'/>
</head>
<body>
  <div class='ocr_page' id='page_1' title='image "./p1bibliothecahisto02dioduoft_0146.png"; bbox 0 0 1820 3249; ppageno 0'>
   <div class='ocr_carea' id='block_1_1' title="bbox 361 155 1317 205">
    <p class='ocr_par' dir='ltr' id='par_1_1' title="bbox 361 155 1317 205">
     <span class='ocr_line' id='line_1_1' title="bbox 361 155 1317 205; baseline -0.007 0"><span class='ocrx_word' id='word_1_1' title='bbox 361 162 474 205; x_wconf 68' lang='lat'>1070</span> <span class='ocrx_word' id='word_1_2' title='bbox 780 158 895 202; x_wconf 86' lang='lat' dir='ltr'><strong>LIB.</strong></span> <span class='ocrx_word' id='word_1_3' title='bbox 925 156 1036 201; x_wconf 87' lang='lat' dir='ltr'><strong>XVI.</strong></span> <span class='ocrx_word' id='word_1_4' title='bbox 1078 155 1227 199; x_wconf 73' lang='lat' dir='ltr'>-CAR-</span> <span class='ocrx_word' id='word_1_5' title='bbox 1249 160 1317 200; x_wconf 77' lang='lat'><strong><em>31.</em></strong></span> 
     </span>
    </p>
   </div>
   <div class='ocr_carea' id='block_1_2' title="bbox 253 257 1802 2490">
    <p class='ocr_par' dir='ltr' id='par_1_2' title="bbox 253 257 1802 2481">
     <span class='ocr_line' id='line_1_2' title="bbox 281 257 1727 325; baseline -0.003 -8"><span class='ocrx_word' id='word_1_6' title='bbox 281 257 335 295; x_wconf 72' lang='lat'><strong><em>31</em></strong></span> <span class='ocrx_word' id='word_1_7' title='bbox 479 270 603 317; x_wconf 79' lang='grc' dir='ltr'><strong><em>Μετοέ</em></strong></span> <span class='ocrx_word' id='word_1_8' title='bbox 634 272 679 315; x_wconf 77' lang='grc' dir='ltr'><strong><em>δὲ</em></strong></span> <span class='ocrx_word' id='word_1_9' title='bbox 709 275 843 314; x_wconf 85' lang='grc' dir='ltr'><strong><em>ταῦτα</em></strong></span> <span class='ocrx_word' id='word_1_10' title='bbox 873 271 917 313; x_wconf 79' lang='grc' dir='ltr'><strong><em>οῖ</em></strong></span> <span class='ocrx_word' id='word_1_11' title='bbox 946 286 1024 325; x_wconf 87' lang='grc' dir='ltr'><strong><em>μεν</em></strong></span> <span class='ocrx_word' id='word_1_12' title='bbox 1054 270 1240 314; x_wconf 86' lang='grc' dir='ltr'><strong><em>Βοιωτοὶ</em></strong></span> <span class='ocrx_word' id='word_1_13' title='bbox 1268 269 1376 313; x_wconf 75' lang='grc' dir='ltr'><strong><em>κατὰ</em></strong></span> <span class='ocrx_word' id='word_1_14' title='bbox 1403 269 1478 321; x_wconf 77' lang='grc' dir='ltr'><strong><em>τοὶς</em></strong></span> <span class='ocrx_word' id='word_1_15' title='bbox 1498 270 1727 323; x_wconf 82' lang='grc' dir='ltr'><strong><em>προνομὰς</em></strong></span> 
     </span>
     <span class='ocr_line' id='line_1_3' title="bbox 282 311 1726 399; baseline -0.003 -27"><span class='ocrx_word' id='word_1_16' title='bbox 282 311 336 353; x_wconf 69' lang='grc'><strong><em>85</em></strong></span> <span class='ocrx_word' id='word_1_17' title='bbox 367 329 680 385; x_wconf 74' lang='grc' dir='ltr'><strong><em>ζωγρήσαντες</em></strong></span> <span class='ocrx_word' id='word_1_18' title='bbox 691 327 770 371; x_wconf 84' lang='grc' dir='ltr'><strong><em>οὐκ</em></strong></span> <span class='ocrx_word' id='word_1_19' title='bbox 800 327 974 398; x_wconf 80' lang='grc' dir='ltr'><strong><em>ὀλίγους</em></strong></span> <span class='ocrx_word' id='word_1_20' title='bbox 1001 332 1088 369; x_wconf 78' lang='grc' dir='ltr'><strong><em>τῶν</em></strong></span> <span class='ocrx_word' id='word_1_21' title='bbox 1109 326 1418 399; x_wconf 78' lang='grc' dir='ltr'><strong><em>μισθοφόρων,</em></strong></span> <span class='ocrx_word' id='word_1_22' title='bbox 1449 324 1726 380; x_wconf 82' lang='grc' dir='ltr'><strong><em>προαγαγόν-</em></strong></span> 
     </span>
     <span class='ocr_line' id='line_1_4' title="bbox 363 382 1727 439; baseline -0.003 -10"><span class='ocrx_word' id='word_1_23' title='bbox 363 400 443 436; x_wconf 86' lang='grc' dir='ltr'><strong><em>τες</em></strong></span> <span class='ocrx_word' id='word_1_24' title='bbox 455 386 563 439; x_wconf 79' lang='grc' dir='ltr'><strong><em>πρὸ</em></strong></span> <span class='ocrx_word' id='word_1_25' title='bbox 575 390 650 439; x_wconf 82' lang='grc' dir='ltr'><strong><em>τῆς</em></strong></span> <span class='ocrx_word' id='word_1_26' title='bbox 674 385 835 435; x_wconf 81' lang='grc' dir='ltr'><strong><em>πόλεως</em></strong></span> <span class='ocrx_word' id='word_1_27' title='bbox 865 383 1077 439; x_wconf 72' lang='grc' dir='ltr'><strong><em>ἐκήρυξαν</em></strong></span> <span class='ocrx_word' id='word_1_28' title='bbox 1106 384 1172 427; x_wconf 85' lang='grc' dir='ltr'><strong><em>ὅτι</em></strong></span> <span class='ocrx_word' id='word_1_29' title='bbox 1199 383 1351 434; x_wconf 84' lang='grc' dir='ltr'><strong><em>τούςδε</em></strong></span> <span class='ocrx_word' id='word_1_30' title='bbox 1376 383 1479 433; x_wconf 74' lang='grc' dir='ltr'><strong><em>τοὺς</em></strong></span> <span class='ocrx_word' id='word_1_31' title='bbox 1499 382 1662 437; x_wconf 72' lang='grc' dir='ltr'><strong><em>ἄνδρας</em></strong></span> <span class='ocrx_word' id='word_1_32' title='bbox 1685 384 1727 425; x_wconf 81' lang='grc' dir='ltr'><strong><em>οἱ</em></strong></span> 
     </span>
     <span class='ocr_line' id='line_1_5' title="bbox 360 440 1725 514; baseline -0.004 -27.978"><span class='ocrx_word' id='word_1_33' title='bbox 360 442 644 514; x_wconf 68' lang='grc' dir='ltr'><strong><em>Ἀμφικτύονς</em></strong></span> <span class='ocrx_word' id='word_1_34' title='bbox 629 458 669 491; x_wconf 74' lang='grc' dir='ltr'><strong><em>ες</em></strong></span> <span class='ocrx_word' id='word_1_35' title='bbox 709 443 1106 495; x_wconf 58' lang='grc' dir='ltr'><strong><em>στρατευσαμένους</em></strong></span> <span class='ocrx_word' id='word_1_36' title='bbox 1134 442 1238 512; x_wconf 75' lang='grc' dir='ltr'><strong><em>μετὰ</em></strong></span> <span class='ocrx_word' id='word_1_37' title='bbox 1265 445 1352 483; x_wconf 78' lang='grc' dir='ltr'><strong><em>τῶν</em></strong></span> <span class='ocrx_word' id='word_1_38' title='bbox 1383 440 1620 492; x_wconf 81' lang='grc' dir='ltr'><strong><em>ἵει)οσύλων</em></strong></span> <span class='ocrx_word' id='word_1_39' title='bbox 1649 444 1725 481; x_wconf 80' lang='grc' dir='ltr'><strong><em>θα-</em></strong></span> 
     </span>
     <span class='ocr_line' id='line_1_6' title="bbox 363 496 1726 555; baseline -0.004 -13"><span class='ocrx_word' id='word_1_40' title='bbox 363 501 479 555; x_wconf 79' lang='grc' dir='ltr'><strong><em>νάτῳ</em></strong></span> <span class='ocrx_word' id='word_1_41' title='bbox 508 498 789 550; x_wconf 71' lang='grc' dir='ltr'><strong><em>κολάζουσιν·</em></strong></span> <span class='ocrx_word' id='word_1_42' title='bbox 838 496 971 547; x_wconf 86' lang='grc' dir='ltr'><strong><em>ευθυς</em></strong></span> <span class='ocrx_word' id='word_1_43' title='bbox 1001 497 1044 539; x_wconf 79' lang='grc' dir='ltr'><strong><em>δὲ</em></strong></span> <span class='ocrx_word' id='word_1_44' title='bbox 1075 498 1147 539; x_wconf 83' lang='grc' dir='ltr'><strong><em>καὶ</em></strong></span> <span class='ocrx_word' id='word_1_45' title='bbox 1174 502 1261 539; x_wconf 78' lang='grc' dir='ltr'><strong><em>τῶν</em></strong></span> <span class='ocrx_word' id='word_1_46' title='bbox 1293 498 1429 552; x_wconf 76' lang='grc' dir='ltr'><strong><em>ἔργων</em></strong></span> <span class='ocrx_word' id='word_1_47' title='bbox 1458 502 1552 546; x_wconf 77' lang='grc' dir='ltr'><strong><em>τοῖς</em></strong></span> <span class='ocrx_word' id='word_1_48' title='bbox 1581 496 1726 550; x_wconf 86' lang='grc' dir='ltr'><strong><em>λόγοις</em></strong></span> 
     </span>
     <span class='ocr_line' id='line_1_7' title="bbox 278 544 1727 608; baseline -0.006 -6"><span class='ocrx_word' id='word_1_49' title='bbox 278 564 333 602; x_wconf 85' lang='grc'><strong><em>90</em></strong></span> <span class='ocrx_word' id='word_1_50' title='bbox 363 544 735 599; x_wconf 71' lang='grc' dir='ltr'><strong><em>ἀκολουθούντων</em></strong></span> <span class='ocrx_word' id='word_1_51' title='bbox 772 570 963 603; x_wconf 86' lang='grc' dir='ltr'><strong><em>απαντας</em></strong></span> <span class='ocrx_word' id='word_1_52' title='bbox 1000 552 1326 608; x_wconf 70' lang='grc' dir='ltr'><strong><em>κατηκόντισαν.</em></strong></span> <span class='ocrx_word' id='word_1_53' title='bbox 1348 568 1351 571; x_wconf 88' lang='grc'><strong><em>·</em></strong></span> <span class='ocrx_word' id='word_1_54' title='bbox 1387 554 1454 597; x_wconf 81' lang='grc' dir='ltr'><strong><em>ἐπὶ</em></strong></span> <span class='ocrx_word' id='word_1_55' title='bbox 1481 554 1529 596; x_wconf 77' lang='grc' dir='ltr'><strong><em>’δὲ</em></strong></span> <span class='ocrx_word' id='word_1_56' title='bbox 1558 553 1727 602; x_wconf 78' lang='grc' dir='ltr'><strong><em>τούτοις</em></strong></span> 
     </span>
     <span class='ocr_line' id='line_1_8' title="bbox 362 608 1727 693; baseline -0.004 -37"><span class='ocrx_word' id='word_1_57' title='bbox 362 615 405 656; x_wconf 80' lang='grc' dir='ltr'><strong><em>οἱ</em></strong></span> <span class='ocrx_word' id='word_1_58' title='bbox 433 629 551 663; x_wconf 90' lang='grc' dir='ltr'><strong><em>παρα</em></strong></span> <span class='ocrx_word' id='word_1_59' title='bbox 581 628 670 661; x_wconf 78' lang='grc' dir='ltr'><strong><em>τοις</em></strong></span> <span class='ocrx_word' id='word_1_60' title='bbox 702 615 901 654; x_wconf 74' lang='grc' dir='ltr'><strong><em>Φωκεῦσι</em></strong></span> <span class='ocrx_word' id='word_1_61' title='bbox 918 611 1192 664; x_wconf 74' lang='grc' dir='ltr'><strong><em>μισθοφόροι</em></strong></span> <span class='ocrx_word' id='word_1_62' title='bbox 1212 611 1556 693; x_wconf 70' lang='grc' dir='ltr'><strong><em>παροξυνθέντες</em></strong></span> <span class='ocrx_word' id='word_1_63' title='bbox 1574 608 1727 664; x_wconf 76' lang='grc' dir='ltr'><strong><em>η’ξίουν</em></strong></span> 
     </span>
     <span class='ocr_line' id='line_1_9' title="bbox 359 666 1726 737; baseline -0.003 -25"><span class='ocrx_word' id='word_1_64' title='bbox 359 669 437 712; x_wconf 87' lang='grc' dir='ltr'><strong><em>τὸν</em></strong></span> <span class='ocrx_word' id='word_1_65' title='bbox 474 667 721 735; x_wconf 75' lang='grc' dir='ltr'><strong><em>Φιλόμηλον</em></strong></span> <span class='ocrx_word' id='word_1_66' title='bbox 753 671 825 737; x_wconf 78' lang='grc' dir='ltr'><strong><em>τῆς</em></strong></span> <span class='ocrx_word' id='word_1_67' title='bbox 856 666 1006 721; x_wconf 78' lang='grc' dir='ltr'><strong><em>ὁμοίας</em></strong></span> <span class='ocrx_word' id='word_1_68' title='bbox 1034 670 1242 721; x_wconf 75' lang='grc' dir='ltr'><strong><em>τιμωρίας</em></strong></span> <span class='ocrx_word' id='word_1_69' title='bbox 1262 666 1440 718; x_wconf 73' lang='grc' dir='ltr'><strong><em>ἀξιώσαι</em></strong></span> <span class='ocrx_word' id='word_1_70' title='bbox 1465 683 1567 716; x_wconf 88' lang='grc' dir='ltr'><strong><em>τους</em></strong></span> <span class='ocrx_word' id='word_1_71' title='bbox 1596 670 1726 708; x_wconf 81' lang='grc' dir='ltr'><strong><em>πολε-</em></strong></span> 
     </span>
     <span class='ocr_line' id='line_1_10' title="bbox 360 722 1728 794; baseline -0.003 -26"><span class='ocrx_word' id='word_1_72' title='bbox 360 728 499 794; x_wconf 89' lang='grc' dir='ltr'><strong><em>μίους.</em></strong></span> <span class='ocrx_word' id='word_1_73' title='bbox 560 723 748 793; x_wconf 68' lang='grc' dir='ltr'><strong><em>μεγάλην</em></strong></span> <span class='ocrx_word' id='word_1_74' title='bbox 779 724 823 766; x_wconf 80' lang='grc' dir='ltr'><strong><em>δὲ</em></strong></span> <span class='ocrx_word' id='word_1_75' title='bbox 854 725 1126 778; x_wconf 74' lang='grc' dir='ltr'><strong><em>φιλονεικίαν</em></strong></span> <span class='ocrx_word' id='word_1_76' title='bbox 1156 724 1491 778; x_wconf 56' lang='grc' dir='ltr'><strong><em>εἰςενεγκάμτνοι</em></strong></span> <span class='ocrx_word' id='word_1_77' title='bbox 1520 722 1590 765; x_wconf 82' lang='grc' dir='ltr'><strong><em>καὶ</em></strong></span> <span class='ocrx_word' id='word_1_78' title='bbox 1621 726 1728 764; x_wconf 84' lang='grc' dir='ltr'><strong><em>πολ-</em></strong></span> 
     </span>
     <span class='ocr_line' id='line_1_11' title="bbox 359 780 1728 849; baseline -0.003 -24"><span class='ocrx_word' id='word_1_79' title='bbox 359 781 463 832; x_wconf 82' lang='grc' dir='ltr'><strong><em>λούς</em></strong></span> <span class='ocrx_word' id='word_1_80' title='bbox 491 797 578 824; x_wconf 87' lang='grc' dir='ltr'><strong><em>των</em></strong></span> <span class='ocrx_word' id='word_1_81' title='bbox 607 781 717 825; x_wconf 74' lang='grc' dir='ltr'><strong><em>κατὰ</em></strong></span> <span class='ocrx_word' id='word_1_82' title='bbox 744 780 843 849; x_wconf 81' lang='grc' dir='ltr'><strong><em>τήν</em></strong></span> <span class='ocrx_word' id='word_1_83' title='bbox 853 797 911 834; x_wconf 74' lang='grc' dir='ltr'><strong><em>χι,</em></strong></span> <span class='ocrx_word' id='word_1_84' title='bbox 917 795 998 833; x_wconf 86' lang='grc' dir='ltr'><strong><em>ραν</em></strong></span> <span class='ocrx_word' id='word_1_85' title='bbox 1029 780 1320 848; x_wconf 82' lang='grc' dir='ltr'><strong><em>πλανωμένων</em></strong></span> <span class='ocrx_word' id='word_1_86' title='bbox 1343 797 1462 834; x_wconf 87' lang='grc' dir='ltr'><strong><em>παρα</em></strong></span> <span class='ocrx_word' id='word_1_87' title='bbox 1490 785 1580 830; x_wconf 78' lang='grc' dir='ltr'><strong><em>τοῖς</em></strong></span> <span class='ocrx_word' id='word_1_88' title='bbox 1609 784 1728 821; x_wconf 85' lang='grc' dir='ltr'><strong><em>πολε-</em></strong></span> 
     </span>
     <span class='ocr_line' id='line_1_12' title="bbox 277 834 1727 905; baseline -0.003 -23"><span class='ocrx_word' id='word_1_89' title='bbox 277 840 330 882; x_wconf 84' lang='grc'><strong><em>95</em></strong></span> <span class='ocrx_word' id='word_1_90' title='bbox 360 841 474 894; x_wconf 90' lang='grc' dir='ltr'><strong><em>μίοις</em></strong></span> <span class='ocrx_word' id='word_1_91' title='bbox 501 836 789 905; x_wconf 75' lang='grc' dir='ltr'><strong><em>ζωγρήσαντες</em></strong></span> <span class='ocrx_word' id='word_1_92' title='bbox 818 835 1065 891; x_wconf 68' lang='grc' dir='ltr'><strong><em>ἀνήγαγον·</em></strong></span> <span class='ocrx_word' id='word_1_93' title='bbox 1098 834 1174 885; x_wconf 81' lang='grc' dir='ltr'><strong><em>οὓς</em></strong></span> <span class='ocrx_word' id='word_1_94' title='bbox 1203 835 1400 886; x_wconf 78' lang='grc' dir='ltr'><strong><em>ἅπαντας</em></strong></span> <span class='ocrx_word' id='word_1_95' title='bbox 1425 835 1448 878; x_wconf 89' lang='lat'><strong><em>6</em></strong></span> <span class='ocrx_word' id='word_1_96' title='bbox 1484 834 1727 891; x_wconf 78' lang='grc' dir='ltr'><strong><em>Φιλόμηλος</em></strong></span> 
     </span>
     <span class='ocr_line' id='line_1_13' title="bbox 360 892 1726 951; baseline -0.002 -13"><span class='ocrx_word' id='word_1_97' title='bbox 360 895 651 951; x_wconf 77' lang='grc' dir='ltr'><strong><em>κατηκόντισε.</em></strong></span> <span class='ocrx_word' id='word_1_98' title='bbox 714 892 785 950; x_wconf 72' lang='grc' dir='ltr'><strong><em>δια</em></strong></span> <span class='ocrx_word' id='word_1_99' title='bbox 825 892 870 935; x_wconf 75' lang='grc' dir='ltr'><strong><em>δὲ</em></strong></span> <span class='ocrx_word' id='word_1_100' title='bbox 907 892 1065 946; x_wconf 80' lang='grc' dir='ltr'><strong><em>ταύτης</em></strong></span> <span class='ocrx_word' id='word_1_101' title='bbox 1101 897 1177 947; x_wconf 84' lang='grc' dir='ltr'><strong><em>τῆς</em></strong></span> <span class='ocrx_word' id='word_1_102' title='bbox 1215 892 1434 943; x_wconf 75' lang='grc' dir='ltr'><strong><em>κολάσεως</em></strong></span> <span class='ocrx_word' id='word_1_103' title='bbox 1471 893 1576 942; x_wconf 80' lang='grc' dir='ltr'><strong><em>τούς</em></strong></span> <span class='ocrx_word' id='word_1_104' title='bbox 1606 892 1726 935; x_wconf 81' lang='grc' dir='ltr'><strong><em>ἐναν-</em></strong></span> 
     </span>
     <span class='ocr_line' id='line_1_14' title="bbox 360 948 1726 1019; baseline -0.003 -24"><span class='ocrx_word' id='word_1_105' title='bbox 360 954 481 1001; x_wconf 86' lang='grc' dir='ltr'><strong><em>τίους</em></strong></span> <span class='ocrx_word' id='word_1_106' title='bbox 500 952 709 1019; x_wconf 76' lang='grc' dir='ltr'><strong><em>ἐποίησαν</em></strong></span> <span class='ocrx_word' id='word_1_107' title='bbox 730 948 995 1004; x_wconf 74' lang='grc' dir='ltr'><strong><em>μεταθέσθαι</em></strong></span> <span class='ocrx_word' id='word_1_108' title='bbox 1012 953 1087 1004; x_wconf 83' lang='grc' dir='ltr'><strong><em>τῆς</em></strong></span> <span class='ocrx_word' id='word_1_109' title='bbox 1104 964 1390 1005; x_wconf 80' lang='grc' dir='ltr'><strong><em>υπερηφανου</em></strong></span> <span class='ocrx_word' id='word_1_110' title='bbox 1408 950 1480 992; x_wconf 82' lang='grc' dir='ltr'><strong><em>καὶ</em></strong></span> <span class='ocrx_word' id='word_1_111' title='bbox 1502 952 1645 1016; x_wconf 81' lang='grc' dir='ltr'><strong><em>δεινῆς</em></strong></span> <span class='ocrx_word' id='word_1_112' title='bbox 1669 965 1726 991; x_wconf 90' lang='grc' dir='ltr'><strong><em>τι-</em></strong></span> 
     </span>
     <span class='ocr_line' id='line_1_15' title="bbox 357 1005 1727 1062; baseline -0.002 -11"><span class='ocrx_word' id='word_1_113' title='bbox 357 1011 533 1062; x_wconf 80' lang='grc' dir='ltr'><strong><em>μωρίας.</em></strong></span> <span class='ocrx_word' id='word_1_114' title='bbox 560 1023 563 1026; x_wconf 67' lang='grc'><strong><em>’</em></strong></span> <span class='ocrx_word' id='word_1_115' title='bbox 593 1023 696 1061; x_wconf 81' lang='grc' dir='ltr'><strong><em>μετα</em></strong></span> <span class='ocrx_word' id='word_1_116' title='bbox 728 1006 772 1049; x_wconf 80' lang='grc' dir='ltr'><strong><em>δὲ</em></strong></span> <span class='ocrx_word' id='word_1_117' title='bbox 802 1011 936 1049; x_wconf 85' lang='grc' dir='ltr'><strong><em>ταῦτα</em></strong></span> <span class='ocrx_word' id='word_1_118' title='bbox 965 1010 1051 1048; x_wconf 79' lang='grc' dir='ltr'><strong><em>τῶν</em></strong></span> <span class='ocrx_word' id='word_1_119' title='bbox 1081 1006 1308 1061; x_wconf 77' lang='grc' dir='ltr'><strong><em>δυνάμεων</em></strong></span> <span class='ocrx_word' id='word_1_120' title='bbox 1337 1008 1395 1056; x_wconf 85' lang='grc' dir='ltr'><strong><em>εἰς</em></strong></span> <span class='ocrx_word' id='word_1_121' title='bbox 1425 1005 1560 1060; x_wconf 78' lang='grc' dir='ltr'><strong><em>ἄλλην</em></strong></span> <span class='ocrx_word' id='word_1_122' title='bbox 1581 1005 1727 1060; x_wconf 79' lang='grc' dir='ltr'><strong><em>χώραν</em></strong></span> 
     </span>
     <span class='ocr_line' id='line_1_16' title="bbox 253 1061 1727 1120; baseline -0.004 -10"><span class='ocrx_word' id='word_1_123' title='bbox 253 1072 331 1110; x_wconf 86' lang='grc'><strong><em>100</em></strong></span> <span class='ocrx_word' id='word_1_124' title='bbox 361 1066 658 1120; x_wconf 86' lang='grc' dir='ltr'><strong><em>εμβαλουσων,</em></strong></span> <span class='ocrx_word' id='word_1_125' title='bbox 688 1064 761 1106; x_wconf 85' lang='grc' dir='ltr'><strong><em>καὶ</em></strong></span> <span class='ocrx_word' id='word_1_126' title='bbox 785 1062 864 1117; x_wconf 84' lang='grc' dir='ltr'><strong><em>τὴν</em></strong></span> <span class='ocrx_word' id='word_1_127' title='bbox 896 1061 1151 1114; x_wconf 77' lang='grc' dir='ltr'><strong><em>ὁδοιπορίαν</em></strong></span> <span class='ocrx_word' id='word_1_128' title='bbox 1180 1063 1455 1118; x_wconf 82' lang='grc' dir='ltr'><strong><em>ποιουμένων</em></strong></span> <span class='ocrx_word' id='word_1_129' title='bbox 1484 1063 1555 1105; x_wconf 87' lang='grc' dir='ltr'><strong><em>δια</em></strong></span> <span class='ocrx_word' id='word_1_130' title='bbox 1580 1061 1727 1105; x_wconf 89' lang='grc' dir='ltr'><strong><em>τόπων</em></strong></span> 
     </span>
     <span class='ocr_line' id='line_1_17' title="bbox 359 1118 1727 1175; baseline -0.001 -11"><span class='ocrx_word' id='word_1_131' title='bbox 359 1121 664 1173; x_wconf 84' lang='grc' dir='ltr'><strong><em>καταδένδρων</em></strong></span> <span class='ocrx_word' id='word_1_132' title='bbox 693 1121 765 1163; x_wconf 86' lang='grc' dir='ltr'><strong><em>καὶ</em></strong></span> <span class='ocrx_word' id='word_1_133' title='bbox 797 1118 1001 1174; x_wconf 78' lang='grc' dir='ltr'><strong><em>τραχέων,</em></strong></span> <span class='ocrx_word' id='word_1_134' title='bbox 1039 1119 1165 1175; x_wconf 79' lang='grc' dir='ltr'><strong><em>ἄφνω</em></strong></span> <span class='ocrx_word' id='word_1_135' title='bbox 1197 1120 1428 1174; x_wconf 80' lang='grc' dir='ltr'><strong><em>συνέμιξαν</em></strong></span> <span class='ocrx_word' id='word_1_136' title='bbox 1456 1118 1654 1174; x_wconf 66' lang='grc' dir='ltr'><strong><em>αλλήλοις</em></strong></span> <span class='ocrx_word' id='word_1_137' title='bbox 1684 1120 1727 1162; x_wconf 80' lang='grc' dir='ltr'><strong><em>οἱ</em></strong></span> 
     </span>
     <span class='ocr_line' id='line_1_18' title="bbox 360 1176 1728 1246; baseline -0.002 -26"><span class='ocrx_word' id='word_1_138' title='bbox 360 1177 685 1246; x_wconf 58' lang='grc' dir='ltr'><strong><em>προηγούμενοι</em></strong></span> <span class='ocrx_word' id='word_1_139' title='bbox 726 1180 800 1232; x_wconf 82' lang='grc' dir='ltr'><strong><em>τῆς</em></strong></span> <span class='ocrx_word' id='word_1_140' title='bbox 838 1180 1049 1229; x_wconf 77' lang='grc' dir='ltr'><strong><em>στρατιᾶς.</em></strong></span> <span class='ocrx_word' id='word_1_141' title='bbox 1106 1177 1337 1231; x_wconf 76' lang='grc' dir='ltr'><strong><em>γενομένης</em></strong></span> <span class='ocrx_word' id='word_1_142' title='bbox 1377 1176 1422 1219; x_wconf 75' lang='grc' dir='ltr'><strong><em>δὲ</em></strong></span> <span class='ocrx_word' id='word_1_143' title='bbox 1461 1179 1728 1245; x_wconf 83' lang='grc' dir='ltr'><strong><em>συμπλοκῆς,</em></strong></span> 
     </span>
     <span class='ocr_line' id='line_1_19' title="bbox 360 1231 1727 1306; baseline -0.001 -29"><span class='ocrx_word' id='word_1_144' title='bbox 360 1233 450 1278; x_wconf 79' lang='grc' dir='ltr'><strong><em>εἶτα</em></strong></span> <span class='ocrx_word' id='word_1_145' title='bbox 476 1234 611 1306; x_wconf 84' lang='grc' dir='ltr'><strong><em>μάχης</em></strong></span> <span class='ocrx_word' id='word_1_146' title='bbox 639 1236 839 1288; x_wconf 78' lang='grc' dir='ltr'><strong><em>ἰσχυρας,</em></strong></span> <span class='ocrx_word' id='word_1_147' title='bbox 895 1235 937 1275; x_wconf 78' lang='grc' dir='ltr'><strong><em>οῖ</em></strong></span> <span class='ocrx_word' id='word_1_148' title='bbox 968 1234 1155 1276; x_wconf 82' lang='grc' dir='ltr'><strong><em>Βοιωτοὶ</em></strong></span> <span class='ocrx_word' id='word_1_149' title='bbox 1182 1238 1241 1289; x_wconf 79' lang='grc' dir='ltr'><strong><em>τῷ</em></strong></span> <span class='ocrx_word' id='word_1_150' title='bbox 1271 1232 1428 1289; x_wconf 84' lang='grc' dir='ltr'><strong><em>πλήθει</em></strong></span> <span class='ocrx_word' id='word_1_151' title='bbox 1455 1231 1568 1275; x_wconf 88' lang='grc' dir='ltr'><strong><em>πολυ</em></strong></span> <span class='ocrx_word' id='word_1_152' title='bbox 1599 1233 1727 1285; x_wconf 85' lang='grc' dir='ltr'><strong><em>προέ-</em></strong></span> 
     </span>
     <span class='ocr_line' id='line_1_20' title="bbox 362 1289 1727 1361; baseline -0.002 -27"><span class='ocrx_word' id='word_1_153' title='bbox 362 1307 524 1361; x_wconf 82' lang='grc' dir='ltr'><strong><em>χοντες</em></strong></span> <span class='ocrx_word' id='word_1_154' title='bbox 538 1292 741 1346; x_wconf 81' lang='grc' dir='ltr'><strong><em>ἐνίκησαν</em></strong></span> <span class='ocrx_word' id='word_1_155' title='bbox 778 1289 881 1339; x_wconf 80' lang='grc' dir='ltr'><strong><em>τούς</em></strong></span> <span class='ocrx_word' id='word_1_156' title='bbox 912 1293 1087 1339; x_wconf 78' lang='grc' dir='ltr'><strong><em>Φωκεῖς.</em></strong></span> <span class='ocrx_word' id='word_1_157' title='bbox 1145 1293 1219 1345; x_wconf 84' lang='grc' dir='ltr'><strong><em>τῆς</em></strong></span> <span class='ocrx_word' id='word_1_158' title='bbox 1250 1291 1294 1333; x_wconf 81' lang='grc' dir='ltr'><strong><em>δὲ</em></strong></span> <span class='ocrx_word' id='word_1_159' title='bbox 1326 1294 1468 1345; x_wconf 82' lang='grc' dir='ltr'><strong><em>φυγῆς</em></strong></span> <span class='ocrx_word' id='word_1_160' title='bbox 1496 1290 1727 1344; x_wconf 80' lang='grc' dir='ltr'><strong><em>γενομένης</em></strong></span> 
     </span>
     <span class='ocr_line' id='line_1_21' title="bbox 305 1345 1727 1415; baseline -0.001 -25"><span class='ocrx_word' id='word_1_161' title='bbox 305 1348 331 1390; x_wconf 87' lang='lat'>5</span> <span class='ocrx_word' id='word_1_162' title='bbox 364 1348 436 1392; x_wconf 77' lang='grc' dir='ltr'><strong><em>διοὶ</em></strong></span> <span class='ocrx_word' id='word_1_163' title='bbox 475 1348 613 1391; x_wconf 86' lang='grc' dir='ltr'><strong><em>τόπου</em></strong></span> <span class='ocrx_word' id='word_1_164' title='bbox 649 1345 935 1415; x_wconf 80' lang='grc' dir='ltr'><strong><em>κρημνώδους</em></strong></span> <span class='ocrx_word' id='word_1_165' title='bbox 973 1347 1046 1388; x_wconf 80' lang='grc' dir='ltr'><strong><em>καὶ</em></strong></span> <span class='ocrx_word' id='word_1_166' title='bbox 1083 1348 1300 1397; x_wconf 83' lang='grc' dir='ltr'><strong><em>δυςεξίτου</em></strong></span> <span class='ocrx_word' id='word_1_167' title='bbox 1330 1346 1479 1389; x_wconf 88' lang='grc' dir='ltr'><strong><em>πολλοὶ</em></strong></span> <span class='ocrx_word' id='word_1_168' title='bbox 1507 1362 1595 1389; x_wconf 88' lang='grc' dir='ltr'><strong><em>των</em></strong></span> <span class='ocrx_word' id='word_1_169' title='bbox 1627 1350 1727 1388; x_wconf 87' lang='grc' dir='ltr'><strong><em>Φω-</em></strong></span> 
     </span>
     <span class='ocr_line' id='line_1_22' title="bbox 359 1400 1726 1472; baseline -0.002 -24"><span class='ocrx_word' id='word_1_170' title='bbox 359 1405 471 1448; x_wconf 85' lang='grc' dir='ltr'><strong><em>κέων</em></strong></span> <span class='ocrx_word' id='word_1_171' title='bbox 499 1405 582 1447; x_wconf 89' lang='grc' dir='ltr'><strong><em>καὶ</em></strong></span> <span class='ocrx_word' id='word_1_172' title='bbox 601 1402 891 1472; x_wconf 85' lang='grc' dir='ltr'><strong><em>μισθοφόρων</em></strong></span> <span class='ocrx_word' id='word_1_173' title='bbox 920 1402 1238 1458; x_wconf 83' lang='grc' dir='ltr'><strong><em>κατεκόπησαν·</em></strong></span> <span class='ocrx_word' id='word_1_174' title='bbox 1270 1402 1293 1446; x_wconf 91' lang='lat'><strong><em>6</em></strong></span> <span class='ocrx_word' id='word_1_175' title='bbox 1323 1403 1367 1446; x_wconf 79' lang='grc' dir='ltr'><strong><em>δὲ</em></strong></span> <span class='ocrx_word' id='word_1_176' title='bbox 1399 1400 1642 1458; x_wconf 75' lang='grc' dir='ltr'><strong><em>Φιλόμηλος</em></strong></span> <span class='ocrx_word' id='word_1_177' title='bbox 1664 1402 1726 1446; x_wconf 81' lang='grc' dir='ltr'><strong><em>ἐκ</em></strong></span> 
     </span>
     <span class='ocr_line' id='line_1_23' title="bbox 359 1459 1726 1527; baseline -0.001 -23"><span class='ocrx_word' id='word_1_178' title='bbox 359 1460 514 1518; x_wconf 83' lang='grc' dir='ltr'><strong><em>θύμως</em></strong></span> <span class='ocrx_word' id='word_1_179' title='bbox 545 1459 874 1527; x_wconf 80' lang='grc' dir='ltr'><strong><em>αγωνισάμενος</em></strong></span> <span class='ocrx_word' id='word_1_180' title='bbox 897 1460 970 1502; x_wconf 86' lang='grc' dir='ltr'><strong><em>καὶ</em></strong></span> <span class='ocrx_word' id='word_1_181' title='bbox 1005 1463 1182 1510; x_wconf 88' lang='grc' dir='ltr'><strong><em>πολλοις</em></strong></span> <span class='ocrx_word' id='word_1_182' title='bbox 1220 1459 1435 1514; x_wconf 86' lang='grc' dir='ltr'><strong><em>τραύμασι</em></strong></span> <span class='ocrx_word' id='word_1_183' title='bbox 1473 1459 1726 1512; x_wconf 78' lang='grc' dir='ltr'><strong><em>περιπεσών,</em></strong></span> 
     </span>
     <span class='ocr_line' id='line_1_24' title="bbox 359 1515 1726 1585; baseline -0.001 -24"><span class='ocrx_word' id='word_1_184' title='bbox 359 1520 420 1568; x_wconf 84' lang='grc' dir='ltr'><strong><em>ε’ίς</em></strong></span> <span class='ocrx_word' id='word_1_185' title='bbox 441 1534 539 1561; x_wconf 92' lang='grc' dir='ltr'><strong><em>τινα</em></strong></span> <span class='ocrx_word' id='word_1_186' title='bbox 563 1517 796 1584; x_wconf 75' lang='grc' dir='ltr'><strong><em>κρημνώδη</em></strong></span> <span class='ocrx_word' id='word_1_187' title='bbox 825 1515 961 1560; x_wconf 85' lang='grc' dir='ltr'><strong><em>τόπον</em></strong></span> <span class='ocrx_word' id='word_1_188' title='bbox 975 1518 1292 1585; x_wconf 71' lang='grc' dir='ltr'><strong><em>συνεκλείσθη·</em></strong></span> <span class='ocrx_word' id='word_1_189' title='bbox 1324 1515 1404 1559; x_wconf 77' lang='grc' dir='ltr'><strong><em>οὐκ</em></strong></span> <span class='ocrx_word' id='word_1_190' title='bbox 1423 1517 1530 1572; x_wconf 70' lang='grc' dir='ltr'><strong><em>ἔχων</em></strong></span> <span class='ocrx_word' id='word_1_191' title='bbox 1549 1517 1595 1559; x_wconf 79' lang='grc' dir='ltr'><strong><em>δὲ</em></strong></span> <span class='ocrx_word' id='word_1_192' title='bbox 1622 1515 1726 1568; x_wconf 81' lang='grc' dir='ltr'><strong><em>διέξ-</em></strong></span> 
     </span>
     <span class='ocr_line' id='line_1_25' title="bbox 276 1573 1725 1644; baseline -0.003 -25"><span class='ocrx_word' id='word_1_193' title='bbox 276 1582 328 1621; x_wconf 95' lang='grc' dir='ltr'><strong><em>1Ο</em></strong></span> <span class='ocrx_word' id='word_1_194' title='bbox 359 1577 488 1624; x_wconf 85' lang='grc' dir='ltr'><strong><em>οδον,</em></strong></span> <span class='ocrx_word' id='word_1_195' title='bbox 527 1576 599 1618; x_wconf 87' lang='grc' dir='ltr'><strong><em>καὶ</em></strong></span> <span class='ocrx_word' id='word_1_196' title='bbox 631 1573 910 1644; x_wconf 86' lang='grc' dir='ltr'><strong><em>φοβούμενος</em></strong></span> <span class='ocrx_word' id='word_1_197' title='bbox 938 1573 1016 1628; x_wconf 83' lang='grc' dir='ltr'><strong><em>τήν</em></strong></span> <span class='ocrx_word' id='word_1_198' title='bbox 1047 1574 1091 1616; x_wconf 75' lang='grc' dir='ltr'><strong><em>ἐκ</em></strong></span> <span class='ocrx_word' id='word_1_199' title='bbox 1128 1577 1203 1629; x_wconf 86' lang='grc' dir='ltr'><strong><em>τῆς</em></strong></span> <span class='ocrx_word' id='word_1_200' title='bbox 1243 1575 1529 1641; x_wconf 77' lang='grc' dir='ltr'><strong><em>αἰχμαλωσίας</em></strong></span> <span class='ocrx_word' id='word_1_201' title='bbox 1569 1574 1725 1622; x_wconf 83' lang='grc' dir='ltr'><strong><em>αἰκίαν,</em></strong></span> 
     </span>
     <span class='ocr_line' id='line_1_26' title="bbox 354 1629 1723 1700; baseline -0.003 -25"><span class='ocrx_word' id='word_1_202' title='bbox 354 1630 514 1676; x_wconf 78' lang='grc' dir='ltr'><strong><em>ἑαυτὸν</em></strong></span> <span class='ocrx_word' id='word_1_203' title='bbox 552 1629 885 1700; x_wconf 75' lang='grc' dir='ltr'><strong><em>κατεκρήμνισε,</em></strong></span> <span class='ocrx_word' id='word_1_204' title='bbox 927 1647 1001 1672; x_wconf 85' lang='grc' dir='ltr'><strong><em>και</em></strong></span> <span class='ocrx_word' id='word_1_205' title='bbox 1035 1634 1194 1673; x_wconf 82' lang='grc' dir='ltr'><strong><em>τοῦτον</em></strong></span> <span class='ocrx_word' id='word_1_206' title='bbox 1224 1633 1300 1672; x_wconf 87' lang='grc' dir='ltr'><strong><em>τόν</em></strong></span> <span class='ocrx_word' id='word_1_207' title='bbox 1329 1629 1497 1681; x_wconf 83' lang='grc' dir='ltr'><strong><em>τρόπον</em></strong></span> <span class='ocrx_word' id='word_1_208' title='bbox 1529 1630 1634 1679; x_wconf 82' lang='grc' dir='ltr'><strong><em>δούς</em></strong></span> <span class='ocrx_word' id='word_1_209' title='bbox 1663 1646 1723 1685; x_wconf 85' lang='grc' dir='ltr'><strong><em>τῳ</em></strong></span> 
     </span>
     <span class='ocr_line' id='line_1_27' title="bbox 355 1686 1725 1758; baseline -0.003 -26"><span class='ocrx_word' id='word_1_210' title='bbox 355 1689 567 1743; x_wconf 80' lang='grc' dir='ltr'><strong><em>δαιμονίῳ</em></strong></span> <span class='ocrx_word' id='word_1_211' title='bbox 607 1689 728 1737; x_wconf 85' lang='grc' dir='ltr'><strong><em>δίκας</em></strong></span> <span class='ocrx_word' id='word_1_212' title='bbox 768 1686 1024 1740; x_wconf 76' lang='grc' dir='ltr'><strong><em>κατέστρεψε</em></strong></span> <span class='ocrx_word' id='word_1_213' title='bbox 1062 1686 1140 1728; x_wconf 88' lang='grc' dir='ltr'><strong><em>τὸν</em></strong></span> <span class='ocrx_word' id='word_1_214' title='bbox 1178 1688 1291 1741; x_wconf 83' lang='grc' dir='ltr'><strong><em>βίον.</em></strong></span> <span class='ocrx_word' id='word_1_215' title='bbox 1353 1686 1375 1729; x_wconf 97' lang='lat'><strong><em>6</em></strong></span> <span class='ocrx_word' id='word_1_216' title='bbox 1419 1687 1464 1729; x_wconf 85' lang='grc' dir='ltr'><strong><em>δε</em></strong></span> <span class='ocrx_word' id='word_1_217' title='bbox 1491 1686 1725 1758; x_wconf 82' lang='grc' dir='ltr'><strong><em>συναρχων</em></strong></span> 
     </span>
     <span class='ocr_line' id='line_1_28' title="bbox 354 1741 1724 1817; baseline -0.002 -29"><span class='ocrx_word' id='word_1_218' title='bbox 354 1744 472 1817; x_wconf 78' lang='grc' dir='ltr'><strong><em>αὐτῷ</em></strong></span> <span class='ocrx_word' id='word_1_219' title='bbox 503 1743 737 1812; x_wconf 84' lang='grc' dir='ltr'><strong><em>στρατηγὸς</em></strong></span> <span class='ocrx_word' id='word_1_220' title='bbox 765 1742 1028 1813; x_wconf 78' lang='grc' dir='ltr'><strong><em>Ὀνόμαρχος</em></strong></span> <span class='ocrx_word' id='word_1_221' title='bbox 1058 1742 1362 1797; x_wconf 77' lang='grc' dir='ltr'><strong><em>διαδεξαμενος</em></strong></span> <span class='ocrx_word' id='word_1_222' title='bbox 1379 1759 1458 1798; x_wconf 88' lang='grc' dir='ltr'><strong><em>την</em></strong></span> <span class='ocrx_word' id='word_1_223' title='bbox 1475 1741 1724 1813; x_wconf 71' lang='grc' dir='ltr'><strong><em>ἡγεμονίαν,</em></strong></span> 
     </span>
     <span class='ocr_line' id='line_1_29' title="bbox 354 1798 1725 1870; baseline -0.001 -26"><span class='ocrx_word' id='word_1_224' title='bbox 354 1803 426 1845; x_wconf 89' lang='grc' dir='ltr'><strong><em>καὶ</em></strong></span> <span class='ocrx_word' id='word_1_225' title='bbox 456 1801 559 1855; x_wconf 81' lang='grc' dir='ltr'><strong><em>μετοὶ</em></strong></span> <span class='ocrx_word' id='word_1_226' title='bbox 590 1805 662 1867; x_wconf 76' lang='grc' dir='ltr'><strong><em>τῆς</em></strong></span> <span class='ocrx_word' id='word_1_227' title='bbox 692 1799 941 1853; x_wconf 73' lang='grc' dir='ltr'><strong><em>ανασωζομέ</em></strong></span> <span class='ocrx_word' id='word_1_228' title='bbox 945 1816 1021 1854; x_wconf 90' lang='grc' dir='ltr'><strong><em>νης</em></strong></span> <span class='ocrx_word' id='word_1_229' title='bbox 1051 1799 1214 1870; x_wconf 88' lang='grc' dir='ltr'><strong><em>δυναμ</em></strong></span> <span class='ocrx_word' id='word_1_230' title='bbox 1212 1816 1277 1850; x_wconf 85' lang='grc' dir='ltr'><strong><em>ως</em></strong></span> <span class='ocrx_word' id='word_1_231' title='bbox 1303 1799 1598 1869; x_wconf 69' lang='grc' dir='ltr'><strong><em>ἀναχωρήσας,</em></strong></span> <span class='ocrx_word' id='word_1_232' title='bbox 1629 1798 1725 1842; x_wconf 84' lang='grc' dir='ltr'><strong><em>ἀνε-</em></strong></span> 
     </span>
     <span class='ocr_line' id='line_1_30' title="bbox 273 1855 1802 1927; baseline -0.001 -24"><span class='ocrx_word' id='word_1_233' title='bbox 273 1859 325 1903; x_wconf 85' lang='grc'><strong><em>15</em></strong></span> <span class='ocrx_word' id='word_1_234' title='bbox 356 1858 568 1927; x_wconf 85' lang='grc' dir='ltr'><strong><em>λαμβανε</em></strong></span> <span class='ocrx_word' id='word_1_235' title='bbox 578 1857 682 1907; x_wconf 77' lang='grc' dir='ltr'><strong><em>τοὺς</em></strong></span> <span class='ocrx_word' id='word_1_236' title='bbox 711 1857 757 1900; x_wconf 84' lang='grc' dir='ltr'><strong><em>έκ</em></strong></span> <span class='ocrx_word' id='word_1_237' title='bbox 786 1861 861 1909; x_wconf 87' lang='grc' dir='ltr'><strong><em>τῆς</em></strong></span> <span class='ocrx_word' id='word_1_238' title='bbox 886 1861 1028 1912; x_wconf 78' lang='grc' dir='ltr'><strong><em>φυγῆς</em></strong></span> <span class='ocrx_word' id='word_1_239' title='bbox 1058 1855 1326 1905; x_wconf 79' lang='grc' dir='ltr'><strong><em>ἐπανιόντας.</em></strong></span> <span class='ocrx_word' id='word_1_240' title='bbox 1374 1873 1460 1912; x_wconf 84' lang='grc' dir='ltr'><strong><em>αιια</em></strong></span> <span class='ocrx_word' id='word_1_241' title='bbox 1484 1857 1529 1899; x_wconf 82' lang='grc' dir='ltr'><strong><em>δὲ</em></strong></span> <span class='ocrx_word' id='word_1_242' title='bbox 1550 1856 1724 1907; x_wconf 86' lang='grc' dir='ltr'><strong><em>τούτοις</em></strong></span> <span class='ocrx_word' id='word_1_243' title='bbox 1736 1868 1802 1901; x_wconf 81' lang='grc'><strong><em>106</em></strong></span> 
     </span>
     <span class='ocr_line' id='line_1_31' title="bbox 354 1913 1724 1970; baseline -0.002 -11"><span class='ocrx_word' id='word_1_244' title='bbox 354 1913 663 1970; x_wconf 85' lang='grc' dir='ltr'><strong><em>πραττομένοις</em></strong></span> <span class='ocrx_word' id='word_1_245' title='bbox 695 1915 910 1963; x_wconf 84' lang='grc' dir='ltr'><strong><em>Φίλιππος</em></strong></span> <span class='ocrx_word' id='word_1_246' title='bbox 938 1913 961 1956; x_wconf 92' lang='lat'><strong><em>6</em></strong></span> <span class='ocrx_word' id='word_1_247' title='bbox 992 1928 1079 1955; x_wconf 88' lang='grc' dir='ltr'><strong><em>των</em></strong></span> <span class='ocrx_word' id='word_1_248' title='bbox 1108 1914 1381 1955; x_wconf 84' lang='grc' dir='ltr'><strong><em>Μακεδόνων</em></strong></span> <span class='ocrx_word' id='word_1_249' title='bbox 1409 1913 1609 1969; x_wconf 74' lang='grc' dir='ltr'><strong><em>βασιλεὺς</em></strong></span> <span class='ocrx_word' id='word_1_250' title='bbox 1631 1917 1724 1956; x_wconf 88' lang='grc' dir='ltr'><strong><em>Με-</em></strong></span> 
     </span>
     <span class='ocr_line' id='line_1_32' title="bbox 355 1970 1724 2040; baseline -0.003 -24"><span class='ocrx_word' id='word_1_251' title='bbox 355 1972 508 2028; x_wconf 74' lang='grc' dir='ltr'><strong><em>θεά-νην</em></strong></span> <span class='ocrx_word' id='word_1_252' title='bbox 537 1988 615 2025; x_wconf 90' lang='grc' dir='ltr'><strong><em>μεν</em></strong></span> <span class='ocrx_word' id='word_1_253' title='bbox 635 1970 973 2040; x_wconf 75' lang='grc' dir='ltr'><strong><em>ἐκπολιορκήσας</em></strong></span> <span class='ocrx_word' id='word_1_254' title='bbox 994 1971 1066 2012; x_wconf 87' lang='grc' dir='ltr'><strong><em>καὶ</em></strong></span> <span class='ocrx_word' id='word_1_255' title='bbox 1085 1970 1326 2024; x_wconf 70' lang='grc' dir='ltr'><strong><em>διαρπάσας</em></strong></span> <span class='ocrx_word' id='word_1_256' title='bbox 1345 1971 1599 2021; x_wconf 80' lang='grc' dir='ltr'><strong><em>κατέσκαψε,</em></strong></span> <span class='ocrx_word' id='word_1_257' title='bbox 1633 1974 1724 2012; x_wconf 86' lang='grc' dir='ltr'><strong><em>Πα-</em></strong></span> 
     </span>
     <span class='ocr_line' id='line_1_33' title="bbox 355 2025 1725 2100; baseline -0.002 -27"><span class='ocrx_word' id='word_1_258' title='bbox 355 2031 492 2100; x_wconf 81' lang='grc' dir='ltr'><strong><em>γασόις</em></strong></span> <span class='ocrx_word' id='word_1_259' title='bbox 521 2029 565 2071; x_wconf 82' lang='grc' dir='ltr'><strong><em>δὲ</em></strong></span> <span class='ocrx_word' id='word_1_260' title='bbox 591 2026 917 2096; x_wconf 88' lang='grc' dir='ltr'><strong><em>χειρωσαμενος</em></strong></span> <span class='ocrx_word' id='word_1_261' title='bbox 935 2025 1179 2081; x_wconf 79' lang='grc' dir='ltr'><strong><em>ήνοίγκασεν</em></strong></span> <span class='ocrx_word' id='word_1_262' title='bbox 1207 2026 1491 2096; x_wconf 81' lang='grc' dir='ltr'><strong><em>ὑποταγηναι.</em></strong></span> <span class='ocrx_word' id='word_1_263' title='bbox 1539 2025 1648 2069; x_wconf 78' lang='grc' dir='ltr'><strong><em>κατὰ</em></strong></span> <span class='ocrx_word' id='word_1_264' title='bbox 1678 2026 1725 2070; x_wconf 78' lang='grc' dir='ltr'><strong><em>δὲ</em></strong></span> 
     </span>
     <span class='ocr_line' id='line_1_34' title="bbox 273 2081 1742 2136; baseline -0.005 -4"><span class='ocrx_word' id='word_1_265' title='bbox 273 2095 327 2134; x_wconf 85' lang='lat'><strong><em>20</em></strong></span> <span class='ocrx_word' id='word_1_266' title='bbox 357 2086 434 2130; x_wconf 81' lang='grc' dir='ltr'><strong><em>τὸν</em></strong></span> <span class='ocrx_word' id='word_1_267' title='bbox 471 2083 647 2128; x_wconf 86' lang='grc' dir='ltr'><strong><em>Πόντον</em></strong></span> <span class='ocrx_word' id='word_1_268' title='bbox 677 2083 858 2127; x_wconf 79' lang='grc' dir='ltr'><strong><em>Λεύκων</em></strong></span> <span class='ocrx_word' id='word_1_269' title='bbox 896 2081 918 2125; x_wconf 91' lang='lat'><strong><em>6</em></strong></span> <span class='ocrx_word' id='word_1_270' title='bbox 949 2087 1029 2126; x_wconf 84' lang='grc' dir='ltr'><strong><em>τοῦ</em></strong></span> <span class='ocrx_word' id='word_1_271' title='bbox 1069 2082 1307 2136; x_wconf 85' lang='grc' dir='ltr'><strong><em>Βοσπόρου</em></strong></span> <span class='ocrx_word' id='word_1_272' title='bbox 1338 2082 1538 2135; x_wconf 76' lang='grc' dir='ltr'><strong><em>βασιλεὺς</em></strong></span> <span class='ocrx_word' id='word_1_273' title='bbox 1566 2083 1742 2126; x_wconf 59' lang='grc' dir='ltr'><strong><em>ἐτελεύ-’</em></strong></span> 
     </span>
     <span class='ocr_line' id='line_1_35' title="bbox 352 2139 1724 2210; baseline -0.004 -21.982"><span class='ocrx_word' id='word_1_274' title='bbox 352 2155 485 2200; x_wconf 82' lang='grc' dir='ltr'><strong><em>τησεν</em></strong></span> <span class='ocrx_word' id='word_1_275' title='bbox 516 2141 646 2195; x_wconf 80' lang='grc' dir='ltr'><strong><em>αρξας</em></strong></span> <span class='ocrx_word' id='word_1_276' title='bbox 677 2158 758 2210; x_wconf 88' lang='grc' dir='ltr'><strong><em>ετη</em></strong></span> <span class='ocrx_word' id='word_1_277' title='bbox 774 2139 1100 2193; x_wconf 86' lang='grc' dir='ltr'><strong><em>τετταρακοντα,</em></strong></span> <span class='ocrx_word' id='word_1_278' title='bbox 1130 2142 1207 2196; x_wconf 83' lang='grc' dir='ltr'><strong><em>τὴν</em></strong></span> <span class='ocrx_word' id='word_1_279' title='bbox 1238 2140 1282 2183; x_wconf 83' lang='grc' dir='ltr'><strong><em>δὲ</em></strong></span> <span class='ocrx_word' id='word_1_280' title='bbox 1316 2157 1452 2210; x_wconf 80' lang='grc' dir='ltr'><strong><em>αρχην</em></strong></span> <span class='ocrx_word' id='word_1_281' title='bbox 1482 2140 1724 2210; x_wconf 82' lang='grc' dir='ltr'><strong><em>διαδεξάμε-</em></strong></span> 
     </span>
     <span class='ocr_line' id='line_1_36' title="bbox 357 2194 1724 2253; baseline -0.004 -9"><span class='ocrx_word' id='word_1_282' title='bbox 357 2217 434 2252; x_wconf 89' lang='grc' dir='ltr'><strong><em>νος</em></strong></span> <span class='ocrx_word' id='word_1_283' title='bbox 453 2199 712 2253; x_wconf 81' lang='grc' dir='ltr'><strong><em>Σπάρτακος</em></strong></span> <span class='ocrx_word' id='word_1_284' title='bbox 737 2196 759 2240; x_wconf 91' lang='lat'><em>6</em></span> <span class='ocrx_word' id='word_1_285' title='bbox 787 2197 884 2248; x_wconf 80' lang='grc' dir='ltr'><strong><em>υίὸς</em></strong></span> <span class='ocrx_word' id='word_1_286' title='bbox 915 2197 1188 2250; x_wconf 86' lang='grc' dir='ltr'><strong><em>εβασίλευσεν</em></strong></span> <span class='ocrx_word' id='word_1_287' title='bbox 1217 2197 1287 2252; x_wconf 86' lang='grc' dir='ltr'><strong><em>ε’τη</em></strong></span> <span class='ocrx_word' id='word_1_288' title='bbox 1317 2196 1453 2240; x_wconf 82' lang='grc' dir='ltr'><strong><em>πέντε.</em></strong></span> <span class='ocrx_word' id='word_1_289' title='bbox 1498 2194 1724 2251; x_wconf 89' lang='grc' dir='ltr'><strong><em>Ῥωμαίοις</em></strong></span> 
     </span>
     <span class='ocr_line' id='line_1_37' title="bbox 357 2252 1722 2326; baseline -0.003 -25"><span class='ocrx_word' id='word_1_290' title='bbox 357 2259 403 2302; x_wconf 83' lang='grc' dir='ltr'><strong><em>δὲ</em></strong></span> <span class='ocrx_word' id='word_1_291' title='bbox 432 2256 540 2326; x_wconf 81' lang='grc' dir='ltr'><strong><em>πρὸς</em></strong></span> <span class='ocrx_word' id='word_1_292' title='bbox 571 2257 816 2306; x_wconf 88' lang='grc' dir='ltr'><strong><em>Φαλίσκους</em></strong></span> <span class='ocrx_word' id='word_1_293' title='bbox 845 2253 1025 2310; x_wconf 88' lang='grc' dir='ltr'><strong><em>συνέστη</em></strong></span> <span class='ocrx_word' id='word_1_294' title='bbox 1046 2253 1242 2309; x_wconf 81' lang='grc' dir='ltr'><strong><em>πόλεμος,</em></strong></span> <span class='ocrx_word' id='word_1_295' title='bbox 1271 2254 1342 2296; x_wconf 90' lang='grc' dir='ltr'><strong><em>καὶ</em></strong></span> <span class='ocrx_word' id='word_1_296' title='bbox 1361 2254 1469 2308; x_wconf 85' lang='grc' dir='ltr'><strong><em>μέγα</em></strong></span> <span class='ocrx_word' id='word_1_297' title='bbox 1490 2253 1568 2308; x_wconf 82' lang='grc' dir='ltr'><strong><em>μὲν</em></strong></span> <span class='ocrx_word' id='word_1_298' title='bbox 1591 2252 1722 2297; x_wconf 77' lang='grc' dir='ltr'><strong><em>ουδὲν</em></strong></span> 
     </span>
     <span class='ocr_line' id='line_1_38' title="bbox 274 2310 1723 2382; baseline -0.005 -23"><span class='ocrx_word' id='word_1_299' title='bbox 274 2316 326 2360; x_wconf 81' lang='lat'><strong><em>25</em></strong></span> <span class='ocrx_word' id='word_1_300' title='bbox 359 2313 456 2357; x_wconf 80' lang='grc' dir='ltr'><strong><em>οὐδ’</em></strong></span> <span class='ocrx_word' id='word_1_301' title='bbox 488 2311 610 2364; x_wconf 79' lang='grc' dir='ltr'><strong><em>αξιον</em></strong></span> <span class='ocrx_word' id='word_1_302' title='bbox 638 2311 808 2382; x_wconf 86' lang='grc' dir='ltr'><strong><em>μνήμης</em></strong></span> <span class='ocrx_word' id='word_1_303' title='bbox 837 2311 1111 2366; x_wconf 79' lang='grc' dir='ltr'><strong><em>ἐπετελέσθη,</em></strong></span> <span class='ocrx_word' id='word_1_304' title='bbox 1143 2311 1414 2365; x_wconf 84' lang='grc' dir='ltr'><strong><em>καταδρομαι</em></strong></span> <span class='ocrx_word' id='word_1_305' title='bbox 1444 2310 1488 2353; x_wconf 81' lang='grc' dir='ltr'><strong><em>δὲ</em></strong></span> <span class='ocrx_word' id='word_1_306' title='bbox 1517 2310 1589 2353; x_wconf 85' lang='grc' dir='ltr'><strong><em>καὶ</em></strong></span> <span class='ocrx_word' id='word_1_307' title='bbox 1619 2325 1723 2364; x_wconf 85' lang='grc' dir='ltr'><strong><em>πορ-</em></strong></span> 
     </span>
     <span class='ocr_line' id='line_1_39' title="bbox 352 2366 1722 2437; baseline -0.004 -24"><span class='ocrx_word' id='word_1_308' title='bbox 352 2369 503 2426; x_wconf 79' lang='grc' dir='ltr'><strong><em>θήσεις</em></strong></span> <span class='ocrx_word' id='word_1_309' title='bbox 532 2386 607 2425; x_wconf 90' lang='grc' dir='ltr'><strong><em>της</em></strong></span> <span class='ocrx_word' id='word_1_310' title='bbox 634 2368 776 2424; x_wconf 82' lang='grc' dir='ltr'><strong><em>χώρας</em></strong></span> <span class='ocrx_word' id='word_1_311' title='bbox 804 2385 892 2411; x_wconf 90' lang='grc' dir='ltr'><strong><em>των</em></strong></span> <span class='ocrx_word' id='word_1_312' title='bbox 928 2369 1158 2410; x_wconf 86' lang='grc' dir='ltr'><strong><em>Φαλίσκων</em></strong></span> <span class='ocrx_word' id='word_1_313' title='bbox 1186 2367 1398 2437; x_wconf 79' lang='grc' dir='ltr'><strong><em>ἐγένοντο.</em></strong></span> <span class='ocrx_word' id='word_1_314' title='bbox 1449 2368 1559 2409; x_wconf 86' lang='grc' dir='ltr'><strong><em>κατὰ</em></strong></span> <span class='ocrx_word' id='word_1_315' title='bbox 1578 2367 1623 2409; x_wconf 83' lang='grc' dir='ltr'><strong><em>δὲ</em></strong></span> <span class='ocrx_word' id='word_1_316' title='bbox 1643 2366 1722 2422; x_wconf 83' lang='grc' dir='ltr'><strong><em>τήν</em></strong></span> 
     </span>
     <span class='ocr_line' id='line_1_40' title="bbox 356 2420 1722 2490; baseline -0.004 -19"><span class='ocrx_word' id='word_1_317' title='bbox 356 2427 573 2490; x_wconf 84' lang='grc' dir='ltr'><strong><em>Σικελίαν</em></strong></span> <span class='ocrx_word' id='word_1_318' title='bbox 589 2428 767 2483; x_wconf 69' lang='grc' dir='ltr'><strong><em>Δίωνος</em></strong></span> <span class='ocrx_word' id='word_1_319' title='bbox 796 2428 875 2468; x_wconf 85' lang='grc' dir='ltr'><strong><em>τοῦ</em></strong></span> <span class='ocrx_word' id='word_1_320' title='bbox 905 2427 1150 2481; x_wconf 80' lang='grc' dir='ltr'><strong><em>στρατηγοῦ</em></strong></span> <span class='ocrx_word' id='word_1_321' title='bbox 1180 2423 1419 2480; x_wconf 85' lang='grc' dir='ltr'><strong><em>σφαγέντος</em></strong></span> <span class='ocrx_word' id='word_1_322' title='bbox 1446 2420 1532 2467; x_wconf 88' lang='grc' dir='ltr'><strong><em>υπὸ</em></strong></span> <span class='ocrx_word' id='word_1_323' title='bbox 1557 2427 1722 2467; x_wconf 89' lang='grc' dir='ltr'><strong><em>Ζακυν-</em></strong></span> 
     </span>
    </p>
   </div>
   <div class='ocr_carea' id='block_1_3' title="bbox 563 2515 621 2533">
    <p class='ocr_par' dir='ltr' id='par_1_3' title="bbox 563 2515 621 2533">
     <span class='ocr_line' id='line_1_41' title="bbox 563 2515 621 2533; baseline -0.017 -1"><span class='ocrx_word' id='word_1_324' title='bbox 563 2515 621 2533; x_wconf 74' lang='grc'><strong><em>&gt;.,“)</em></strong></span> 
     </span>
    </p>
   </div>
   <div class='ocr_carea' id='block_1_4' title="bbox 353 2556 1722 2656">
    <p class='ocr_par' dir='ltr' id='par_1_4' title="bbox 353 2556 1722 2656">
     <span class='ocr_line' id='line_1_42' title="bbox 354 2556 1722 2606; baseline -0.002 -8"><span class='ocrx_word' id='word_1_325' title='bbox 354 2563 410 2598; x_wconf 91' lang='grc'><strong><em>88.</em></strong></span> <span class='ocrx_word' id='word_1_326' title='bbox 441 2559 580 2606; x_wconf 69' lang='grc' dir='ltr'><strong><em>εὐθύς]</em></strong></span> <span class='ocrx_word' id='word_1_327' title='bbox 615 2558 710 2597; x_wconf 82' lang='grc' dir='ltr'><strong><em>ευθυ</em></strong></span> <span class='ocrx_word' id='word_1_328' title='bbox 731 2561 815 2594; x_wconf 83' lang='lat' dir='ltr'><strong>Bas.</strong></span> <span class='ocrx_word' id='word_1_329' title='bbox 995 2559 1052 2594; x_wconf 75' lang='lat'><strong><em>97.</em></strong></span> <span class='ocrx_word' id='word_1_330' title='bbox 1088 2556 1263 2604; x_wconf 77' lang='grc' dir='ltr'><strong><em>ἐποίησαν</em></strong></span> <span class='ocrx_word' id='word_1_331' title='bbox 1286 2559 1320 2593; x_wconf 89' lang='grc' dir='ltr'><strong>Τ</strong></span> <span class='ocrx_word' id='word_1_332' title='bbox 1344 2560 1448 2604; x_wconf 83' lang='lat' dir='ltr'><strong>Bas.‚</strong></span> <span class='ocrx_word' id='word_1_333' title='bbox 1471 2559 1598 2594; x_wconf 78' lang='lat' dir='ltr'>caeteri</span> <span class='ocrx_word' id='word_1_334' title='bbox 1620 2557 1722 2595; x_wconf 80' lang='grc' dir='ltr'><strong><em>ἐποί-</em></strong></span> 
     </span>
     <span class='ocr_line' id='line_1_43' title="bbox 353 2604 1721 2656; baseline -0.002 -13"><span class='ocrx_word' id='word_1_335' title='bbox 353 2621 419 2656; x_wconf 79' lang='grc' dir='ltr'><strong><em>ησε</em></strong></span> <span class='ocrx_word' id='word_1_336' title='bbox 601 2607 634 2642; x_wconf 91' lang='grc'><strong><em>8.</em></strong></span> <span class='ocrx_word' id='word_1_337' title='bbox 680 2605 936 2650; x_wconf 81' lang='grc' dir='ltr'><strong><em>συνεκλείσθη]</em></strong></span> <span class='ocrx_word' id='word_1_338' title='bbox 973 2607 1208 2651; x_wconf 81' lang='grc' dir='ltr'><strong><em>κατεκλείσθη</em></strong></span> <span class='ocrx_word' id='word_1_339' title='bbox 1239 2606 1269 2640; x_wconf 95' lang='lat' dir='ltr'>L</span> <span class='ocrx_word' id='word_1_340' title='bbox 1451 2605 1486 2640; x_wconf 85' lang='lat'><strong><em>9.</em></strong></span> <span class='ocrx_word' id='word_1_341' title='bbox 1533 2604 1574 2641; x_wconf 81' lang='grc' dir='ltr'><strong><em>δὲ</em></strong></span> <span class='ocrx_word' id='word_1_342' title='bbox 1599 2618 1666 2640; x_wconf 89' lang='lat' dir='ltr'><strong><em>om.</em></strong></span> <span class='ocrx_word' id='word_1_343' title='bbox 1690 2608 1721 2640; x_wconf 83' lang='lat' dir='ltr'>F</span> 
     </span>
    </p>
   </div>
   <div class='ocr_carea' id='block_1_5' title="bbox 353 2662 1721 2853">
    <p class='ocr_par' dir='ltr' id='par_1_5' title="bbox 353 2662 1721 2804">
     <span class='ocr_line' id='line_1_44' title="bbox 446 2662 1721 2708; baseline -0.004 -7"><span class='ocrx_word' id='word_1_344' title='bbox 446 2666 524 2701; x_wconf 76' lang='lat'><em>106.</em></span> <span class='ocrx_word' id='word_1_345' title='bbox 549 2665 606 2699; x_wconf 77' lang='lat'><strong><em>17.</em></strong></span> <span class='ocrx_word' id='word_1_346' title='bbox 629 2663 691 2700; x_wconf 81' lang='grc' dir='ltr'><strong><em>καὶ</em></strong></span> <span class='ocrx_word' id='word_1_347' title='bbox 716 2662 923 2708; x_wconf 79' lang='grc' dir='ltr'><strong><em>διαρπάσας</em></strong></span> <span class='ocrx_word' id='word_1_348' title='bbox 939 2674 1006 2697; x_wconf 89' lang='lat' dir='ltr'><strong><em>om.</em></strong></span> <span class='ocrx_word' id='word_1_349' title='bbox 1027 2664 1108 2697; x_wconf 76' lang='lat' dir='ltr'><strong>Bas.</strong></span> <span class='ocrx_word' id='word_1_350' title='bbox 1245 2663 1302 2698; x_wconf 90' lang='grc'><strong><em>18</em></strong></span> <span class='ocrx_word' id='word_1_351' title='bbox 1326 2662 1521 2708; x_wconf 83' lang='grc' dir='ltr'><strong><em>Παγασας</em></strong></span> <span class='ocrx_word' id='word_1_352' title='bbox 1528 2663 1721 2697; x_wconf 76' lang='lat' dir='ltr'>Gemistus:</span> 
     </span>
     <span class='ocr_line' id='line_1_45' title="bbox 353 2708 1720 2764; baseline -0.005 -16"><span class='ocrx_word' id='word_1_353' title='bbox 353 2713 439 2748; x_wconf 79' lang='lat' dir='ltr'><strong>libri</strong></span> <span class='ocrx_word' id='word_1_354' title='bbox 461 2709 588 2755; x_wconf 81' lang='grc' dir='ltr'><strong><em>Παγας</em></strong></span> <span class='ocrx_word' id='word_1_355' title='bbox 745 2711 802 2744; x_wconf 83' lang='grc'><strong><em>21.</em></strong></span> <span class='ocrx_word' id='word_1_356' title='bbox 825 2708 1114 2764; x_wconf 80' lang='grc' dir='ltr'><strong><em>τετταράκοντα]</em></strong></span> <span class='ocrx_word' id='word_1_357' title='bbox 1147 2709 1415 2754; x_wconf 72' lang='grc' dir='ltr'><strong><em>τεσσαράκοντα</em></strong></span> <span class='ocrx_word' id='word_1_358' title='bbox 1438 2720 1574 2755; x_wconf 81' lang='lat' dir='ltr'>omnes,</span> <span class='ocrx_word' id='word_1_359' title='bbox 1595 2722 1621 2755; x_wconf 85' lang='grc' dir='ltr'><strong><em>μ</em></strong></span> <span class='ocrx_word' id='word_1_360' title='bbox 1639 2710 1720 2743; x_wconf 73' lang='lat' dir='ltr'>Bas.</span> 
     </span>
     <span class='ocr_line' id='line_1_46' title="bbox 514 2753 1720 2804; baseline -0.004 -10"><span class='ocrx_word' id='word_1_361' title='bbox 514 2761 598 2794; x_wconf 78' lang='grc' dir='ltr'><strong><em>Σπα</em></strong></span> <span class='ocrx_word' id='word_1_362' title='bbox 602 2756 756 2802; x_wconf 82' lang='grc' dir='ltr'><strong><em>ρτακός]</em></strong></span> <span class='ocrx_word' id='word_1_363' title='bbox 793 2754 1019 2802; x_wconf 76' lang='grc' dir='ltr'><strong><em>Σπαοτάκης</em></strong></span> <span class='ocrx_word' id='word_1_364' title='bbox 1042 2757 1120 2801; x_wconf 74' lang='lat' dir='ltr'><strong><em>QX,</em></strong></span> <span class='ocrx_word' id='word_1_365' title='bbox 1145 2758 1272 2793; x_wconf 82' lang='lat' dir='ltr'><strong>caeteri</strong></span> <span class='ocrx_word' id='word_1_366' title='bbox 1295 2754 1520 2804; x_wconf 78' lang='grc' dir='ltr'><strong><em>Σπαρτακὸς</em></strong></span> <span class='ocrx_word' id='word_1_367' title='bbox 1662 2753 1720 2789; x_wconf 82' lang='grc'><strong><em>25.</em></strong></span> 
     </span>
    </p>

    <p class='ocr_par' dir='ltr' id='par_1_6' title="bbox 356 2803 932 2853">
     <span class='ocr_line' id='line_1_47' title="bbox 356 2803 932 2853; baseline -0.011 -11"><span class='ocrx_word' id='word_1_368' title='bbox 356 2803 408 2853; x_wconf 56' lang='grc' dir='ltr'><strong><em>ἔγ</em></strong></span> <span class='ocrx_word' id='word_1_369' title='bbox 396 2804 545 2850; x_wconf 78' lang='grc' dir='ltr'><strong><em>ένοντο]</em></strong></span> <span class='ocrx_word' id='word_1_370' title='bbox 578 2803 741 2851; x_wconf 70' lang='grc' dir='ltr'><strong><em>ἒ3ίνοντο</em></strong></span> <span class='ocrx_word' id='word_1_371' title='bbox 767 2803 827 2837; x_wconf 90' lang='lat' dir='ltr'><strong><em>FL</em></strong></span> <span class='ocrx_word' id='word_1_372' title='bbox 851 2803 932 2839; x_wconf 80' lang='lat' dir='ltr'>Bas.</span> 
     </span>
    </p>
   </div>
  </div>
 </body>
</html>
