1820 3249
309 113 419 155 1392
637 109 749 151 [ΑΒ.
777 107 885 150 xlx.
922 108 1073 152 *CAR
1086 113 1165 156 53.
1198 134 1247 144 -ν
1275 114 1342 155 55.

307 224 407 267 τίαν
449 222 523 267 καὶ
558 220 634 272 τας
667 218 814 276 Θήβας
839 220 1109 278 κατῴκησαν.
1168 220 1256 266 ἀπὸ
1299 222 1346 266 δὲ
1380 221 1552 269 τούτων
1584 226 1673 265 τῶν

306 278 478 335 χρόνων
509 278 795 334 διαμενούσης
822 282 896 333 τῆς
926 280 1091 331 πόλεως
1119 278 1182 323 ἐπ’
1215 280 1286 336 ἔτη
1317 277 1482 334 σχεδὸν.
1498 276 1675 322 ὀκτακό-

309 349 400 387 σια,
440 336 511 379 καὶ
542 335 589 378 τὸ
625 335 703 389 μὲν
732 338 906 389 πρῶτον
935 340 1021 380 τῶν
1053 338 1256 391 Θηβαίων
1284 341 1363 380 τοῦ
1391 333 1498 388 παρ’
1530 334 1676 378 αὐτῶν

227 397 281 438 25
313 394 491 443 ἔθνους
511 390 811 460 προστάντων,
848 407 953 446 μετα
991 393 1208 436 δὲταῦτα
1236 397 1310 448 τῆς
1346 397 1433 436 τῶν
1457 390 1675 447 Ἑλλήνων

226 456 283 494 5-1
311 448 546 517 ἡγεμονίας
591 446 1022 503 ἅμφιςβητησάντων,
1060 448 1335 503 Ἀλέξανδρος
1383 448 1406 493 6
1453 450 1675 491 Φιλίππου

309 506 419 548 κατα
463 503 622 557 κράτος
665 505 1003 572 ἐκπολιορκήσας
1049 507 1326 557 κατέσκαψεν
1411 506 1590 564 εἰκοστῷ
1626 501 1677 548 δ’

310 563 391 605 ἔτει
420 561 604 614 ὕστερον
634 560 921 615 Κάσσανδρος
960 564 1245 631 φιλοδοξῆσαι
1280 549 1571 632 βουλόμενος,
1605 560 1678 604 καὶ

226 634 279 672 30
309 621 457 668 πείσας
496 616 600 667 τούς
630 617 872 668 Βοιωτούς,
901 616 1106 672 ἀνέστησε
1142 621 1221 673 τὴν
1249 619 1376 662 πόλιν
1411 624 1498 669 τοῖς
1528 620 1680 660 διασω-

311 676 506 730 ζομένοις
536 677 624 716 τῶν
656 676 871 729 Θηβαίων.
929 673 1273 729 συνεπελάβοντο
1304 676 1351 718 δὲ
1383 675 1455 718 καὶ
1481 677 1570 717 τῶν
1593 672 1681 716 Ἐλ-

306 733 519 800 ληνίδων
536 729 704 773 πόλεων
751 734 833 772 τοῦ
873 735 1158 800 συνοικισμοῦ
1194 731 1351 774 πολλαι
1398 730 1471 774 διά
1508 746 1552 774 τε
1598 728 1679 775 τὸν

305 787 416 842 πρός
445 786 548 837 τούς
577 785 843 842 ἠτυχηκότας
873 786 993 829 ἔλεον
1023 788 1095 828 καὶ
1125 786 1198 829 δια
1227 787 1306 856 τῆν
1336 786 1467 838 δόξαν
1493 791 1574 842 τῆς
1601 784 1680 830 πό-

306 849 423 895 λεως
477 841 702 898 Ἀθηναῖοι
740 843 819 897 μὲν
856 859 939 897 γαρ
987 842 1037 886 τό
1077 841 1190 886 πολυ
1225 843 1353 909 μέρος
1386 846 1466 886 τοῦ
1513 845 1680 898 τείχους

226 905 280 948 35
310 899 572 970 ἀνέστησαν,
613 899 685 941 καὶ
735 902 821 940 τῶν
860 898 1006 941 ἄλλων
1056 901 1099 942 οἱ
1138 899 1217 954 μὲν
1268 898 1557 955 ᾠκοδόμησαν
1605 914 1679 942 κα-

307 957 360 1001 τὰ
391 956 674 1008 δύναμιν,οἰ
703 954 749 998 δὲ
778 954 851 997 καὶ
880 954 1075 1010 χρήματα
1103 955 1212 1010 πρὸς
1240 957 1316 1007 τοὶς
1344 955 1678 1024 κατεπειγούσας
1691 961 1758 997 360

307 1015 452 1070 χρείας
482 1011 756 1055 ἀπέστειλαν.
799 1007 853 1054 οὐ
881 1011 1022 1066 μόνον
1050 1016 1138 1056 τῶν
1167 1013 1212 1056 ἐκ
1239 1018 1314 1068 τῆς
1339 1011 1542 1062 Ἑλλάδος
1572 1009 1680 1054 ἀλλὰ

307 1072 382 1114 καὶ
410 1071 612 1119 Σικελίας
652 1068 710 1111 ἔτι
752 1067 797 1111 δ’
831 1066 1023 1119 Ἰταλίας.
1084 1073 1268 1124 Θηβαῖοι
1303 1086 1382 1137 μεν
1411 1073 1493 1112 οὑν
1521 1073 1682 1111 τοῦτον

307 1125 388 1170 τόν
427 1125 594 1178 τρόπον
634 1124 888 1179 εκομίσαντο
934 1125 1013 1180 τὴν
1051 1129 1249 1179 πατρίδα.
1311 1125 1599 1179 Κάσσανδρος
1635 1124 1681 1167 δὲ

228 1188 283 1230 40
314 1199 417 1240 μετα
456 1186 531 1236 τῆς
572 1180 797 1235 δυνάμεως
833 1180 1069 1234 ἀναζεύξας
1110 1183 1178 1225 ἐπὶ
1208 1180 1568 1238 Πελοποννησον,
1607 1181 1682 1224 καὶ

312 1202 570 1293 καταλαβών
595 1236 874 1292 Ἀλέξανδρον
910 1238 990 1281 τόν
1021 1240 1406 1309 Πολυσπέρχοντος
1430 1237 1683 1293 διειληφότα

311 1297 391 1340 τὸν
414 1294 590 1349 Ἰσθμόν
626 1299 860 1348 φυλακαῖς,
892 1299 1117 1350 παρῆλθεν
1147 1298 1206 1346 εἰς
1237 1295 1432 1350 ίἉέγαρα,
1491 1294 1685 1338 ενταῦθα

313 1354 360 1397 δε
390 1351 713 1401 κατασκευάσας
743 1352 930 1405 σχεδίας,
972 1352 1039 1394 ἐπὶ
1068 1352 1146 1408 μὲν
1176 1352 1344 1396 τούτων
1375 1351 1478 1402 τούς
1507 1351 1685 1406 ἐλέφαν-

228 1415 282 1456 45
312 1426 387 1459 τας
416 1409 658 1464 διεβίβασεν
696 1408 754 1457 εἰς
780 1407 1066 1462 Επίδαυρον,
1098 1409 1143 1452 ἐν
1173 1410 1217 1452 δὲ
1247 1410 1416 1458 πλοίοις
1445 1407 1524 1463 τὴν
1552 1407 1684 1462 ἄλλην

311 1465 512 1520 δύναμιν
563 1463 793 1534 παρελθών
842 1464 887 1507 δὲ
937 1464 1005 1512 ἐπὶ
1051 1465 1131 1521 τῆν
1170 1470 1258 1508 τῶν
1293 1464 1499 1518 Ἀργείων
1541 1463 1684 1514 πόλιν,

308 1522 474 1577 ταύτην
503 1537 582 1590 μεν
615 1519 859 1576 ἠνάγκασεν
890 1519 1140 1564 ἀποστᾶσαν
1169 1526 1243 1578 τῆς
1268 1519 1565 1591 Ἀλεξάνδρου,
1581 1533 1687 1575 συμ-

309 1580 466 1646 μαχίας
510 1575 627 1633 αὐτῷ
673 1577 968 1631 προςθέσθαι·
1018 1578 1123 1633 μετὰ
1161 1580 1206 1622 δε
1243 1595 1382 1621 ταυτα
1427 1595 1504 1628 τας
1548 1576 1595 1620 έν
1631 1579 1685 1632 τῆ

310 1633 522 1690 Μεσσήνῃ
562 1622 707 1684 πόλεις
750 1634 1043 1688 προςηγάγετο
1082 1635 1196 1690 πλήν
1238 1633 1444 1705 Ἰθώμης,
1489 1635 1562 1677 καὶ
1606 1633 1685 1688 τῆν

229 1698 282 1740 50
307 1691 560 1748 Ερμιονίδα
590 1689 657 1733 δι’
688 1689 920 1746 ὁμολογίας
948 1689 1176 1760 παρέλαβε.
1223 1695 1304 1734 τοῦ
1332 1689 1375 1734 δ’
1404 1689 1685 1744 Ἀλεξάνδρου

310 1749 369 1805 μή
411 1746 765 1813 συγκαταβάντος
814 1748 875 1798 εἰς
922 1747 1161 1800 παράταξιν
1207 1745 1434 1791 ἀπολιπών
1493 1746 1564 1790 ἐπὶ
1612 1750 1653 1789 Γ
1651 1762 1687 1789 ε

313 1807 487 1860 ρανείας
517 1802 780 1858 στρατιώτας
821 1806 1052 1857 διςχιλίους
1081 1806 1154 1849 καὶ
1195 1804 1438 1861 στρατηγὸν
1463 1802 1686 1853 ,Μόλυκον

313 1863 558 1916 ἐπανῆλθεν
588 1861 646 1910 εἰς
680 1862 974 1903 Μακεδονίαν.

228 1923 286 1964 55
430 1921 522 1960 Τοῦ
562 1916 607 1959 δ’
646 1916 768 1967 ε’τους
813 1915 973 1960 τούτου
1014 1916 1322 1987 διεληλυθότος
1359 1915 1568 1986 Ἀθήνησι
1609 1915 1687 1970 μὲν

231 1979 285 2022 55
315 1968 420 2032 ἦρχε
444 1974 759 2027 Πραξίβουλος,
790 1973 838 2015 έν
862 1972 1004 2031 Ῥώμῃ
1035 1973 1080 2017 δὲ
1101 1974 1390 2045 κατέστησαν
1385 1973 1544 2016 ὕπατοι
1564 1971 1686 2015 Ναύ-

316 2048 408 2082 τιος
436 2029 632 2085 Σπόριος
672 2047 746 2073 και
783 2028 969 2084 Μάρκος
1008 2031 1258 2080 Ποπίλλιος.
1326 2030 1395 2073 ἐπὶ
1436 2029 1481 2072 δὲ
1517 2027 1687 2072 τούτων
1734 2052 1737 2053 ⁷

312 2087 557 2157 Ἀντίγονος
586 2089 662 2141 τῆς
699 2102 778 2156 μεν
807 2089 1059 2155 Σουσιανῆς
1091 2085 1269 2130 ἀπέλιπε
1299 2084 1524 2140 σατράπην
1550 2084 1689 2128 Ἀσπί-

317 2156 421 2196 σαν,
461 2143 538 2186 ἕνα
578 2158 667 2185 των
705 2141 941 2198 ἐγχωρίων,
984 2141 1114 2194 αὐτὸς
1153 2143 1198 2187 δὲ
1230 2160 1283 2186 τα
1310 2142 1523 2213 χρήματα
1544 2141 1688 2185 πάντα

233 2211 289 2252 60
318 2198 525 2258 διαγνοὺς
562 2201 864 2256 κατακομίζειν
891 2199 960 2244 ἐπὶ
987 2199 1230 2253 θάλατταν,
1262 2197 1445 2255 ἁμάξας
1455 2198 1529 2242 καὶ
1557 2197 1689 2254 καμή-

317 2371 375 2406 30.
424 2372 608 2411 συνεπελ.]
636 2372 750 2405 συνελ.
775 2370 805 2404 V

409 2428 489 2463 360.
524 2428 581 2462 44.
628 2426 793 2473 τούτων]
830 2427 953 2463 αὐτων
974 2426 1006 2461 Ε
1186 2425 1241 2460 48.
1289 2426 1337 2473 τῇ
1358 2425 1558 2473 Μεσσήνῃ]
1591 2428 1690 2461 Μεσ-

319 2473 412 2520 σήνῃ
436 2475 493 2517 W,
516 2474 646 2521 μεσένῃ
669 2475 699 2509 Ε
865 2470 1019 2518 50.μή
1043 2464 1348 2530 συγκαταβάντος
1358 2474 1430 2517 Fv,
1454 2472 1581 2507 caeteri
1605 2484 1690 2517 συγ-

319 2521 611 2568 καταβαίνοντος
745 2520 804 2555 51.
845 2522 953 2555 verba
976 2519 1041 2556 τὸν
1063 2516 1212 2563 Ἰσθμὸν
1233 2523 1307 2561 post
1332 2517 1404 2560 ἐπὶ,
1427 2530 1518 2563 quae
1539 2522 1691 2553 structu-

318 2578 394 2601 ram
413 2567 572 2610 perdunt,
595 2571 634 2601 ut
648 2579 689 2601 ex
706 2578 741 2602 V.
761 2567 818 2602 42.
840 2567 939 2601 illata
957 2564 1070 2599 delevi
1207 2565 1264 2600 52.
1292 2568 1492 2609 Γερανείας
1511 2565 1551 2607 Ε,
1563 2563 1691 2598 caeteri

322 2614 505 2658 Γερανίας
666 2612 867 2656 Μόλυκον]
892 2611 1092 2648 Μόλυκκον
1114 2611 1148 2645 Τ
1314 2612 1370 2647 56.
1396 2610 1564 2650 Ναύτιος
1586 2607 1691 2645 Σπό·

315 2662 423 2703 mog]
458 2657 611 2701 σπόριος
635 2661 785 2700 νούτιος
806 2660 857 2703 Ε,
890 2657 1056 2715 Σπόριος
1080 2655 1249 2697 Ναύτιος
1271 2658 1300 2690 V
1491 2658 1690 2693 Ποπίλλιος

315 2706 456 2740 Livius=
479 2705 562 2739 libri
586 2704 750 2746 Πόπλιος
931 2705 988 2740 08.
1032 2702 1225 2745 Ἀσπίσαν]
1250 2700 1394 2739 Ἀσπίαν
1415 2703 1463 2738 W
1628 2701 1687 2736 60.

316 2751 535 2793 θάλατταν]
560 2749 627 2796 τήν
649 2751 843 2788 θάλασσαν
865 2750 957 2796 FW,
980 2749 1109 2786 caeteri
1131 2748 1325 2786 θάλασσαν
