1820 3249
503 181 1528 226 L1B.X1x.cAP.1o2.103.1443

164 293 234 341 ἐπ’
274 292 579 351 Ἀκράγαντος,
615 292 932 349 διανοούμενος
969 294 1042 337 καὶ
1085 292 1249 351 ταύτην
1283 309 1365 349 την
1402 291 1531 337 πόλιν
1558 302 1612 345 35

166 352 519 409 συσκευάζεσθαι.
575 353 665 395 τῶν
700 350 748 395 δὲ
783 352 1099 421 Καρχηδονίων
1140 349 1530 395 καταπλευσάντων

165 410 325 453 ναυσὶν
351 406 575 479 ἑξήκοντα,
584 405 747 478 ταύτης
771 407 850 463 μὲν
878 412 953 463 τῆς
979 407 1228 462 προθέσεως
1256 405 1428 477 ἀπέστη,
1452 407 1531 478 τὴν

166 467 214 510 δὲ
240 466 390 524 χώραν
427 464 509 522 τήν
545 463 634 509 ύπὸ
643 466 998 535 Καρχηδονίους
1025 464 1160 509 ἐπιων
1189 463 1420 536 ἐλεηλατει,
1457 463 1532 508 καὶ

164 527 255 566 τῶν
283 524 512 593 φρουρίων
548 521 576 566 ἂ
609 521 688 578 μὲν
715 521 814 579 ᾕρει
849 521 960 566 κατα
989 521 1168 577 κράτος,
1207 520 1236 566 ἃ
1264 520 1311 566 δὲ
1341 519 1401 566 δι’
1432 520 1531 578 ὁμο·
1562 527 1616 568 40

164 581 314 652 λογίας
328 579 587 648 προςήγετο.

267 635 380 692 Αμα
415 637 462 680 δὲ
498 634 672 687 τούτοις
709 635 1020 691 πραττομένοις
1049 633 1342 705 Λεινοκρατης
1382 633 1406 678 ὁ
1445 649 1534 677 των
1564 643 1646 682 103

165 694 457 746 Συρακοσίων
486 691 700 750 φυγαδων
726 692 967 777 vjyov'poevocg
996 692 1106 748 πρὸς
1132 709 1229 763 μεν
1241 693 1344 742 τούς
1359 693 1536 762 Καρχη-

165 751 346 801 δονίους
377 751 650 820 διεπέμπετο,
688 752 874 820 βοηθεῖν
901 749 1033 801 ἀξιῶν
1069 750 1173 802 πρὶν
1201 747 1229 804 ἢ
1257 748 1333 792 τὸν
1359 746 1536 817 Ἀγαθο-

163 805 268 850 κλέα
295 810 443 852 πᾶσαν
471 806 557 864 ὑφ’
585 807 742 851 ἑαυτὸν
770 806 1049 878 ποιήσασθαι
1075 808 1289 849 Σικελίαν.
1340 803 1471 855 αὐτὸς
1491 802 1536 847 δὲ
1567 808 1620 851 45

164 862 509 920 προςδεξᾶμενος
538 864 642 915 τούς
678 865 725 908 ἐκ
765 862 997 935 Μεσσήνης
1031 861 1370 920 ἐκβεβλημένους
1399 859 1540 930 φυγά-

167 923 270 990 δας,
301 921 411 977 ἔχων
428 920 583 992 ἁδράν
612 920 822 991 δύναμιν,
854 920 1070 964 απέστειλέ
1099 936 1197 963 τινα
1225 922 1313 975 τῶν
1341 918 1442 971 περὶ
1467 914 1543 960 αὑ-

165 977 243 1031 τὸν
272 976 592 1048 Νυμφόδωρον
619 977 725 1030 δοὺς
752 978 886 1047 μέρος
921 981 1009 1021 τῶν
1050 979 1336 1046 στρατιωτῶν
1366 975 1434 1018 ἐπὶ
1463 972 1544 1043 τὴν

166 1037 498 1088 Κεντοριπίνων
537 1033 678 1079 πόλιν.
755 1034 920 1091 ταύτην
955 1051 1040 1089 γαρ
1081 1031 1421 1089 φρουρουμένην
1457 1026 1539 1073 υπ’

159 1089 521 1159 Ἀγαθοκλέους
511 1096 600 1135 τῶν
635 1095 872 1135 πολιτικων
909 1107 1020 1141 τινες
1063 1090 1367 1160 ἐπηγγείλαντο
1406 1102 1541 1142 παρα
1571 1086 1626 1129 50

165 1146 363 1218 δῴσειν,
381 1147 456 1209 ἐφ’
485 1150 519 1208 ᾧ
538 1146 629 1219 τὴν
658 1147 928 1203 αὐτονομίαν
961 1149 1150 1217 δο,θῆναι
1181 1151 1242 1204 τῷ
1261 1146 1408 1215 δήμῳ.
1466 1159 1543 1187 πα-

162 1203 467 1274 ρειςπεσόντος
492 1193 549 1249 6’
581 1206 641 1256 εἰς
678 1204 758 1261 τὴν
796 1204 924 1249 πόλιν
962 1201 1101 1247 αὐτοῦ
1138 1200 1317 1256 νυκτός,
1347 1203 1390 1245 οῖ
1418 1215 1544 1256 προε-

167 1264 323 1313 στῶτες
358 1265 434 1318 τῆς
475 1265 679 1333 φρουρᾶς
719 1259 977 1333 αἰσθόμενοι
1016 1259 1064 1304 td
1105 1259 1306 1316 γεγονός,
1339 1257 1473 1302 αὐτόν
1501 1272 1545 1299 τε

162 1317 244 1370 τὸν
281 1316 601 1388 Νυμφόδωρον
639 1317 816 1362 ανεῖλον
855 1318 929 1362 καὶ
965 1317 1070 1369 τούς
1108 1317 1393 1387 βιαζομένους
1424 1313 1547 1364 ἐντὸς

165 1377 248 1418 τοῦ
275 1377 453 1447 τείχους.
509 1373 670 1446 ταύτης
701 1375 747 1419 δὲ
772 1378 848 1430 τῆς
876 1374 1079 1432 αφορμης
1103 1373 1345 1444 λαβόμενος
1369 1371 1547 1427 Ἀγαθο-
1577 1362 1632 1406 55

166 1434 272 1488 κλῆς
300 1431 520 1477 ἐνεκάλεσέ
558 1449 617 1503 τε
643 1437 736 1483 τοῖς
765 1433 1100 1486 Κεντοριπίνοις
1149 1431 1241 1474 καὶ
1255 1429 1361 1481 τούς
1401 1428 1551 1480 δόξαν·

165 1505 250 1547 τας
273 1489 440 1540 αἰτιους
468 1488 693 1561 γεγονέναι
721 1493 800 1533 τοῦ
830 1490 1124 1542 νεωτερισμοῦ
1154 1486 1321 1537 παντας
1357 1483 1552 1541 απέσφα-

164 1540 224 1597 ξε.
265 1547 363 1600 περὶ
393 1547 531 1590 ταῦτα
560 1545 603 1590 δ’
635 1545 762 1597 ὄντος
790 1549 872 1589 τοῦ
902 1545 1125 1615 δυνάστου
1154 1541 1448 1601 Καρχηδόνιοι
1477 1557 1551 1584 κα-

167 1602 483 1655 ταπλεύσαντες
526 1605 587 1654 εἰς
624 1603 703 1646 τὸν
750 1601 895 1672 μέγαν
928 1601 1082 1670 λιμένα
1120 1605 1209 1644 τῶν
1259 1599 1552 1654 Συρακοσίων

162 1659 438 1733 πεντήκοντα
458 1658 683 1731 σκάφεσιν
713 1659 821 1704 ἄλλο
851 1658 930 1716 μὲν
961 1657 1093 1702 οὐδεν
1122 1655 1412 1725 ἠδυνήθησαν
1444 1656 1552 1709 πρᾶ-
1582 1654 1636 1694 60

169 1715 262 1769 ξαι,
292 1711 392 1761 δυσὶ
429 1714 475 1762 δὲ
511 1716 813 1771 περιπεσόντες
852 1720 1092 1787 φορτηγοῖς
1127 1715 1317 1769 πλοίοις,
1357 1712 1437 1769 τήν
1476 1711 1553 1766 μὲν

92 1772 212 1844 398εξ
231 1772 435 1845 Ἀθηνῶν
475 1775 745 1823 κατέδυσαν,
777 1777 867 1817 τῶν
907 1771 950 1816 δ’
984 1770 1276 1816 ἐπιπλεόντων
1304 1768 1379 1820 τὰς
1407 1772 1555 1838 χεῖρας

171 1828 410 1900 ἀπέκοψαν.
469 1827 691 1884 δοξαντων
730 1806 776 1873 δ’
818 1829 967 1873 αὐτῶν
1012 1827 1154 1898 ωμῶς
1174 1831 1411 1899 κεχρῆσθαι
1449 1822 1555 1881 μηδ’

172 1884 327 1932 ὁτιοῦν
356 1887 585 1941 ἀδικοῦσι,
614 1887 722 1958 ταχὺ
750 1886 801 1931 τό
834 1887 1065 1957 δαιμόνιον
1096 1884 1249 1936 αὐτοῖς
1277 1880 1554 1952 επεσήμηνεν.
1584 1876 1638 1918 65

172 1941 310 1998 εὐθὺς
343 1961 430 2000 γαρ
464 1949 558 1989 τοῦ
595 1944 754 1988 στόλου
794 1961 907 1995 τινες
947 1947 1048 1999 νῆες
1086 1941 1414 2012 ἀποσχισθεῖσαι
1459 1937 1556 1992 περὶ

167 1998 252 2056 ,τὴν
288 2002 497 2054 Βρεττίαν
536 2000 732 2045 εάλωσαν
771 1999 859 2044 υπὸ
900 2004 989 2044 τῶν
1023 1998 1342 2054 Ἀγαθοκλέους
1381 2009 1557 2050 στρατη-

168 2061 276 2114 γῶν,
302 2057 375 2100 καὶ
405 2055 454 2101 τὸ
478 2057 795 2129 παραπλήσιον
825 2059 869 2101 οἵ
897 2056 1187 2126 ζωγρηθέντες
1217 2060 1305 2099 τῶν
1335 2053 1558 2097 Φοινίκων

168 2112 360 2167 ἔπαθον
373 2111 445 2158 ὀἷα
472 2114 667 2171 επραξαν
696 2116 756 2167 εἰς
787 2131 893 2166 τους
923 2112 1125 2165 ἁλόντας.

174 2262 233 2309 35.
255 2272 555 2319 συσκευάζεσθαι]
581 2272 882 2310 συσκευασασθαι
898 2273 936 2306 -F
958 2273 1041 2306 Bae.
1226 2270 1283 2305 38
1311 2266 1385 2304 ύπὸ
1411 2270 1561 2312 Καρχη-

176 2319 350 2376 δονίους]
381 2319 439 2356 ἐπὶ
463 2322 729 2366 καρχηδονίοις
751 2317 1220 2372 F,alter⁰s»·u11ascripto
1373 2315 1430 2350 39.
1458 2313 1558 2361 ἤρει]

176 2361 307 2411 ᾑρήκει
327 2367 395 2409 W,
417 2363 533 2412 ἥρηκε
555 2368 585 2401 F
735 2367 792 2401 10.
815 2364 1033 2410 290977'28150]
1056 2360 1303 2409 προςηγᾶγετο
1329 2361 1437 2395 wa

223 2411 281 2446 41-
306 2413 596 2465 πραττομένοις]
629 2413 714 2449 libri
745 2412 1017 2458 πρασσομένοις
1199 2410 1257 2446 43.
1280 2408 1459 2455 βοηθεῖν]
1495 2407 1560 2451 βο-

249 2461 304 2494 εῖν

180 2499 315 2548 ήθειαν
346 2504 378 2538 F
563 2505 762 2549 Σικελίαν]
799 2502 848 2549 μή
884 2503 1064 2544 περιιδεῖν
1097 2502 1227 2536 addunt
1260 2501 1322 2534 FV
1505 2497 1565 2532 48.

181 2551 448 2595 κεντοριπίνων
482 2554 521 2592 et
551 2552 609 2588 56.
639 2552 908 2608 κεντοριπίνοις
942 2550 992 2588 F
1030 2548 1158 2583 caeteri
1195 2544 1500 2587 Κεντοριππίνων
1530 2548 1564 2575 ct

181 2587 496 2640 ,Κεντοριππίνοις
686 2598 742 2633 50.
781 2592 832 2643 ω]
869 2594 940 2641 ότῳ
980 2595 1062 2627 Bas.
1199 2591 1257 2628 54.
1299 2588 1561 2636 βιαζομένους]

182 2641 428 2699 βιασαμένους
460 2641 508 2676 W
691 2645 760 2680 τοῦ
785 2630 960 2687 τείχους]
995 2641 1070 2673 τῶν
1103 2639 1230 2682 τειχῶν
1268 2637 1379 2681 QVW

182 2684 241 2726 60.
270 2686 405 2737 ου’δεν]
433 2686 502 2725 ουίι
526 2686 656 2725 Fvw·
677 2689 865 2743 sequentia
879 2699 947 2721 non
972 2686 1131 2719 xidentur
1153 2686 1293 2729 integra

270 2735 350 2773 398.
397 2735 456 2789 61
482 2734 729 2780 ἐπεσήμηνεν]
758 2733 999 2779 ἐπεσήμαινεν
1023 2733 1056 2765 Τ
1079 2732 1161 2766 Bae.
1347 2726 1404 2761 65.
1429 2723 1561 2768 εὐθύς]

174 2779 279 2827 ,ξυθὺ
306 2783 384 2817 Bne
469 2787 473 2789 ’
522 2786 619 2829 νῆες
623 2783 750 2828 FVW,
775 2781 905 2815 caeteri
929 2781 1022 2817 ναῦς
1160 2776 1219 2811 66.
1245 2775 1436 2817 qutriwl
1464 2775 1565 2815 Βρετ-

183 2829 314 2864 τανιαν
328 2822 402 2863 ΤΥ
425 2829 508 2864 Bas.
615 2830 632 2835 ”
670 2819 735 2864 67.
758 2827 849 2872 τῶν]
875 2839 913 2862 τε
936 2826 1011 2860 τῶν
1033 2823 1062 2858 F
1221 2823 1278 2857 69.
1303 2819 1367 2856 τὸν
1391 2831 1461 2853 οιιι.
1479 2819 1513 2867 F

1151 2878 1290 2924 92*
