1820 3249
274 114 387 154 1526
669 108 786 152 Lm,
816 108 908 150 XX.
965 107 1100 151 cAP.
1130 111 1198 153 742
1228 111 1294 152 76

273 220 357 278 γὰρ
389 218 613 291 κλύδωνος
638 219 926 276 ῥηγνυμένου
959 218 1229 280 τραχύτερον
1261 220 1544 268 ἐκινδύνευον
1580 222 1657 267 αὔ·

273 280 442 349 τανδροι
489 277 554 320 τὰ
582 276 736 334 ’σκάφη
782 278 1159 350 συ’γιιλυσθῆνοιι,Ι
1180 281 1262 334 τῆς
1302 277 1365 322 δὲ
1388 282 1497 349 γῆς
1505 279 1656 334 οὔσης

191 342 248 385 70
279 333 643 404 ἀπροςορμίστου
671 333 771 378 καὶ
781 335 1018 403 ’πολεμίας-“
1012 334 1129 378 ·-οῧτε
1164 338 1311 386 ναῦς·
1304 333 1558 387 ἀκινδύνως
1583 343 1654 407 ·ην

275 396 512 446 προςπλεῖν
540 389 659 435 οὔτε
668 388 787 441 τοὺς
808 388 974 445 ἄνδρας
1001 390 1360 462 προςνήξασθαι,
1372 391 1438 435 τὸ
1469 391 1516 435 δὲ
1543 393 1658 449 μέγι-

278 461 406 500 στον,
450 447 689 491 ἐκλελοίπει
717 445 785 491 τό
815 448 878 498 εἰς
922 446 1068 492 πότον
1100 447 1274 499 αὐτοῖς·
1287 448 1452 521 ὕδωρ,
1466 449 1554 500 εἰς
1564 465 1658 493 τοι-

277 505 416 576 αύτην
455 505 502 548 δὲ
541 503 705 552 σπάνιν
742 506 1112 574 κατεκλείσθησαν
1139 503 1249 556 ιὶίςτ’
1281 506 1340 549 εί·
1358 506 1463 574 μίαν
1490 504 1659 578 ἡμέραν

190 563 247 606 75
276 560 302 605 ὁ
331 561 493 617 χειμών
508 559 750 633 ἐπέμεινε,
757 560 915 611 πάντες
944 559 1016 604 οὶν
1026 565 1108 617 τῷ
1117 562 1234 612 δίψει
1261 561 1580 633 διεφθάρησαν
1610 562 1659 605 ἐν

274 617 445 689 ἀθυμίᾳ
473 615 518 661 δ’
550 617 694 662 ὄντων
721 615 946 666 ἁπάντων,
975 605 1069 662 καὶ
1078 618 1442 688 προςδοκωμένης
1469 617 1573 691 ἤδη
1581 623 1661 675 τῆς

273 672 514 726 ἀπωλείας,
542 673 594 720 τὸ
625 675 705 730 μὲν
734 678 909 729 πνεῦμα
935 673 1228 723 κατέπαυσεν,
1262 673 1295 730 ἡ
1319 675 1379 719 δὲ
1396 673 1498 730 μετ’·
1510 673 1659 719 Ἀντιὰ

271 729 412 787 γόνου
451 730 640 801 δύναμις
672 731 983 800 καταντήσασα
1009 731 1220 802 πλησίον
1230 734 1312 777 τοῦ
1338 731 1529 802 ’στόλον
1524 742 1660 789 κατε-

275 787 660 842 στρατοπέδευσεν.
689 785 918 841 ἐκβάντες
927 788 1022 830 οὐν
1039 787 1086 831 ἐκ
1102 801 1203 831 των
1218 791 1413 858 σκαφῶν·
1427 787 1517 831 “·καο’
1529 786 1660 843 ‘51:969-

189 843 246 884 80
276 844 568 913 αναλαβόντες
593 843 779 894 ἑαύτους
808 842 856 886 έν
875 846 930 899 τῇ
955 845 1275 916 στρατοπεδεία
1281 843 1563 914 προςέμενον.
1570 848 1660 888 τῶν

273 905 388 945 νεοόν
414 901 491 951 τὰς
521 898 891 969 ἀποσπασθείσας.
926 900 1163 971 διεφθάρη
1179 899 1221 943 6’
1254 900 1302 945 ἐν
1323 900 1470 974 τούτῳ
1499 903 1563 958 τῷ
1583 899 1663 944 σά-

274 963 337 1015 λῳ
375 959 476 1011 τρία
512 955 661 1012 σκάφη
697 960 787 1000 τῶν
815 971 1109 1027 πεντηρικων,
1144 956 1201 1009 ἐξ
1226 959 1305 1010 ὠν
1320 956 1431 1002 ενιοι
1459 972 1549 1001 των
1578 956 1660 1002 dv·-

275 1016 397 1069 δρῶν
426 1013 680 1086 διενήξαντο
711 1013 822 1068 πρὸς
863 1013 942 1070 τὴν
978 1018 1100 1070 γῆν.
1134 1013 1278 1062 ἔπειτα
1303 1012 1554 1068 Ἀντίγονος
1581 1015 1661 1070 μὲν

272 1069 541 1125 προαγαγών
589 1086 671 1126 την
719 1070 910 1125 δύναμιν
958 1058 1169 1127 πλησίον.
1187 1073 1270 1115 τοῦ
1315 1072 1522 1117 Νείλου
1537 1084 1665 1126 κατε-

188 1122 244 1165 85
275 1126 670 1182 στρατοπέδευσεν,
723 1126 892 1183 ἀπέχων
933 1128 1015 1171 δύο
1064 1128 1275 1177 σταδίους
1314 1129 1425 1170 τοῦ
1432 1129 1660 1196 ποταμοῦ

187 1180 246 1221 ⁴5
274 1188 573 1253 Πτολεμαῖος.
585 1184 633 1227 δὲ
669 1184 1036 1253 προκατειληφὼς
1075 1200 1182 1233 τους
1219 1183 1562 1237 εὐκαιροτάτους
1592 1183 1663 1228 τό-

273 1256 385 1291 πους
422 1238 638 1296 ασφαλέσι
675 1245 919 1309 φυλακαῖς,
956 1238 1175 1283 ἀπέστειλέ
1211 1256 1335 1289 τινας
1363 1240 1411 1284 ἐν
1438 1244 1533 1289 τοῖς
1563 1243 1665 1283 κὀν-

189 1296 245 1336 90
275 1301 449 1348 τωτοῖς,
491 1295 942 1364 παρακελευσάμενος
957 1298 1191 1350 προςπλεῖν
1212 1297 1406 1350 πλησίον
1434 1300 1512 1349 τῆς
1535 1293 1665 1368 ἐκβάς

213 1362 215 1365 “
275 1366 383 1405 σεως
410 1353 484 1396 καὶ
521 1353 752 1421 κηρύττειν
782 1352 850 1396 ὅτι
880 1350 1012 1399 δωσει
1041 1356 1134 1402 τοῖς
1163 1352 1557 1422 μεταβαλλομένοις
1578 1350 1661 1397 ἀπ’

271 1409 526 1483 Ἀντιγόνου
556 1413 647 1454 τῶν
674 1409 754 1464 μὲν
783 1411 972 1453 ἰδιωτῶν
1001 1408 1199 1460 ἑκάστοις
1227 1409 1309 1454 δύο
1340 1413 1469 1464 μνᾶς,
1496 1413 1594 1461 τοῖς
1616 1408 1662 1454 δ’
1693 1428 1695 1430 “

273 1465 345 1523 ἐφ’
371 1466 622 1522 ἡγεμονίας
666 1465 943 1521 τεταγμένοις
981 1466 1210 1514 τάλαντον.
1266 1465 1555 1536 γενομένων
1580 1463 1666 1510 οὖν

274 1539 364 1566 των
391 1523 689 1594 κηρυγμάτων
714 1523 930 1566 τοιούτων
958 1522 1129 1567 ἐνέπεσέ
1154 1538 1226 1573 τις
1254 1520 1389 1577 ὁρμή
1386 1521 1511 1575 πρός
1537 1520 1666 1577 μετά-

189 1573 244 1618 95
274 1586 404 1624 θεσιν
432 1584 526 1631 τοῖς
555 1577 648 1635 μετ’
679 1578 933 1641 Ἀντιγόνου
962 1578 1274 1650 μισθοφόροις,
1302 1578 1350 1622 ἐν
1380 1582 1446 1629 οἱς
1473 1579 1547 1623 καὶ
1574 1582 1666 1624 τῶν

270 1635 505 1693 ἡγεμόνων
535 1637 715 1686 πλείους
753 1641 868 1680 εἰναι
905 1635 1137 1691 συνέβαινε
1161 1634 1231 1679 δι’
1267 1636 1406 1686 αἰτίας
1440 1652 1567 1686 τινας
1604 1638 1667 1687 εἰς

271 1694 322 1737 τὸ
352 1696 618 1762 μεταβολῆς
631 1692 874 1748 ἐπιθυμεῖν.
932 1696 1107 1737 πολλων
1137 1692 1184 1736 δε
1218 1693 1332 1746 πρὸς
1367 1690 1505 1736 αὐτόν
1534 1691 1669 1736 αύτο-

272 1748 551 1806 μολούντων,
595 1746 618 1795 ὁ
659 1766 740 1804 μεν
778 1747 1028 1804 Ἀντίγονος
1064 1748 1298 1804 ἐπιστήσας
1326 1752 1388 1806 τῷ
1426 1751 1554 1805 χείλει
1583 1752 1664 1793 τοῦ

273 1810 482 1861 ποταμοῦ
509 1805 708 1858 τοξότας
722 1806 801 1850 καὶ
831 1804 1135 1876 σφενδονήτας
1172 1806 1248 1849 καὶ
1275 1794 1431 1851 πολλὰ
1446 1822 1536 1849 των
1564 1803 1666 1858 ὀξυ-

164 1864 255 1905 100
275 1867 465 1920 βελικῶν.
496 1879 599 1914 τους
627 1862 953 1916 προςπλέοντας
992 1862 1040 1907 ἐν
1060 1867 1164 1913 τοῖς
1201 1866 1441 1912 κοντωτοῖς
1469 1861 1667 1907 ἀνέστελ-

272 1926 341 1964 λε·
371 1924 476 1964 τῶν
492 1918 537 1973 δ’
570 1917 942 1989 αὐτομολούντων
972 1916 1225 1987 συλλαβών
1238 1935 1360 1969 τινας
1390 1921 1545 1970 δεινως
1573 1918 1666 1989 ᾐκί-

273 1990 407 2028 σατο,
449 1974 717 2031 βουλόμενος
745 1975 1108 2031 καταπλήξασθαι
1147 1973 1252 2026 τούς
1281 1992 1356 2031 της
1394 1974 1554 2031 ὁμοίας
1579 1975 1666 2029 ὁο-

273 2038 356 2091 μῆς
395 2031 724 2089 ἀντεχομένους.
791 2033 865 2077 καὶ
905 2031 1168 2088 προςλαβων
1203 2031 1257 2076 τοὶ
1301 2036 1666 2087 καθυστεροῦντα

208 2190 216 2199 χ
274 2158 332 2192 68.
364 2155 587 2202 τραχύτερον
628 2157 758 2195 tacite
769 2157 1046 2192 Rhodomannus
1075 2156 1112 2190 in
1145 2157 1388 2197 annotatione,
1421 2166 1526 2199 quem
1558 2155 1666 2189 tacito

275 2204 432 2261 sequitur
474 2205 528 2238 cd.
569 2204 765 2250 Wesseling
745 2205 815 2238 oii-
854 2203 1058 2248 ταχύτερον
1098 2203 1152 2237 ed.
1191 2204 1315 2259 Steph.
1349 2202 1377 2234 F
1605 2201 1671 2237 71..

276 2249 363 2295 δε]
367 2247 407 2285 δε
432 2249 478 2294 δή
511 2251 541 2284 F
691 2251 748 2286 72.
775 2248 906 2292 αὐτοῖς
932 2249 1053 2307 FQW,
1071 2250 1200 2283 caeteri
1225 2245 1447 2303 ἀνθρώποις
1582 2247 1672 2301 73

277 2297 328 2335 εἰς
350 2309 381 2330 τ.
408 2294 473 2338 δε]
506 2295 569 2330 καὶ
595 2296 653 2338 εἰς
678 2310 710 2332 τ.
746 2298 826 2331 FW
1021 2293 1119 2334 ωςτ’·
1147 2296 1205 2334 F‚'
1229 2294 1376 2329 caeteri
1389 2290 1494 2332 ω’ςτε
1534 2294 1535 2298 ’

275 2343 333 2376 76.
358 2339 445 2387 ἤδη]
474 2341 519 2386 δή
542 2343 571 2376 F
755 2344 811 2378 79.
836 2338 1007 2385 ἑαυτούς]
1033 2337 1172 2381 αυτούς
1195 2342 1224 2374 F
1408 2340 1466 2374 82.
1491 2350 1665 2397 πεντηρι-

277 2389 371 2432 κῶν]
395 2388 605 2431 πεντήρεων
628 2389 660 2422 F
796 2393 798 2395 ’
845 2387 901 2423 85.
935 2387 1128 2431 σταδίους]
1143 2386 1286 2422 στάδια
1308 2386 1337 2419 F
1485 2384 1564 2422 ἀπὸ
1586 2389 1671 2420 ante.

277 2435 346 2470 τοῦ
367 2446 437 2469 om.
460 2436 568 2468 FWY
708 2435 766 2472 87.
801 2435 1054 2479 Πτολεμαῖος]
1086 2432 1150 2468 καὶ
1185 2435 1415 2472 Πτολεμαῖος
1438 2432 1468 2465 F
1607 2431 1666 2467 89.

277 2485 478 2521 κοντωτοῖς
500 2480 880 2525 παρακελευσάμενος]
906 2481 1006 2516 κάτω
1028 2483 1106 2518 τοῖς
1130 2478 1510 2525 παρακελευσαμένοις
1532 2479 1592 2522 W,
1619 2496 1665 2502 —

278 2528 655 2572 παρακελευσομένοις
688 2529 717 2561 F
729 2541 819 2571 ,γρ.
854 2529 1056 2567 κοντωτοῖς
1088 2526 1125 2559 ἰη
1147 2538 1261 2570 marg.
1274 2536 1422 2580 ponens
1604 2523 1662 2557 91.

280 2575 463 2618 ἰδιωτων]
499 2574 700 2609 ἰδιωτικῶν
734 2575 811 2609 FW
996 2571 1230 2616 ἑκάστοις]
1220 2583 1357 2617 εκαστῳ
1391 2571 1421 2604 F
1502 2599 1503 2602 ,
1604 2569 1670 2605 92.

279 2619 510 2666 τεταγμένοις
533 2632 605 2655 om.
628 2620 675 2654 W
838 2619 896 2653 96.
921 2619 972 2658 εἰς
999 2619 1056 2662 τὸ]
1081 2619 1125 2652 ad
1149 2619 1217 2651 hoc
1242 2619 1337 2652 deca-w
1323 2629 1359 2651 se
1382 2617 1565 2661 quippiam
1587 2626 1666 2649 mo-

280 2668 356 2702 nuit
380 2666 632 2711 Wesselingius
816 2666 875 2700 99.
902 2663 1140 2711 όξυβελικων]
1167 2662 1355 2711 όξυβελων
1379 2663 1409 2696 F
1584 2662 1665 2696 100.

1398 2719 1437 2742 εν

280 2760 480 2799 κοντωτοῖς
503 2757 704 2802 ἀνέστελλε]
728 2756 875 2799 κόντοις
899 2754 1111 2793 ἀνέστελλον
1135 2756 1201 2798 W,
1229 2752 1451 2791 ἀνέστελλον
1468 2754 1575 2789 etiam
1598 2752 1629 2786 F
