1820 3249
491 117 778 160 Ι.1Β.Χνιῐ,’
808 117 958 160 *CAR
989 122 1056 161 67.
1084 122 1152 161 08.
1404 122 1511 163 1201

136 231 354 275 λάττουσι.
412 230 774 301 καταπλαγέντων
818 229 865 274 δὲ
903 232 992 300 τῶγ
1026 230 1260 287 βαρβάρων
1295 231 1369 273 καὶ
1403 230 1514 284 πρὸς

136 288 285 359 φυγήν
315 285 623 343 ὁρμησάντων,
671 286 881 357 ἐγκρατὴς
909 287 1075 341 ἐγένετο
1104 290 1181 357 τῆς
1212 287 1409 339 διεξόδου
1438 288 1513 331 καὶ.

133 344 294 415 ταχέως
322 347 476 387 πασῶν
502 349 591 387 τών
618 342 728 387 κατοὶ
757 359 838 400 την
869 342 1089 400 Ούξιανὴν
1117 343 1298 413 πόλεων.
1541 372 1598 409 (⁸8

243 399 470 444 Ἐντεῦθεν
505 398 548 444 6’
587 398 823 452 ἀναζεύξας
860 415 1051 470 προηγεν
1091 401 1158 444 ἐπὶ
1195 399 1274 456 τήν
1298 401 1510 454 Περσίδα,
1542 386 1595 468 {0

133 458 208 500 καὶ
235 462 472 513 πεμπταῖος
507 452 614 513 ἧκεν
650 458 719 500 ἐπὶ
747 455 824 507 τάς
853 456 1105 528 Σουσιάδας
1126 456 1411 527 καλουμένας
1441 457 1513 500 πέ

133 530 250 568 τρας.
315 514 494 564 ταύτας
521 515 567 557 δὲ
612 513 971 569 προκατειληφώς
1017 518 1074 570 ην
1113 512 1136 556 ὁ
1179 512 1511 569 Ἀριοβαρζάνης

134 571 238 626 μετὰ
277 574 553 624 στρατιωτῶν
591 574 731 623 πεζῶν
767 586 845 624 μεν
883 572 1122 626 διςμυρίων
1151 571 1224 613 καὶ
1252 586 1511 625 πεντακιςχι-

133 629 260 678 λίων,
301 626 464 670 ἱππέων
504 627 550 670 δὲ
590 629 865 682 τριακοσίων.
926 625 950 670 6
995 627 1041 670 δὲ
1062 626 1273 682 βασιλεύς
1301 626 1430 678 δόξας
1458 630 1512 683 τῇ
1543 626 1597 668 85

132 685 208 740 βίᾳ
237 683 469 755 κρατήσειν
498 700 573 739 της
602 683 755 739 πύλης,
785 686 949 739 προῆγε
979 683 1051 727 δια
1080 684 1229 726 τόπων
1260 688 1423 726 στενῶν
1443 684 1517 727 καὶ

132 739 326 795 τραχέων
356 739 538 791 οὐδενὸς
566 742 1060 811 παρενοχλοῦντος.οί
1090 741 1135 809 δὲ
1157 739 1375 796 βάρβαροι
1396 740 1518 795 μέχρι

132 797 212 867 μέν
241 813 360 847 τινος
390 798 492 840 είων
523 796 659 841 αὐτὸν
689 796 1032 856 διαπορεύεσθαι
1056 796 1133 847 τὰς
1152 797 1394 852 παρόδους,
1428 797 1519 840 ἐπεὶ

135 851 179 923 6'
213 855 272 905 εἰς
301 855 431 908 μέσας
459 853 537 904 τάς
577 856 815 909 δυςχωρίας
857 857 990 909 ἡκον,
1040 852 1167 909 ἄφνω
1203 853 1284 909 τὴν
1321 854 1517 897 ἐπίθεσιν

133 910 379 962 ἐποιοῦντο,
409 911 483 953 καὶ
512 912 702 961 πολλοὺς
718 911 797 966 μὲν
817 908 1075 966 ἁμαξιαίους
1096 913 1252 960 λίθους
1272 909 1516 960 ἐπεκύλιον,
1545 906 1600 945 90

135 969 180 1010 οἳ
208 968 548 1019 προςπίπτοντες
577 966 705 1022 ἄφνω
735 972 827 1017 τοῖς
855 967 1113 1010 Μακεδόσιν
1143 966 1304 1021 ἀθρόοι
1322 965 1514 1017 πολλοὺς

133 1023 403 1078 διέφθειρον,
436 1021 519 1066 οὐκ
550 1023 690 1078 ὀλίγοι
721 1022 762 1066 δ’
795 1021 880 1066 ἀπὸ
914 1040 1004 1066 των
1033 1028 1244 1079 κρημνῶν
1273 1022 1515 1077 ἀκοντίζον·

132 1094 199 1129 τες
229 1081 289 1130 είς
317 1079 687 1134 πεπυκνωμένους
729 1078 812 1123 οὐκ
850 1078 1149 1147 ἀπετύγχανον
1184 1083 1272 1122 τῶν
1312 1085 1514 1124 σκοπων·

132 1135 257 1179 ἄλλοι
289 1135 332 1178 δ’
363 1137 411 1180 ἐκ
437 1138 578 1206 χειρὸς
619 1142 713 1187 τοῖς
750 1139 894 1186 λίθοις
924 1134 1159 1206 βάλλοντες
1188 1136 1293 1186 τούς
1310 1136 1516 1206 ,βιαζομέ-
1545 1131 1599 1175 95

133 1208 253 1243 νους
267 1209 356 1235 των
384 1192 660 1236 Μακεδόνων
689 1193 960 1237 ἀνέστελλον.
1019 1192 1160 1236 πολλοὶ
1193 1192 1232 1236 δ’
1265 1191 1417 1244 αὐτοῖς
1443 1197 1520 1248 τῆς

135 1251 377 1320 δυςχωρίας
415 1248 710 1321 συνεργούσης
748 1249 1079 1302 ἐπλεονέκτουν,
1112 1250 1194 1292 καὶ
1219 1249 1414 1323 συχνούς
1442 1267 1520 1305 μεν

135 1304 401 1358 ἀπέκτεινον,
435 1305 515 1350 οὐκ
546 1306 723 1362 ὀλίγους
743 1306 789 1350 δὲ
817 1309 1173 1360 κατετίτρωσκον.
1208 1304 1231 1349 ὁ
1257 1306 1299 1349 δ’
1328 1306 1520 1359 Ἀλέξαν-

135 1364 240 1416 δρος
274 1367 327 1420 τῇ
369 1362 583 1419 δεινότητι
610 1367 691 1406 τοῦ
721 1361 898 1413 πάθους
936 1361 1169 1407 ἀδυνατῶν
1197 1366 1403 1419 βοηθεῖν,
1443 1364 1518 1407 καὶ

57 1423 321 1488 913θεωρῶν
365 1420 528 1475 μηδένα
575 1424 665 1463 τῶν
702 1422 934 1489 πολεμίων
969 1419 1072 1475 μήτε
1104 1420 1360 1489 τεθνηκότα
1406 1419 1515 1490 μήθ’
1551 1417 1630 1455 100

134 1475 247 1525 ὅλως
276 1477 559 1530 τετρωμένον,
589 1480 678 1519 τῶν
698 1477 743 1519 δὲ
764 1478 890 1520 ἰδίων
909 1474 1192 1527 ἀπολωλότας
1212 1478 1290 1532 μὲν
1314 1476 1517 1529 πολλούς,

134 1533 539 1601 κατατετρωμένους
572 1533 618 1576 δὲ
649 1533 803 1588 σχεδόν
833 1532 1026 1584 ἅπαντας
1049 1533 1153 1584 τούς
1173 1533 1518 1604 προςβαλόντας,

135 1587 424 1633 ἀνεκαλέσατο
454 1594 506 1660 τῇ
539 1589 742 1660 σάλπιγγι
772 1589 879 1640 τούς
911 1588 1176 1658 στρατιώτας
1207 1589 1292 1634 ἀπὸ
1329 1594 1404 1647 τῆς
1440 1589 1517 1646 μά-

133 1662 221 1702 χης.
282 1644 568 1701 ἀναχωρήσας
606 1647 653 1690 δὲ
684 1645 769 1689 ἀπὸ
801 1650 890 1689 τῶν
919 1644 1131 1702 παρόδων
1161 1649 1366 1698 σταδίους
1394 1664 1517 1700 τρια·
1547 1638 1573 1680 5

98 1704 315 1754 ’κοσίους
359 1702 831 1756 κατεστρατοπέδευσε,
888 1704 961 1746 καὶ
1004 1704 1125 1756 παρὰ
1168 1707 1259 1747 τῶν
1301 1704 1522 1774 ἐγχωρίων

134 1758 406 1804 ἐπυνθάνετο
437 1758 495 1816 μή
524 1777 590 1811 τις
622 1759 746 1815 ἑτέρα
776 1759 863 1803 ἐστὶ
894 1760 1112 1829 διεκβολή.
1153 1760 1332 1803 πάντων
1353 1759 1393 1804 δ’
1415 1758 1524 1804 ἀπο-

135 1816 420 1877 φαινομένων
453 1818 605 1860 δίοδον
634 1833 713 1887 μεν
737 1818 951 1872 μηδεμίαν
971 1816 1124 1878 ἄλλην
1126 1816 1353 1872 ὑπάρχειν,
1380 1818 1523 1871 περίο-

135 1875 217 1916 δον
245 1873 292 1916 δὲ
316 1877 434 1916 εἰναι
457 1876 639 1917 πολλῶν
660 1872 850 1929 ἡμερῶν,
883 1874 1063 1943 αἰσχρὸν
1083 1872 1194 1917 εἶναι
1215 1876 1397 1928 νομίσας
1418 1872 1523 1918 ἀτά-

137 1944 261 1984 φους
280 1927 523 1973 ἀπολιπεῖν
522 1930 632 1981 τοὺς
652 1929 1018 2001 τετελευτηκότας,
1048 1931 1121 1974 καὶ
1138 1948 1219 2002 την
1238 1933 1420 2002 αἴτησιν
1430 1934 1521 1974 τῶν
1553 1925 1604 1964 10

135 1989 306 2056 νεκρῶν
330 1983 487 2030 κοῦσαν
535 1985 655 2040 ὁρῶν
691 1985 918 2059 ἀσχήμονα
953 1988 1028 2030 καὶ
1066 1989 1357 2058 περιέχουσαν
1392 2004 1522 2044 ηττης

127 2040 419 2115 ὁμολόγησιν,
449 2044 712 2096 προςέταξεν
740 2043 982 2114 ἀπαγαγεῖν
1012 2042 1208 2096 ἅπαντας
1237 2044 1341 2097 τοὺς
1375 2047 1526 2101 αἰχμα-

139 2098 319 2163 λώτους
379 2100 427 2144 έν
467 2100 513 2144 δὲ
551 2099 727 2153 τούτοις
763 2117 866 2158 ηκεν
895 2100 1175 2158 ἀπαγόμενος
1205 2100 1318 2158 ἀνὴρ
1349 2104 1526 2158 δίγλωτ-

136 2258 195 2294 79.
230 2257 370 2296 πόλεων
389 2261 421 2295 Τ
444 2262 540 2306 Bas¹²
564 2261 693 2297 caeteri
709 2262 839 2298 addunt
858 2258 1034 2319 ἐγκρατης
1044 2258 1229 2319 νπῆρξεν,
1256 2272 1345 2305 quae
1361 2262 1526 2296 asterisco

139 2306 272 2340 notavit
295 2307 489 2351 Stephanus
638 2309 695 2342 80.
745 2308 919 2345 ἐντεῦθεν
944 2306 986 2344 6'
998 2309 1008 2352 ]
1036 2305 1210 2343 εντεῦθεν
1234 2309 1316 2342 Bas.
1469 2309 1525 2343 82.

139 2350 297 2398 πέτρας]
337 2354 506 2397 πυλῶνι)
512 2353 621 2389 ..157
647 2355 728 2398 33.,
760 2356 821 2389 ubi
843 2368 876 2389 v.
902 2355 1163 2390 annotationem
1376 2353 1434 2388 88.
1482 2352 1524 2389 6'

140 2398 170 2431 F
352 2399 410 2433 90.
458 2402 589 2441 λίθους
615 2401 648 2434 Τ
674 2402 771 2444 Bas„
799 2402 928 2437 caeteri
949 2401 1079 2436 addunt
1101 2404 1179 2441 τοῖς
1201 2399 1407 2445 μεγέθεσιν,
1433 2412 1524 2444 quae

141 2444 306 2478 asterisco
325 2446 460 2480 notavit
483 2447 681 2491 Stephanus
851 2448 909 2485 91.
957 2445 1098 2491 ἀθρόοι
1121 2451 1303 2481 servarunt
1326 2447 1355 2480 F
1357 2447 1386 2480 L

140 2488 198 2524 92.
244 2503 318 2524 των
341 2493 539 2538 κρημνων]
565 2507 633 2529 του
660 2495 830 2559 κρημνοῦ
854 2496 887 2539 Q
1065 2492 1122 2527 99·
1169 2495 1213 2540 τῇ
1234 2492 1429 2538 δεινόῑηῑι]
1457 2491 1524 2538 τήν

141 2534 337 2577 δεινότητα
355 2539 414 2571 Fh

233 2575 689 2638 213.100..μή’θἘΙ.,
729 2585 859 2621 caeteri
889 2583 982 2630 μήτε
1162 2580 1198 2620 ’3.
1246 2580 1525 2628 προςβαλόντας

141 2628 220 2670 Fn,
257 2629 394 2663 caeteri
409 2609 708 2674 προςβάλλοντάς
892 2632 926 2668 4.
976 2628 1241 2676 ἀναχωρήσας]
1279 2629 1525 2676 ἀποχωρήσας

142 2655 220 2708 Fh’
387 2673 421 2709 5.
468 2679 723 2722 τριακοσίους]
761 2678 1020 2721 τετρακοσίους
1051 2677 1124 2716 FL,
1152 2677 1354 2720 τριάκοντα
1379 2676 1523 2710 Wessel.

199 2720 292 2754 11
323 2718 442 2776 ὁρῶν
466 2733 535 2756 om.
559 2723 617 2757 FL
800 2725 857 2761 12
907 2722 1127 2768 ἀπαγαγεῖν]
1153 2721 1348 2768 ἀναγαγεῖν
1371 2723 1432 2756 FL

235 2766 291 2800 13.
327 2764 584 2813 ἀπαγόμενος]
608 2765 840 2815 υπαγόμενος
867 2771 897 2804 F
920 2781 1026 2815 supra
1048 2781 1187 2804 versum
1210 2773 1386 2804 correctus

1188 2831 1246 2870 77
