<?xml version="1.0" encoding="UTF-8"?>
<!DOCTYPE html PUBLIC "-//W3C//DTD XHTML 1.0 Transitional//EN"
    "http://www.w3.org/TR/xhtml1/DTD/xhtml1-transitional.dtd">
<html xmlns="http://www.w3.org/1999/xhtml" xml:lang="en" lang="en">
 <head>
  <title>
</title>
<meta http-equiv="Content-Type" content="text/html;charset=utf-8" />
  <meta name='ocr-system' content='tesseract 3.04.00' />
  <meta name='ocr-capabilities' content='ocr_page ocr_carea ocr_par ocr_line ocrx_word'/>
</head>
<body>
  <div class='ocr_page' id='page_1' title='image "./p1bibliothecahisto02dioduoft_0475.png"; bbox 0 0 1820 3249; ppageno 0'>
   <div class='ocr_carea' id='block_1_1' title="bbox 529 144 1533 210">
    <p class='ocr_par' dir='ltr' id='par_1_1' title="bbox 529 144 1533 210">
     <span class='ocr_line' id='line_1_1' title="bbox 529 144 1533 210; baseline -0.001 -2"><span class='ocrx_word' id='word_1_1' title='bbox 529 166 782 210; x_wconf 79' lang='lat' dir='ltr'><strong>L1B.X1x</strong></span> <span class='ocrx_word' id='word_1_2' title='bbox 840 165 970 208; x_wconf 80' lang='lat' dir='ltr'><strong>CAP.</strong></span> <span class='ocrx_word' id='word_1_3' title='bbox 998 168 1068 209; x_wconf 86' lang='lat'><strong><em>51.</em></strong></span> <span class='ocrx_word' id='word_1_4' title='bbox 1099 168 1168 208; x_wconf 84' lang='lat'><strong><em>52</em></strong></span> <span class='ocrx_word' id='word_1_5' title='bbox 1415 144 1533 208; x_wconf 76' lang='lat'>&#39;1389</span> 
     </span>
    </p>
   </div>
   <div class='ocr_carea' id='block_1_2' title="bbox 91 275 1623 2348">
    <p class='ocr_par' dir='ltr' id='par_1_2' title="bbox 168 275 1591 618">
     <span class='ocr_line' id='line_1_2' title="bbox 168 275 1535 337; baseline -0.004 -12"><span class='ocrx_word' id='word_1_6' title='bbox 168 286 243 337; x_wconf 89' lang='grc' dir='ltr'><strong><em>τῆς</em></strong></span> <span class='ocrx_word' id='word_1_7' title='bbox 281 281 507 337; x_wconf 80' lang='grc' dir='ltr'><strong><em>σωτηρίας</em></strong></span> <span class='ocrx_word' id='word_1_8' title='bbox 520 276 877 333; x_wconf 82' lang='grc' dir='ltr'><strong><em>προνοούμενος,</em></strong></span> <span class='ocrx_word' id='word_1_9' title='bbox 915 277 1012 322; x_wconf 82' lang='grc' dir='ltr'><strong><em>ἀλλ’</em></strong></span> <span class='ocrx_word' id='word_1_10' title='bbox 1040 279 1115 322; x_wconf 79' lang='grc' dir='ltr'><strong><em>ἴνα</em></strong></span> <span class='ocrx_word' id='word_1_11' title='bbox 1152 276 1258 322; x_wconf 84' lang='grc' dir='ltr'><strong><em>καθ’</em></strong></span> <span class='ocrx_word' id='word_1_12' title='bbox 1288 275 1422 334; x_wconf 77' lang='grc' dir='ltr'><strong><em>αὐτῆς</em></strong></span> <span class='ocrx_word' id='word_1_13' title='bbox 1451 294 1535 333; x_wconf 81' lang='grc' dir='ltr'><strong><em>φυ-</em></strong></span> 
     </span>
     <span class='ocr_line' id='line_1_3' title="bbox 168 334 1534 404; baseline -0.003 -23"><span class='ocrx_word' id='word_1_14' title='bbox 168 340 251 395; x_wconf 85' lang='grc' dir='ltr'><strong><em>γὴν</em></strong></span> <span class='ocrx_word' id='word_1_15' title='bbox 279 340 577 392; x_wconf 75' lang='grc' dir='ltr'><strong><em>καταγνοῦσα,</em></strong></span> <span class='ocrx_word' id='word_1_16' title='bbox 605 337 680 379; x_wconf 87' lang='grc' dir='ltr'><strong><em>καὶ</em></strong></span> <span class='ocrx_word' id='word_1_17' title='bbox 709 338 1003 390; x_wconf 78' lang='grc' dir='ltr'><em>διαφθαρεῖσα</em></span> <span class='ocrx_word' id='word_1_18' title='bbox 1031 335 1142 378; x_wconf 80' lang='grc' dir='ltr'><strong><em>κατά</em></strong></span> <span class='ocrx_word' id='word_1_19' title='bbox 1161 334 1237 378; x_wconf 84' lang='grc' dir='ltr'><strong><em>τὸν</em></strong></span> <span class='ocrx_word' id='word_1_20' title='bbox 1256 338 1409 404; x_wconf 83' lang='grc' dir='ltr'><strong><em>πλοῦν</em></strong></span> <span class='ocrx_word' id='word_1_21' title='bbox 1430 334 1534 391; x_wconf 81' lang='grc' dir='ltr'><strong><em>δόξῃ</em></strong></span> 
     </span>
     <span class='ocr_line' id='line_1_4' title="bbox 169 389 1591 465; baseline -0.004 -27"><span class='ocrx_word' id='word_1_22' title='bbox 169 396 317 465; x_wconf 78' lang='grc' dir='ltr'><em>δικαίᾳ</em></span> <span class='ocrx_word' id='word_1_23' title='bbox 345 394 711 462; x_wconf 81' lang='grc' dir='ltr'><strong><em>περιπεπτωκέναι</em></strong></span> <span class='ocrx_word' id='word_1_24' title='bbox 736 394 933 448; x_wconf 82' lang='grc' dir='ltr'><strong><em>τιμωρίᾳ.</em></strong></span> <span class='ocrx_word' id='word_1_25' title='bbox 980 391 1202 447; x_wconf 80' lang='grc' dir='ltr'><strong><em>εὐλαβεῖτο</em></strong></span> <span class='ocrx_word' id='word_1_26' title='bbox 1231 392 1315 461; x_wconf 79' lang='grc' dir='ltr'><strong><em>γάρ</em></strong></span> <span class='ocrx_word' id='word_1_27' title='bbox 1345 389 1433 459; x_wconf 77' lang='grc' dir='ltr'><strong><em>ἅμα</em></strong></span> <span class='ocrx_word' id='word_1_28' title='bbox 1463 407 1536 433; x_wconf 89' lang='grc' dir='ltr'><strong><em>και</em></strong></span> <span class='ocrx_word' id='word_1_29' title='bbox 1565 395 1591 438; x_wconf 84' lang='grc'><em>5</em></span> 
     </span>
     <span class='ocr_line' id='line_1_5' title="bbox 168 445 1539 521; baseline -0.004 -26"><span class='ocrx_word' id='word_1_30' title='bbox 168 450 218 494; x_wconf 84' lang='grc' dir='ltr'><strong><em>τὸ</em></strong></span> <span class='ocrx_word' id='word_1_31' title='bbox 248 451 347 505; x_wconf 88' lang='grc' dir='ltr'><strong><em>περὶ</em></strong></span> <span class='ocrx_word' id='word_1_32' title='bbox 378 449 516 521; x_wconf 78' lang='grc' dir='ltr'><strong><em>αὐτὴν</em></strong></span> <span class='ocrx_word' id='word_1_33' title='bbox 529 447 716 518; x_wconf 79' lang='grc' dir='ltr'><strong><em>ἀξίωμα</em></strong></span> <span class='ocrx_word' id='word_1_34' title='bbox 744 450 819 492; x_wconf 88' lang='grc' dir='ltr'><strong><em>καὶ</em></strong></span> <span class='ocrx_word' id='word_1_35' title='bbox 854 449 903 492; x_wconf 79' lang='grc' dir='ltr'><strong><em>τό</em></strong></span> <span class='ocrx_word' id='word_1_36' title='bbox 940 453 1028 491; x_wconf 80' lang='grc' dir='ltr'><strong><em>τῶν</em></strong></span> <span class='ocrx_word' id='word_1_37' title='bbox 1067 448 1339 492; x_wconf 82' lang='grc' dir='ltr'><strong><em>Μακεδόνων</em></strong></span> <span class='ocrx_word' id='word_1_38' title='bbox 1368 445 1539 513; x_wconf 82' lang='grc' dir='ltr'><strong><em>εὐμετά-</em></strong></span> 
     </span>
     <span class='ocr_line' id='line_1_6' title="bbox 168 502 1539 577; baseline -0.003 -27"><span class='ocrx_word' id='word_1_39' title='bbox 168 511 320 564; x_wconf 87' lang='grc' dir='ltr'><strong><em>βολον.</em></strong></span> <span class='ocrx_word' id='word_1_40' title='bbox 357 510 431 577; x_wconf 86' lang='grc' dir='ltr'><strong><em>τῆς</em></strong></span> <span class='ocrx_word' id='word_1_41' title='bbox 461 504 502 549; x_wconf 89' lang='grc' dir='ltr'><strong><em>δ’</em></strong></span> <span class='ocrx_word' id='word_1_42' title='bbox 529 502 821 575; x_wconf 89' lang='grc' dir='ltr'><strong><em>Ὀλυμπιάδος</em></strong></span> <span class='ocrx_word' id='word_1_43' title='bbox 851 504 905 548; x_wconf 82' lang='grc' dir='ltr'><strong><em>οὐ</em></strong></span> <span class='ocrx_word' id='word_1_44' title='bbox 937 504 1132 560; x_wconf 80' lang='grc' dir='ltr'><strong><em>φαμένης</em></strong></span> <span class='ocrx_word' id='word_1_45' title='bbox 1161 504 1410 560; x_wconf 78' lang='grc' dir='ltr'><strong><em>φεύξεσθαι,</em></strong></span> <span class='ocrx_word' id='word_1_46' title='bbox 1439 502 1539 546; x_wconf 80' lang='grc' dir='ltr'><strong><em>τού-</em></strong></span> 
     </span>
     <span class='ocr_line' id='line_1_7' title="bbox 168 561 1538 618; baseline -0.003 -12"><span class='ocrx_word' id='word_1_47' title='bbox 168 565 349 607; x_wconf 89' lang='grc' dir='ltr'><strong><em>ναντίον</em></strong></span> <span class='ocrx_word' id='word_1_48' title='bbox 379 561 425 606; x_wconf 78' lang='grc' dir='ltr'><strong><em>δ’</em></strong></span> <span class='ocrx_word' id='word_1_49' title='bbox 463 562 634 618; x_wconf 78' lang='grc' dir='ltr'><strong><em>ἑτοίμης</em></strong></span> <span class='ocrx_word' id='word_1_50' title='bbox 673 561 807 618; x_wconf 82' lang='grc' dir='ltr'><strong><em>οὔσης</em></strong></span> <span class='ocrx_word' id='word_1_51' title='bbox 846 561 892 604; x_wconf 79' lang='grc' dir='ltr'><strong><em>ἐν</em></strong></span> <span class='ocrx_word' id='word_1_52' title='bbox 929 566 1036 604; x_wconf 78' lang='grc' dir='ltr'><strong><em>πᾶσι</em></strong></span> <span class='ocrx_word' id='word_1_53' title='bbox 1064 561 1290 604; x_wconf 82' lang='grc' dir='ltr'><strong><em>Μακεδόσι</em></strong></span> <span class='ocrx_word' id='word_1_54' title='bbox 1319 564 1538 616; x_wconf 84' lang='grc' dir='ltr'><strong><em>κριθηναι,</em></strong></span> 
     </span>
    </p>

    <p class='ocr_par' dir='ltr' id='par_1_3' title="bbox 165 616 1622 1070">
     <span class='ocr_line' id='line_1_8' title="bbox 168 616 1539 675; baseline -0.002 -12"><span class='ocrx_word' id='word_1_55' title='bbox 168 620 194 664; x_wconf 86' lang='lat'><strong><em>6</em></strong></span> <span class='ocrx_word' id='word_1_56' title='bbox 223 619 513 672; x_wconf 80' lang='grc' dir='ltr'><strong><em>Κάσσανδρος</em></strong></span> <span class='ocrx_word' id='word_1_57' title='bbox 543 620 754 674; x_wconf 82' lang='grc' dir='ltr'><strong><em>φοβηθεὶς</em></strong></span> <span class='ocrx_word' id='word_1_58' title='bbox 781 617 945 675; x_wconf 89' lang='grc' dir='ltr'><strong><em>μήποτε</em></strong></span> <span class='ocrx_word' id='word_1_59' title='bbox 980 618 1029 661; x_wconf 86' lang='grc' dir='ltr'><strong><em>τὸ</em></strong></span> <span class='ocrx_word' id='word_1_60' title='bbox 1067 622 1235 673; x_wconf 85' lang='grc' dir='ltr'><strong><em>πλῆθος</em></strong></span> <span class='ocrx_word' id='word_1_61' title='bbox 1267 616 1436 661; x_wconf 74' lang='grc' dir='ltr'><strong><em>ἀκοῦον</em></strong></span> <span class='ocrx_word' id='word_1_62' title='bbox 1464 620 1539 672; x_wconf 82' lang='grc' dir='ltr'><strong><em>τῆς</em></strong></span> 
     </span>
     <span class='ocr_line' id='line_1_9' title="bbox 169 672 1622 733; baseline -0.001 -14"><span class='ocrx_word' id='word_1_63' title='bbox 169 677 419 733; x_wconf 81' lang='grc' dir='ltr'><strong><em>βασιλίσσης</em></strong></span> <span class='ocrx_word' id='word_1_64' title='bbox 448 674 800 730; x_wconf 72' lang='grc' dir='ltr'><strong><em>ἀπολογουμένης</em></strong></span> <span class='ocrx_word' id='word_1_65' title='bbox 829 676 900 718; x_wconf 86' lang='grc' dir='ltr'><strong><em>καὶ</em></strong></span> <span class='ocrx_word' id='word_1_66' title='bbox 938 679 1024 717; x_wconf 83' lang='grc' dir='ltr'><strong><em>τῶν</em></strong></span> <span class='ocrx_word' id='word_1_67' title='bbox 1051 672 1330 728; x_wconf 81' lang='grc' dir='ltr'><strong><em>Ἀλεξάνδρου</em></strong></span> <span class='ocrx_word' id='word_1_68' title='bbox 1357 673 1430 716; x_wconf 86' lang='grc' dir='ltr'><strong><em>καὶ</em></strong></span> <span class='ocrx_word' id='word_1_69' title='bbox 1462 676 1537 716; x_wconf 91' lang='grc' dir='ltr'><strong><em>Φι-</em></strong></span> <span class='ocrx_word' id='word_1_70' title='bbox 1573 677 1622 717; x_wconf 85' lang='grc'><strong><em>10</em></strong></span> 
     </span>
     <span class='ocr_line' id='line_1_10' title="bbox 167 727 1540 799; baseline -0.003 -23"><span class='ocrx_word' id='word_1_71' title='bbox 167 735 330 777; x_wconf 87' lang='grc' dir='ltr'><strong><em>λίππου</em></strong></span> <span class='ocrx_word' id='word_1_72' title='bbox 361 731 473 785; x_wconf 82' lang='grc' dir='ltr'><strong><em>πρὸς</em></strong></span> <span class='ocrx_word' id='word_1_73' title='bbox 501 732 618 775; x_wconf 81' lang='grc' dir='ltr'><strong><em>ἅπαν</em></strong></span> <span class='ocrx_word' id='word_1_74' title='bbox 646 731 695 775; x_wconf 87' lang='grc' dir='ltr'><strong><em>τὸ</em></strong></span> <span class='ocrx_word' id='word_1_75' title='bbox 727 732 858 783; x_wconf 71' lang='grc' dir='ltr'><strong><em>ἔθνος</em></strong></span> <span class='ocrx_word' id='word_1_76' title='bbox 888 730 1140 786; x_wconf 78' lang='grc' dir='ltr'><strong><em>εὐεργεσιῶν</em></strong></span> <span class='ocrx_word' id='word_1_77' title='bbox 1169 727 1540 799; x_wconf 75' lang='grc' dir='ltr'><strong><em>ἀναμιμνησκόμε-</em></strong></span> 
     </span>
     <span class='ocr_line' id='line_1_11' title="bbox 167 786 1540 858; baseline -0.003 -26"><span class='ocrx_word' id='word_1_78' title='bbox 167 805 248 833; x_wconf 87' lang='grc' dir='ltr'><strong><em>νον</em></strong></span> <span class='ocrx_word' id='word_1_79' title='bbox 276 787 543 858; x_wconf 85' lang='grc' dir='ltr'><strong><em>μετανοήσῃ,</em></strong></span> <span class='ocrx_word' id='word_1_80' title='bbox 575 790 826 840; x_wconf 83' lang='grc' dir='ltr'><strong><em>διακοσίους</em></strong></span> <span class='ocrx_word' id='word_1_81' title='bbox 853 791 942 831; x_wconf 79' lang='grc' dir='ltr'><strong><em>τῶν</em></strong></span> <span class='ocrx_word' id='word_1_82' title='bbox 971 791 1243 842; x_wconf 84' lang='grc' dir='ltr'><strong><em>στρατιωτῶν</em></strong></span> <span class='ocrx_word' id='word_1_83' title='bbox 1271 786 1375 836; x_wconf 83' lang='grc' dir='ltr'><strong><em>τούς</em></strong></span> <span class='ocrx_word' id='word_1_84' title='bbox 1403 786 1540 853; x_wconf 80' lang='grc' dir='ltr'><strong><em>έπιτη</em></strong></span> 
     </span>
     <span class='ocr_line' id='line_1_12' title="bbox 168 842 1541 903; baseline -0.004 -14"><span class='ocrx_word' id='word_1_85' title='bbox 168 843 419 897; x_wconf 88' lang='grc' dir='ltr'><strong><em>δειοτάτους</em></strong></span> <span class='ocrx_word' id='word_1_86' title='bbox 448 844 665 888; x_wconf 82' lang='grc' dir='ltr'><strong><em>ἀπέστειλε</em></strong></span> <span class='ocrx_word' id='word_1_87' title='bbox 694 845 805 903; x_wconf 85' lang='grc' dir='ltr'><strong><em>πρὸς</em></strong></span> <span class='ocrx_word' id='word_1_88' title='bbox 833 844 986 901; x_wconf 82' lang='grc' dir='ltr'><strong><em>αὐτήν,</em></strong></span> <span class='ocrx_word' id='word_1_89' title='bbox 1009 843 1248 899; x_wconf 82' lang='grc' dir='ltr'><strong><em>προςτάξας</em></strong></span> <span class='ocrx_word' id='word_1_90' title='bbox 1273 842 1439 886; x_wconf 78' lang='grc' dir='ltr'><strong><em>ἀνελεῖν</em></strong></span> <span class='ocrx_word' id='word_1_91' title='bbox 1458 842 1541 898; x_wconf 77' lang='grc' dir='ltr'><strong><em>τήν</em></strong></span> 
     </span>
     <span class='ocr_line' id='line_1_13' title="bbox 166 898 1539 974; baseline -0.003 -29"><span class='ocrx_word' id='word_1_92' title='bbox 166 904 381 972; x_wconf 85' lang='grc' dir='ltr'><strong><em>ταχίστην.</em></strong></span> <span class='ocrx_word' id='word_1_93' title='bbox 431 902 556 945; x_wconf 85' lang='grc' dir='ltr'><strong><em>οὑτοι</em></strong></span> <span class='ocrx_word' id='word_1_94' title='bbox 595 918 673 974; x_wconf 87' lang='grc' dir='ltr'><strong><em>μεν</em></strong></span> <span class='ocrx_word' id='word_1_95' title='bbox 706 904 789 946; x_wconf 84' lang='grc' dir='ltr'><strong><em>οὐν</em></strong></span> <span class='ocrx_word' id='word_1_96' title='bbox 819 902 1172 954; x_wconf 87' lang='grc' dir='ltr'><strong><em>παρειςπεσόντες</em></strong></span> <span class='ocrx_word' id='word_1_97' title='bbox 1213 902 1272 951; x_wconf 88' lang='grc' dir='ltr'><strong><em>εἰς</em></strong></span> <span class='ocrx_word' id='word_1_98' title='bbox 1307 898 1387 955; x_wconf 86' lang='grc' dir='ltr'><strong><em>τὴν</em></strong></span> <span class='ocrx_word' id='word_1_99' title='bbox 1417 901 1539 954; x_wconf 83' lang='grc' dir='ltr'><strong><em>βασι-</em></strong></span> 
     </span>
     <span class='ocr_line' id='line_1_14' title="bbox 167 956 1622 1029; baseline -0.003 -27"><span class='ocrx_word' id='word_1_100' title='bbox 167 958 293 1029; x_wconf 79' lang='grc' dir='ltr'><strong><em>λικὴν</em></strong></span> <span class='ocrx_word' id='word_1_101' title='bbox 318 959 485 1009; x_wconf 83' lang='grc' dir='ltr'><strong><em>οἰκίαν,</em></strong></span> <span class='ocrx_word' id='word_1_102' title='bbox 517 956 576 1009; x_wconf 74' lang='grc' dir='ltr'><strong><em>ὦς</em></strong></span> <span class='ocrx_word' id='word_1_103' title='bbox 607 957 725 1002; x_wconf 81' lang='grc' dir='ltr'><strong><em>εἶδον</em></strong></span> <span class='ocrx_word' id='word_1_104' title='bbox 753 975 834 1028; x_wconf 83' lang='grc' dir='ltr'><strong><em>την</em></strong></span> <span class='ocrx_word' id='word_1_105' title='bbox 859 956 1156 1028; x_wconf 86' lang='grc' dir='ltr'><strong><em>Ὀλυμπιάδα,</em></strong></span> <span class='ocrx_word' id='word_1_106' title='bbox 1185 957 1538 1006; x_wconf 79' lang='grc' dir='ltr'><strong><em>καταιδεσθέντες</em></strong></span> <span class='ocrx_word' id='word_1_107' title='bbox 1568 956 1622 999; x_wconf 88' lang='grc'><strong><em>15</em></strong></span> 
     </span>
     <span class='ocr_line' id='line_1_15' title="bbox 165 1012 1540 1085; baseline -0.002 -27"><span class='ocrx_word' id='word_1_108' title='bbox 165 1014 214 1059; x_wconf 81' lang='grc' dir='ltr'><strong><em>τό</em></strong></span> <span class='ocrx_word' id='word_1_109' title='bbox 244 1015 342 1069; x_wconf 87' lang='grc' dir='ltr'><strong><em>περὶ</em></strong></span> <span class='ocrx_word' id='word_1_110' title='bbox 370 1012 508 1084; x_wconf 82' lang='grc' dir='ltr'><strong><em>αὐτὴν</em></strong></span> <span class='ocrx_word' id='word_1_111' title='bbox 541 1014 714 1085; x_wconf 73' lang='grc' dir='ltr'><strong><em>ἀξίωμα</em></strong></span> <span class='ocrx_word' id='word_1_112' title='bbox 741 1015 874 1057; x_wconf 86' lang='grc' dir='ltr'><strong><em>πάλιν</em></strong></span> <span class='ocrx_word' id='word_1_113' title='bbox 900 1013 1185 1085; x_wconf 83' lang='grc' dir='ltr'><strong><em>απεχώρησαν</em></strong></span> <span class='ocrx_word' id='word_1_114' title='bbox 1212 1012 1436 1067; x_wconf 77' lang='grc' dir='ltr'><strong><em>ἄπρακτοι.</em></strong></span> <span class='ocrx_word' id='word_1_115' title='bbox 1496 1028 1540 1055; x_wconf 95' lang='grc' dir='ltr'><strong><em>οι</em></strong></span> 
     </span>
    </p>

    <p class='ocr_par' dir='ltr' id='par_1_4' title="bbox 165 1069 1623 1633">
     <span class='ocr_line' id='line_1_16' title="bbox 166 1069 1540 1141; baseline -0.003 -26"><span class='ocrx_word' id='word_1_116' title='bbox 166 1072 213 1115; x_wconf 82' lang='grc' dir='ltr'><strong><em>δὲ</em></strong></span> <span class='ocrx_word' id='word_1_117' title='bbox 242 1086 330 1113; x_wconf 87' lang='grc' dir='ltr'><strong><em>των</em></strong></span> <span class='ocrx_word' id='word_1_118' title='bbox 356 1069 643 1141; x_wconf 77' lang='grc' dir='ltr'><strong><em>ἀνῃρημένων</em></strong></span> <span class='ocrx_word' id='word_1_119' title='bbox 665 1076 898 1126; x_wconf 80' lang='grc' dir='ltr'><strong><em>συγγενεῖς,</em></strong></span> <span class='ocrx_word' id='word_1_120' title='bbox 921 1070 1196 1125; x_wconf 81' lang='grc' dir='ltr'><strong><em>Κασσάνδρῳ</em></strong></span> <span class='ocrx_word' id='word_1_121' title='bbox 1216 1086 1262 1113; x_wconf 88' lang='grc' dir='ltr'><strong><em>τε</em></strong></span> <span class='ocrx_word' id='word_1_122' title='bbox 1289 1071 1540 1124; x_wconf 85' lang='grc' dir='ltr'><strong><em>χαρίζεσθαι</em></strong></span> 
     </span>
     <span class='ocr_line' id='line_1_17' title="bbox 166 1126 1536 1182; baseline -0.002 -12"><span class='ocrx_word' id='word_1_123' title='bbox 166 1126 426 1180; x_wconf 86' lang='grc' dir='ltr'><strong><em>βουλόμενοι</em></strong></span> <span class='ocrx_word' id='word_1_124' title='bbox 456 1127 528 1169; x_wconf 84' lang='grc' dir='ltr'><strong><em>καὶ</em></strong></span> <span class='ocrx_word' id='word_1_125' title='bbox 552 1131 644 1178; x_wconf 88' lang='grc' dir='ltr'><strong><em>τοῖς</em></strong></span> <span class='ocrx_word' id='word_1_126' title='bbox 671 1126 1016 1181; x_wconf 84' lang='grc' dir='ltr'><strong><em>τετελευτηκόσιν</em></strong></span> <span class='ocrx_word' id='word_1_127' title='bbox 1046 1127 1231 1182; x_wconf 78' lang='grc' dir='ltr'><strong><em>ἀμῦναι,</em></strong></span> <span class='ocrx_word' id='word_1_128' title='bbox 1261 1127 1536 1182; x_wconf 79' lang='grc' dir='ltr'><strong><em>κατέσφαξαν</em></strong></span> 
     </span>
     <span class='ocr_line' id='line_1_18' title="bbox 165 1182 1621 1255; baseline -0.003 -28"><span class='ocrx_word' id='word_1_129' title='bbox 165 1182 247 1254; x_wconf 66' lang='grc' dir='ltr'><strong><em>την</em></strong></span> <span class='ocrx_word' id='word_1_130' title='bbox 280 1185 581 1255; x_wconf 88' lang='grc' dir='ltr'><strong><em>βασίλισσαν,</em></strong></span> <span class='ocrx_word' id='word_1_131' title='bbox 600 1182 810 1238; x_wconf 79' lang='grc' dir='ltr'><strong><em>οὐδεμίαν</em></strong></span> <span class='ocrx_word' id='word_1_132' title='bbox 839 1182 1008 1243; x_wconf 79' lang='grc' dir='ltr'><strong><em>ἆγεννῆ</em></strong></span> <span class='ocrx_word' id='word_1_133' title='bbox 1027 1200 1099 1226; x_wconf 88' lang='grc' dir='ltr'><strong><em>και</em></strong></span> <span class='ocrx_word' id='word_1_134' title='bbox 1128 1184 1384 1237; x_wconf 83' lang='grc' dir='ltr'><strong><em>γυναικείαν</em></strong></span> <span class='ocrx_word' id='word_1_135' title='bbox 1411 1197 1537 1253; x_wconf 85' lang='grc' dir='ltr'><strong><em>προε-</em></strong></span> <span class='ocrx_word' id='word_1_136' title='bbox 1565 1184 1621 1223; x_wconf 81' lang='lat'><strong><em>20</em></strong></span> 
     </span>
     <span class='ocr_line' id='line_1_19' title="bbox 165 1236 1537 1310; baseline -0.001 -28"><span class='ocrx_word' id='word_1_137' title='bbox 165 1240 299 1310; x_wconf 85' lang='grc' dir='ltr'><strong><em>μένην</em></strong></span> <span class='ocrx_word' id='word_1_138' title='bbox 327 1238 516 1291; x_wconf 78' lang='grc' dir='ltr'><strong><em>ἀξίωσιν.</em></strong></span> <span class='ocrx_word' id='word_1_139' title='bbox 568 1236 805 1310; x_wconf 89' lang='grc' dir='ltr'><strong><em>Ὀλυμπιας</em></strong></span> <span class='ocrx_word' id='word_1_140' title='bbox 843 1239 922 1295; x_wconf 79' lang='grc' dir='ltr'><strong><em>μὲν</em></strong></span> <span class='ocrx_word' id='word_1_141' title='bbox 952 1244 1056 1292; x_wconf 79' lang='grc' dir='ltr'><strong><em>οὐν,</em></strong></span> <span class='ocrx_word' id='word_1_142' title='bbox 1085 1239 1286 1295; x_wconf 88' lang='grc' dir='ltr'><strong><em>μέγιστον</em></strong></span> <span class='ocrx_word' id='word_1_143' title='bbox 1314 1254 1401 1281; x_wconf 90' lang='grc' dir='ltr'><strong><em>των</em></strong></span> <span class='ocrx_word' id='word_1_144' title='bbox 1428 1236 1537 1281; x_wconf 80' lang='grc' dir='ltr'><strong><em>καθ’</em></strong></span> 
     </span>
     <span class='ocr_line' id='line_1_20' title="bbox 166 1294 1539 1367; baseline -0.002 -28"><span class='ocrx_word' id='word_1_145' title='bbox 166 1296 304 1353; x_wconf 83' lang='grc' dir='ltr'><strong><em>αὑτήν</em></strong></span> <span class='ocrx_word' id='word_1_146' title='bbox 342 1296 546 1352; x_wconf 80' lang='grc' dir='ltr'><strong><em>ἐσχηκυῖα</em></strong></span> <span class='ocrx_word' id='word_1_147' title='bbox 582 1295 771 1352; x_wconf 81' lang='grc' dir='ltr'><strong><em>ἀξίωμα,</em></strong></span> <span class='ocrx_word' id='word_1_148' title='bbox 810 1297 884 1340; x_wconf 88' lang='grc' dir='ltr'><strong><em>καὶ</em></strong></span> <span class='ocrx_word' id='word_1_149' title='bbox 919 1296 1180 1367; x_wconf 84' lang='grc' dir='ltr'><strong><em>γεγενημένη</em></strong></span> <span class='ocrx_word' id='word_1_150' title='bbox 1219 1295 1419 1365; x_wconf 77' lang='grc' dir='ltr'><strong><em>θυγάτηρ</em></strong></span> <span class='ocrx_word' id='word_1_151' title='bbox 1460 1294 1539 1349; x_wconf 75' lang='grc' dir='ltr'><strong><em>μὲν</em></strong></span> 
     </span>
     <span class='ocr_line' id='line_1_21' title="bbox 167 1350 1538 1422; baseline -0.002 -26"><span class='ocrx_word' id='word_1_152' title='bbox 167 1353 482 1421; x_wconf 84' lang='grc' dir='ltr'><strong><em>Νεοπτολέμου</em></strong></span> <span class='ocrx_word' id='word_1_153' title='bbox 523 1357 606 1396; x_wconf 85' lang='grc' dir='ltr'><strong><em>τοῦ</em></strong></span> <span class='ocrx_word' id='word_1_154' title='bbox 632 1353 863 1422; x_wconf 76' lang='grc' dir='ltr'><strong><em>βασιλέως</em></strong></span> <span class='ocrx_word' id='word_1_155' title='bbox 899 1357 989 1396; x_wconf 78' lang='grc' dir='ltr'><strong><em>τῶν</em></strong></span> <span class='ocrx_word' id='word_1_156' title='bbox 1023 1351 1321 1404; x_wconf 79' lang='grc' dir='ltr'><strong><em>Ἠπειρωτῶν,</em></strong></span> <span class='ocrx_word' id='word_1_157' title='bbox 1370 1350 1538 1406; x_wconf 79' lang='grc' dir='ltr'><strong><em>ἀδελφή</em></strong></span> 
     </span>
     <span class='ocr_line' id='line_1_22' title="bbox 168 1407 1539 1463; baseline -0.002 -10"><span class='ocrx_word' id='word_1_158' title='bbox 168 1410 215 1453; x_wconf 88' lang='grc' dir='ltr'><strong><em>δε</em></strong></span> <span class='ocrx_word' id='word_1_159' title='bbox 248 1407 531 1462; x_wconf 82' lang='grc' dir='ltr'><strong><em>Ἀλεξάνδρου</em></strong></span> <span class='ocrx_word' id='word_1_160' title='bbox 568 1426 649 1453; x_wconf 89' lang='grc' dir='ltr'><strong><em>του</em></strong></span> <span class='ocrx_word' id='word_1_161' title='bbox 683 1409 1021 1463; x_wconf 86' lang='grc' dir='ltr'><strong><em>στρατεύσαντος</em></strong></span> <span class='ocrx_word' id='word_1_162' title='bbox 1060 1411 1119 1460; x_wconf 86' lang='grc' dir='ltr'><strong><em>εἰς</em></strong></span> <span class='ocrx_word' id='word_1_163' title='bbox 1154 1408 1357 1459; x_wconf 83' lang='grc' dir='ltr'><strong><em>Ἰταλίαν,</em></strong></span> <span class='ocrx_word' id='word_1_164' title='bbox 1400 1408 1462 1451; x_wconf 88' lang='grc' dir='ltr'><strong><em>ε’τι</em></strong></span> <span class='ocrx_word' id='word_1_165' title='bbox 1492 1409 1539 1451; x_wconf 84' lang='grc' dir='ltr'><strong><em>δὲ</em></strong></span> 
     </span>
     <span class='ocr_line' id='line_1_23' title="bbox 167 1463 1623 1535; baseline -0.002 -26"><span class='ocrx_word' id='word_1_166' title='bbox 167 1465 280 1535; x_wconf 86' lang='grc' dir='ltr'><strong><em>γυνὴ</em></strong></span> <span class='ocrx_word' id='word_1_167' title='bbox 317 1482 396 1521; x_wconf 89' lang='grc' dir='ltr'><strong><em>μεν</em></strong></span> <span class='ocrx_word' id='word_1_168' title='bbox 426 1467 647 1509; x_wconf 82' lang='grc' dir='ltr'><strong><em>Φιλίππου</em></strong></span> <span class='ocrx_word' id='word_1_169' title='bbox 684 1469 764 1509; x_wconf 84' lang='grc' dir='ltr'><strong><em>τοῦ</em></strong></span> <span class='ocrx_word' id='word_1_170' title='bbox 799 1470 1000 1509; x_wconf 88' lang='grc' dir='ltr'><strong><em>πλεῖστον</em></strong></span> <span class='ocrx_word' id='word_1_171' title='bbox 1040 1464 1295 1535; x_wconf 82' lang='grc' dir='ltr'><strong><em>ἰσχύσαντος</em></strong></span> <span class='ocrx_word' id='word_1_172' title='bbox 1333 1467 1423 1507; x_wconf 77' lang='grc' dir='ltr'><strong><em>τῶν</em></strong></span> <span class='ocrx_word' id='word_1_173' title='bbox 1452 1463 1537 1518; x_wconf 77' lang='grc' dir='ltr'><strong><em>πρό</em></strong></span> <span class='ocrx_word' id='word_1_174' title='bbox 1567 1463 1623 1506; x_wconf 85' lang='lat'><strong><em>25</em></strong></span> 
     </span>
     <span class='ocr_line' id='line_1_24' title="bbox 168 1519 1541 1589; baseline -0.001 -24"><span class='ocrx_word' id='word_1_175' title='bbox 168 1521 309 1566; x_wconf 80' lang='grc' dir='ltr'><strong><em>αὐτοῦ</em></strong></span> <span class='ocrx_word' id='word_1_176' title='bbox 347 1538 457 1565; x_wconf 86' lang='grc' dir='ltr'><strong><em>κατα</em></strong></span> <span class='ocrx_word' id='word_1_177' title='bbox 494 1539 573 1578; x_wconf 89' lang='grc' dir='ltr'><strong><em>την</em></strong></span> <span class='ocrx_word' id='word_1_178' title='bbox 613 1519 841 1578; x_wconf 73' lang='grc' dir='ltr'><strong><em>Εὐρώπην</em></strong></span> <span class='ocrx_word' id='word_1_179' title='bbox 871 1520 1283 1572; x_wconf 77' lang='grc' dir='ltr'><strong><em>δυναστευσάντων,</em></strong></span> <span class='ocrx_word' id='word_1_180' title='bbox 1323 1520 1462 1589; x_wconf 82' lang='grc' dir='ltr'><strong><em>μήτηρ</em></strong></span> <span class='ocrx_word' id='word_1_181' title='bbox 1494 1520 1541 1564; x_wconf 81' lang='grc' dir='ltr'><strong><em>δὲ</em></strong></span> 
     </span>
     <span class='ocr_line' id='line_1_25' title="bbox 162 1576 1538 1633; baseline -0.001 -10.99"><span class='ocrx_word' id='word_1_182' title='bbox 162 1577 450 1633; x_wconf 75' lang='grc' dir='ltr'><strong><em>’.Αλεξάνδρου</em></strong></span> <span class='ocrx_word' id='word_1_183' title='bbox 478 1583 560 1622; x_wconf 84' lang='grc' dir='ltr'><strong><em>τοῦ</em></strong></span> <span class='ocrx_word' id='word_1_184' title='bbox 588 1583 766 1622; x_wconf 88' lang='grc' dir='ltr'><strong><em>πλεῖστα</em></strong></span> <span class='ocrx_word' id='word_1_185' title='bbox 802 1579 875 1622; x_wconf 87' lang='grc' dir='ltr'><strong><em>καὶ</em></strong></span> <span class='ocrx_word' id='word_1_186' title='bbox 911 1577 1116 1623; x_wconf 86' lang='grc' dir='ltr'><strong><em>κάλλιστα</em></strong></span> <span class='ocrx_word' id='word_1_187' title='bbox 1143 1576 1538 1633; x_wconf 85' lang='grc' dir='ltr'><strong><em>κατεργασαμένου,</em></strong></span> 
     </span>
    </p>

    <p class='ocr_par' dir='ltr' id='par_1_5' title="bbox 96 1635 857 1705">
     <span class='ocr_line' id='line_1_26' title="bbox 96 1635 857 1705; baseline -0.001 -26"><span class='ocrx_word' id='word_1_188' title='bbox 96 1688 99 1695; x_wconf 37' lang='grc' dir='ltr'>Ι</span> <span class='ocrx_word' id='word_1_189' title='bbox 165 1635 367 1690; x_wconf 85' lang='grc' dir='ltr'><strong><em>τοιαύτης</em></strong></span> <span class='ocrx_word' id='word_1_190' title='bbox 395 1640 699 1705; x_wconf 85' lang='grc' dir='ltr'><strong><em>καταστροφῆς</em></strong></span> <span class='ocrx_word' id='word_1_191' title='bbox 727 1635 857 1705; x_wconf 85' lang='grc' dir='ltr'><strong><em>ε’τυχε.</em></strong></span> 
     </span>
    </p>

    <p class='ocr_par' dir='ltr' id='par_1_6' title="bbox 165 1688 1623 2199">
     <span class='ocr_line' id='line_1_27' title="bbox 278 1688 1621 1759; baseline -0.001 -24"><span class='ocrx_word' id='word_1_192' title='bbox 278 1691 569 1745; x_wconf 83' lang='grc' dir='ltr'><strong><em>Κάσσανδρος</em></strong></span> <span class='ocrx_word' id='word_1_193' title='bbox 598 1692 666 1742; x_wconf 86' lang='grc' dir='ltr'><strong><em>δέ,</em></strong></span> <span class='ocrx_word' id='word_1_194' title='bbox 707 1693 815 1735; x_wconf 76' lang='grc' dir='ltr'><strong><em>κατα</em></strong></span> <span class='ocrx_word' id='word_1_195' title='bbox 854 1694 964 1735; x_wconf 85' lang='grc' dir='ltr'><strong><em>νοῦν</em></strong></span> <span class='ocrx_word' id='word_1_196' title='bbox 998 1689 1118 1750; x_wconf 75' lang='grc' dir='ltr'><strong><em>αὐτῷ</em></strong></span> <span class='ocrx_word' id='word_1_197' title='bbox 1149 1708 1238 1734; x_wconf 87' lang='grc' dir='ltr'><strong><em>των</em></strong></span> <span class='ocrx_word' id='word_1_198' title='bbox 1267 1688 1535 1759; x_wconf 82' lang='grc' dir='ltr'><strong><em>πραγμάτων</em></strong></span> <span class='ocrx_word' id='word_1_199' title='bbox 1563 1694 1621 1734; x_wconf 79' lang='lat'><strong><em>52</em></strong></span> 
     </span>
     <span class='ocr_line' id='line_1_28' title="bbox 165 1737 1623 1820; baseline 0 -28"><span class='ocrx_word' id='word_1_200' title='bbox 165 1747 539 1804; x_wconf 87' lang='grc' dir='ltr'><strong><em>προχωρούντων,</em></strong></span> <span class='ocrx_word' id='word_1_201' title='bbox 575 1746 888 1820; x_wconf 83' lang='grc' dir='ltr'><strong><em>περιελάμβανε</em></strong></span> <span class='ocrx_word' id='word_1_202' title='bbox 922 1752 1015 1799; x_wconf 87' lang='grc' dir='ltr'><strong><em>ταῖς</em></strong></span> <span class='ocrx_word' id='word_1_203' title='bbox 1053 1737 1191 1791; x_wconf 79' lang='grc' dir='ltr'><strong><em>ἐλπίσι</em></strong></span> <span class='ocrx_word' id='word_1_204' title='bbox 1227 1746 1306 1803; x_wconf 81' lang='grc' dir='ltr'><strong><em>τὴν</em></strong></span> <span class='ocrx_word' id='word_1_205' title='bbox 1340 1745 1539 1790; x_wconf 86' lang='grc' dir='ltr'><strong><em>Μακεδό-</em></strong></span> <span class='ocrx_word' id='word_1_206' title='bbox 1569 1753 1623 1792; x_wconf 81' lang='lat'><strong><em>30</em></strong></span> 
     </span>
     <span class='ocr_line' id='line_1_29' title="bbox 167 1802 1540 1873; baseline -0.002 -25"><span class='ocrx_word' id='word_1_207' title='bbox 167 1822 259 1848; x_wconf 85' lang='grc' dir='ltr'><strong><em>νων</em></strong></span> <span class='ocrx_word' id='word_1_208' title='bbox 299 1806 534 1873; x_wconf 84' lang='grc' dir='ltr'><strong><em>βασιλείαν.</em></strong></span> <span class='ocrx_word' id='word_1_209' title='bbox 588 1805 657 1848; x_wconf 87' lang='grc' dir='ltr'><strong><em>διὸ</em></strong></span> <span class='ocrx_word' id='word_1_210' title='bbox 688 1806 763 1848; x_wconf 87' lang='grc' dir='ltr'><strong><em>καὶ</em></strong></span> <span class='ocrx_word' id='word_1_211' title='bbox 802 1805 1116 1860; x_wconf 87' lang='grc' dir='ltr'><strong><em>Θετταλονίκην</em></strong></span> <span class='ocrx_word' id='word_1_212' title='bbox 1153 1805 1300 1859; x_wconf 80' lang='grc' dir='ltr'><strong><em>ε’γημε,</em></strong></span> <span class='ocrx_word' id='word_1_213' title='bbox 1343 1802 1424 1873; x_wconf 82' lang='grc' dir='ltr'><strong><em>τήν</em></strong></span> <span class='ocrx_word' id='word_1_214' title='bbox 1466 1807 1540 1846; x_wconf 67' lang='grc' dir='ltr'><strong><em>Φι·</em></strong></span> 
     </span>
     <span class='ocr_line' id='line_1_30' title="bbox 168 1858 1540 1930; baseline -0.001 -26"><span class='ocrx_word' id='word_1_215' title='bbox 168 1863 331 1905; x_wconf 86' lang='grc' dir='ltr'><strong><em>λίππου</em></strong></span> <span class='ocrx_word' id='word_1_216' title='bbox 370 1861 449 1930; x_wconf 79' lang='grc' dir='ltr'><strong><em>μὲν</em></strong></span> <span class='ocrx_word' id='word_1_217' title='bbox 483 1860 726 1916; x_wconf 82' lang='grc' dir='ltr'><strong><em>θυγατέρα,</em></strong></span> <span class='ocrx_word' id='word_1_218' title='bbox 762 1860 1045 1913; x_wconf 78' lang='grc' dir='ltr'><strong><em>Ἀλεξάνδρου</em></strong></span> <span class='ocrx_word' id='word_1_219' title='bbox 1076 1861 1121 1905; x_wconf 82' lang='grc' dir='ltr'><strong><em>δὲ</em></strong></span> <span class='ocrx_word' id='word_1_220' title='bbox 1151 1860 1344 1917; x_wconf 74' lang='grc' dir='ltr'><strong><em>ἀδελφήν</em></strong></span> <span class='ocrx_word' id='word_1_221' title='bbox 1377 1858 1540 1915; x_wconf 83' lang='grc' dir='ltr'><strong><em>ὁιιοπά-</em></strong></span> 
     </span>
     <span class='ocr_line' id='line_1_31' title="bbox 168 1916 1538 1972; baseline -0.001 -12"><span class='ocrx_word' id='word_1_222' title='bbox 168 1934 310 1972; x_wconf 87' lang='grc' dir='ltr'><strong><em>τριον,</em></strong></span> <span class='ocrx_word' id='word_1_223' title='bbox 342 1916 559 1960; x_wconf 85' lang='grc' dir='ltr'><strong><em>σπεύδων</em></strong></span> <span class='ocrx_word' id='word_1_224' title='bbox 570 1918 734 1961; x_wconf 86' lang='grc' dir='ltr'><strong><em>οἰκεῖον</em></strong></span> <span class='ocrx_word' id='word_1_225' title='bbox 773 1916 910 1961; x_wconf 81' lang='grc' dir='ltr'><strong><em>αὑτὸν</em></strong></span> <span class='ocrx_word' id='word_1_226' title='bbox 949 1917 1171 1970; x_wconf 82' lang='grc' dir='ltr'><strong><em>ἀποδεῖξαι</em></strong></span> <span class='ocrx_word' id='word_1_227' title='bbox 1208 1921 1284 1972; x_wconf 83' lang='grc' dir='ltr'><strong><em>τῆς</em></strong></span> <span class='ocrx_word' id='word_1_228' title='bbox 1314 1919 1538 1971; x_wconf 85' lang='grc' dir='ltr'><strong><em>βασιλικῆς</em></strong></span> 
     </span>
     <span class='ocr_line' id='line_1_32' title="bbox 170 1972 1621 2044; baseline 0.001 -27"><span class='ocrx_word' id='word_1_229' title='bbox 170 1975 432 2044; x_wconf 87' lang='grc' dir='ltr'><strong><em>συγγενείας.</em></strong></span> <span class='ocrx_word' id='word_1_230' title='bbox 472 1973 605 2017; x_wconf 86' lang='grc' dir='ltr'><strong><em>ε’κτισε</em></strong></span> <span class='ocrx_word' id='word_1_231' title='bbox 635 1973 680 2017; x_wconf 84' lang='grc' dir='ltr'><strong><em>δὲ</em></strong></span> <span class='ocrx_word' id='word_1_232' title='bbox 709 1974 782 2017; x_wconf 87' lang='grc' dir='ltr'><strong><em>καὶ</em></strong></span> <span class='ocrx_word' id='word_1_233' title='bbox 808 1973 938 2018; x_wconf 87' lang='grc' dir='ltr'><strong><em>πόλιν</em></strong></span> <span class='ocrx_word' id='word_1_234' title='bbox 966 1975 1035 2018; x_wconf 81' lang='grc' dir='ltr'><strong><em>ἐπὶ</em></strong></span> <span class='ocrx_word' id='word_1_235' title='bbox 1061 1978 1135 2044; x_wconf 87' lang='grc' dir='ltr'><strong><em>τῆς</em></strong></span> <span class='ocrx_word' id='word_1_236' title='bbox 1165 1973 1396 2029; x_wconf 85' lang='grc' dir='ltr'><strong><em>Παλλήνης</em></strong></span> <span class='ocrx_word' id='word_1_237' title='bbox 1426 1972 1539 2026; x_wconf 83' lang='grc' dir='ltr'><strong><em>ὁμώ-</em></strong></span> <span class='ocrx_word' id='word_1_238' title='bbox 1566 1975 1621 2018; x_wconf 88' lang='grc'><strong><em>35</em></strong></span> 
     </span>
     <span class='ocr_line' id='line_1_33' title="bbox 169 2028 1540 2102; baseline -0.001 -28"><span class='ocrx_word' id='word_1_239' title='bbox 169 2046 312 2099; x_wconf 84' lang='grc' dir='ltr'><strong><em>νυμον</em></strong></span> <span class='ocrx_word' id='word_1_240' title='bbox 341 2028 481 2074; x_wconf 81' lang='grc' dir='ltr'><strong><em>αὑτοῦ</em></strong></span> <span class='ocrx_word' id='word_1_241' title='bbox 510 2028 863 2084; x_wconf 88' lang='grc' dir='ltr'><strong><em>Κασσάνδρειαν,</em></strong></span> <span class='ocrx_word' id='word_1_242' title='bbox 905 2033 965 2081; x_wconf 85' lang='grc' dir='ltr'><strong><em>εἰς</em></strong></span> <span class='ocrx_word' id='word_1_243' title='bbox 989 2030 1047 2101; x_wconf 83' lang='grc' dir='ltr'><strong><em>ἣν</em></strong></span> <span class='ocrx_word' id='word_1_244' title='bbox 1074 2029 1151 2082; x_wconf 85' lang='grc' dir='ltr'><strong><em>τάς</em></strong></span> <span class='ocrx_word' id='word_1_245' title='bbox 1178 2047 1221 2073; x_wconf 88' lang='grc' dir='ltr'><strong><em>τε</em></strong></span> <span class='ocrx_word' id='word_1_246' title='bbox 1251 2030 1297 2073; x_wconf 80' lang='grc' dir='ltr'><strong><em>ἐκ</em></strong></span> <span class='ocrx_word' id='word_1_247' title='bbox 1325 2034 1414 2102; x_wconf 81' lang='grc' dir='ltr'><strong><em>τῆς</em></strong></span> <span class='ocrx_word' id='word_1_248' title='bbox 1430 2029 1540 2082; x_wconf 78' lang='grc' dir='ltr'><strong><em>Χεῤ-</em></strong></span> 
     </span>
     <span class='ocr_line' id='line_1_34' title="bbox 171 2084 1539 2159; baseline -0.001 -28"><span class='ocrx_word' id='word_1_249' title='bbox 171 2085 365 2156; x_wconf 82' lang='grc' dir='ltr'><strong><em>ρονήσου</em></strong></span> <span class='ocrx_word' id='word_1_250' title='bbox 401 2084 548 2138; x_wconf 84' lang='grc' dir='ltr'><strong><em>πόλεις</em></strong></span> <span class='ocrx_word' id='word_1_251' title='bbox 590 2085 805 2159; x_wconf 72' lang='grc' dir='ltr'><strong><em>συνῴκισε</em></strong></span> <span class='ocrx_word' id='word_1_252' title='bbox 838 2087 913 2131; x_wconf 86' lang='grc' dir='ltr'><strong><em>καὶ</em></strong></span> <span class='ocrx_word' id='word_1_253' title='bbox 949 2087 1028 2143; x_wconf 81' lang='grc' dir='ltr'><strong><em>τήν</em></strong></span> <span class='ocrx_word' id='word_1_254' title='bbox 1069 2089 1340 2134; x_wconf 89' lang='grc' dir='ltr'><strong><em>Ποτίδαιαν,</em></strong></span> <span class='ocrx_word' id='word_1_255' title='bbox 1390 2086 1452 2130; x_wconf 89' lang='grc' dir='ltr'><strong><em>ε’τι</em></strong></span> <span class='ocrx_word' id='word_1_256' title='bbox 1492 2086 1539 2130; x_wconf 84' lang='grc' dir='ltr'><strong><em>δὲ</em></strong></span> 
     </span>
     <span class='ocr_line' id='line_1_35' title="bbox 169 2141 1540 2214; baseline -0.001 -27"><span class='ocrx_word' id='word_1_257' title='bbox 169 2147 259 2187; x_wconf 80' lang='grc' dir='ltr'><strong><em>τῶν</em></strong></span> <span class='ocrx_word' id='word_1_258' title='bbox 295 2143 508 2214; x_wconf 88' lang='grc' dir='ltr'><strong><em>σύνεγγυς</em></strong></span> <span class='ocrx_word' id='word_1_259' title='bbox 545 2144 715 2198; x_wconf 86' lang='grc' dir='ltr'><strong><em>χωρίων</em></strong></span> <span class='ocrx_word' id='word_1_260' title='bbox 753 2142 834 2187; x_wconf 82' lang='grc' dir='ltr'><strong><em>οὐκ</em></strong></span> <span class='ocrx_word' id='word_1_261' title='bbox 873 2142 1018 2199; x_wconf 88' lang='grc' dir='ltr'><strong><em>ὀλίγα·</em></strong></span> <span class='ocrx_word' id='word_1_262' title='bbox 1054 2143 1264 2201; x_wconf 71' lang='grc' dir='ltr'><strong><em>κατῴκισε</em></strong></span> <span class='ocrx_word' id='word_1_263' title='bbox 1295 2141 1339 2187; x_wconf 92' lang='grc' dir='ltr'><strong><em>δ’</em></strong></span> <span class='ocrx_word' id='word_1_264' title='bbox 1375 2144 1434 2194; x_wconf 86' lang='grc' dir='ltr'><strong><em>εἰς</em></strong></span> <span class='ocrx_word' id='word_1_265' title='bbox 1463 2141 1540 2185; x_wconf 85' lang='grc' dir='ltr'><strong><em>αύ-</em></strong></span> 
     </span>
    </p>

    <p class='ocr_par' dir='ltr' id='par_1_7' title="bbox 91 2189 1620 2314">
     <span class='ocr_line' id='line_1_36' title="bbox 91 2189 1539 2256; baseline -0.001 -12"><span class='ocrx_word' id='word_1_266' title='bbox 91 2200 249 2252; x_wconf 86' lang='grc' dir='ltr'><strong><em>358τὴν</em></strong></span> <span class='ocrx_word' id='word_1_267' title='bbox 276 2200 351 2243; x_wconf 86' lang='grc' dir='ltr'><strong><em>καὶ</em></strong></span> <span class='ocrx_word' id='word_1_268' title='bbox 380 2216 469 2243; x_wconf 89' lang='grc' dir='ltr'><strong><em>των</em></strong></span> <span class='ocrx_word' id='word_1_269' title='bbox 492 2198 734 2244; x_wconf 83' lang='grc' dir='ltr'><strong><em>Ὀλυνθίων</em></strong></span> <span class='ocrx_word' id='word_1_270' title='bbox 762 2200 865 2252; x_wconf 81' lang='grc' dir='ltr'><strong><em>τούς</em></strong></span> <span class='ocrx_word' id='word_1_271' title='bbox 893 2189 1260 2256; x_wconf 80' lang='grc' dir='ltr'><strong><em>διασωζομένους,</em></strong></span> <span class='ocrx_word' id='word_1_272' title='bbox 1298 2199 1426 2250; x_wconf 81' lang='grc' dir='ltr'><strong><em>ὄντας</em></strong></span> <span class='ocrx_word' id='word_1_273' title='bbox 1456 2198 1539 2242; x_wconf 80' lang='grc' dir='ltr'><strong><em>οὐκ</em></strong></span> 
     </span>
     <span class='ocr_line' id='line_1_37' title="bbox 171 2255 1620 2348; baseline 0.001 -48"><span class='ocrx_word' id='word_1_274' title='bbox 171 2255 356 2313; x_wconf 87' lang='grc' dir='ltr'><strong><em>ὀλίγους.</em></strong></span> <span class='ocrx_word' id='word_1_275' title='bbox 395 2260 555 2348; x_wconf 85' lang='grc' dir='ltr'><strong><em>πολλῆς</em></strong></span> <span class='ocrx_word' id='word_1_276' title='bbox 583 2257 629 2301; x_wconf 78' lang='grc' dir='ltr'><strong><em>δὲ</em></strong></span> <span class='ocrx_word' id='word_1_277' title='bbox 653 2256 798 2314; x_wconf 81' lang='grc' dir='ltr'><strong><em>χώρας</em></strong></span> <span class='ocrx_word' id='word_1_278' title='bbox 824 2259 1186 2314; x_wconf 86' lang='grc' dir='ltr'><strong><em>προςορισθείσης</em></strong></span> <span class='ocrx_word' id='word_1_279' title='bbox 1217 2261 1308 2309; x_wconf 88' lang='grc' dir='ltr'><strong><em>τοῖς</em></strong></span> <span class='ocrx_word' id='word_1_280' title='bbox 1336 2259 1535 2300; x_wconf 87' lang='grc' dir='ltr'><strong><em>Κασσαν-</em></strong></span> <span class='ocrx_word' id='word_1_281' title='bbox 1565 2256 1620 2301; x_wconf 84' lang='grc'><strong><em>40</em></strong></span> 
     </span>
    </p>
   </div>
   <div class='ocr_carea' id='block_1_3' title="bbox 171 2390 1540 2816">
    <p class='ocr_par' dir='ltr' id='par_1_8' title="bbox 171 2390 1540 2808">
     <span class='ocr_line' id='line_1_38' title="bbox 171 2390 1538 2452; baseline 0.002 -27"><span class='ocrx_word' id='word_1_282' title='bbox 171 2391 205 2426; x_wconf 81' lang='grc'><strong><em>3.</em></strong></span> <span class='ocrx_word' id='word_1_283' title='bbox 249 2393 493 2448; x_wconf 78' lang='grc' dir='ltr'><strong><em>καταγνοῦσα]</em></strong></span> <span class='ocrx_word' id='word_1_284' title='bbox 521 2390 734 2452; x_wconf 79' lang='grc' dir='ltr'><strong><em>α’πογνοῦσα</em></strong></span> <span class='ocrx_word' id='word_1_285' title='bbox 757 2395 786 2428; x_wconf 88' lang='lat' dir='ltr'>V</span> <span class='ocrx_word' id='word_1_286' title='bbox 966 2394 999 2428; x_wconf 82' lang='grc'><strong><em>6.</em></strong></span> <span class='ocrx_word' id='word_1_287' title='bbox 1039 2391 1081 2430; x_wconf 83' lang='grc' dir='ltr'><strong><em>δ’</em></strong></span> <span class='ocrx_word' id='word_1_288' title='bbox 1105 2394 1135 2428; x_wconf 83' lang='lat' dir='ltr'><strong>F</strong></span> <span class='ocrx_word' id='word_1_289' title='bbox 1315 2395 1349 2428; x_wconf 75' lang='lat'><strong><em>7.</em></strong></span> <span class='ocrx_word' id='word_1_290' title='bbox 1389 2392 1538 2438; x_wconf 76' lang='grc' dir='ltr'><strong><em>ἑτοίμης</em></strong></span> 
     </span>
     <span class='ocr_line' id='line_1_39' title="bbox 173 2435 1538 2495; baseline 0.001 -22"><span class='ocrx_word' id='word_1_291' title='bbox 173 2435 301 2484; x_wconf 87' lang='grc' dir='ltr'><strong><em>ουσης]</em></strong></span> <span class='ocrx_word' id='word_1_292' title='bbox 326 2436 438 2483; x_wconf 82' lang='grc' dir='ltr'><strong><em>οὔσης</em></strong></span> <span class='ocrx_word' id='word_1_293' title='bbox 461 2438 637 2495; x_wconf 76' lang='grc' dir='ltr'><strong><em>ἐκείνης</em></strong></span> <span class='ocrx_word' id='word_1_294' title='bbox 625 2443 771 2487; x_wconf 85' lang='grc' dir='ltr'><strong><em>ετοίμης</em></strong></span> <span class='ocrx_word' id='word_1_295' title='bbox 792 2439 852 2475; x_wconf 83' lang='lat' dir='ltr'><strong><em>FV</em></strong></span> <span class='ocrx_word' id='word_1_296' title='bbox 990 2437 1111 2475; x_wconf 86' lang='grc' dir='ltr'><strong><em>10.τὸ</em></strong></span> <span class='ocrx_word' id='word_1_297' title='bbox 1139 2439 1263 2484; x_wconf 79' lang='grc' dir='ltr'><strong><em>ἔθνος]</em></strong></span> <span class='ocrx_word' id='word_1_298' title='bbox 1291 2438 1402 2481; x_wconf 72' lang='grc' dir='ltr'><strong><em>ἔθνος</em></strong></span> <span class='ocrx_word' id='word_1_299' title='bbox 1419 2452 1538 2475; x_wconf 74' lang='lat' dir='ltr'><strong>omnes</strong></span> 
     </span>
     <span class='ocr_line' id='line_1_40' title="bbox 353 2485 1539 2540; baseline 0.003 -21"><span class='ocrx_word' id='word_1_300' title='bbox 353 2485 409 2519; x_wconf 85' lang='lat'><strong><em>12.</em></strong></span> <span class='ocrx_word' id='word_1_301' title='bbox 455 2498 542 2526; x_wconf 85' lang='grc' dir='ltr'><strong><em>τους</em></strong></span> <span class='ocrx_word' id='word_1_302' title='bbox 572 2497 643 2524; x_wconf 83' lang='grc' dir='ltr'><strong><em>οιιι.</em></strong></span> <span class='ocrx_word' id='word_1_303' title='bbox 672 2488 704 2521; x_wconf 78' lang='lat' dir='ltr'>F</span> <span class='ocrx_word' id='word_1_304' title='bbox 901 2486 957 2520; x_wconf 85' lang='lat'><strong><em>21.</em></strong></span> <span class='ocrx_word' id='word_1_305' title='bbox 1001 2486 1239 2540; x_wconf 85' lang='grc' dir='ltr'><strong><em>γεγενημένην</em></strong></span> <span class='ocrx_word' id='word_1_306' title='bbox 1270 2486 1460 2532; x_wconf 82' lang='grc' dir='ltr'><strong><em>θυγατέρα</em></strong></span> <span class='ocrx_word' id='word_1_307' title='bbox 1493 2505 1539 2512; x_wconf 88' lang='lat'><strong><em>—-</em></strong></span> 
     </span>
     <span class='ocr_line' id='line_1_41' title="bbox 173 2526 1538 2575; baseline 0.002 -11"><span class='ocrx_word' id='word_1_308' title='bbox 173 2526 340 2575; x_wconf 72' lang='grc' dir='ltr'><strong><em>ἀδελφὴν</em></strong></span> <span class='ocrx_word' id='word_1_309' title='bbox 362 2550 407 2555; x_wconf 87' lang='grc'>-</span> <span class='ocrx_word' id='word_1_310' title='bbox 430 2530 545 2574; x_wconf 80' lang='grc' dir='ltr'><strong><em>γυνὴν</em></strong></span> <span class='ocrx_word' id='word_1_311' title='bbox 568 2532 599 2566; x_wconf 81' lang='lat' dir='ltr'>F</span> <span class='ocrx_word' id='word_1_312' title='bbox 778 2532 837 2568; x_wconf 80' lang='lat'><strong><em>23.</em></strong></span> <span class='ocrx_word' id='word_1_313' title='bbox 884 2531 1167 2575; x_wconf 77' lang='grc' dir='ltr'><strong><em>στρατεύσαντος</em></strong></span> <span class='ocrx_word' id='word_1_314' title='bbox 1188 2533 1298 2567; x_wconf 82' lang='lat' dir='ltr'><strong>va</strong></span> <span class='ocrx_word' id='word_1_315' title='bbox 1320 2535 1424 2575; x_wconf 60' lang='lat' dir='ltr'><strong><em>Bas„</em></strong></span> <span class='ocrx_word' id='word_1_316' title='bbox 1459 2544 1538 2567; x_wconf 82' lang='lat' dir='ltr'><strong>cae-</strong></span> 
     </span>
     <span class='ocr_line' id='line_1_42' title="bbox 172 2558 1537 2633; baseline 0.003 -24"><span class='ocrx_word' id='word_1_317' title='bbox 172 2577 238 2610; x_wconf 75' lang='lat' dir='ltr'><strong><em>teri</em></strong></span> <span class='ocrx_word' id='word_1_318' title='bbox 261 2582 472 2621; x_wconf 76' lang='lat' dir='ltr'><strong>praeponunt</strong></span> <span class='ocrx_word' id='word_1_319' title='bbox 494 2577 776 2633; x_wconf 80' lang='grc' dir='ltr'><strong><em>βασιλεύσαντος</em></strong></span> <span class='ocrx_word' id='word_1_320' title='bbox 799 2579 883 2620; x_wconf 77' lang='grc' dir='ltr'><strong><em>καὶ,</em></strong></span> <span class='ocrx_word' id='word_1_321' title='bbox 914 2589 1002 2623; x_wconf 81' lang='lat' dir='ltr'>quae</span> <span class='ocrx_word' id='word_1_322' title='bbox 1032 2580 1195 2613; x_wconf 77' lang='lat' dir='ltr'><strong>asterisco</strong></span> <span class='ocrx_word' id='word_1_323' title='bbox 1223 2580 1359 2614; x_wconf 85' lang='lat' dir='ltr'>notavit</span> <span class='ocrx_word' id='word_1_324' title='bbox 1381 2558 1537 2623; x_wconf 57' lang='lat' dir='ltr'><strong>St&#39;epha-</strong></span> 
     </span>
     <span class='ocr_line' id='line_1_43' title="bbox 171 2623 1516 2669; baseline 0.002 -14"><span class='ocrx_word' id='word_1_325' title='bbox 171 2633 236 2656; x_wconf 80' lang='lat' dir='ltr'><strong><em>nus</em></strong></span> <span class='ocrx_word' id='word_1_326' title='bbox 415 2623 473 2659; x_wconf 81' lang='lat'><strong><em>27.</em></strong></span> <span class='ocrx_word' id='word_1_327' title='bbox 519 2623 689 2660; x_wconf 83' lang='grc' dir='ltr'><strong><em>κάλλιστα</em></strong></span> <span class='ocrx_word' id='word_1_328' title='bbox 708 2626 928 2669; x_wconf 65' lang='grc' dir='ltr'><strong><em>ῈΩΤῊἺΥ,</em></strong></span> <span class='ocrx_word' id='word_1_329' title='bbox 951 2624 1127 2669; x_wconf 84' lang='grc' dir='ltr'><strong><em>μάλλιστα</em></strong></span> <span class='ocrx_word' id='word_1_330' title='bbox 1149 2626 1193 2667; x_wconf 84' lang='lat' dir='ltr'><strong><em>X,</em></strong></span> <span class='ocrx_word' id='word_1_331' title='bbox 1215 2626 1342 2661; x_wconf 82' lang='lat' dir='ltr'><strong>caeteri</strong></span> <span class='ocrx_word' id='word_1_332' title='bbox 1367 2625 1516 2669; x_wconf 78' lang='grc' dir='ltr'><strong><em>μέγιστα</em></strong></span> 
     </span>
     <span class='ocr_line' id='line_1_44' title="bbox 263 2667 1538 2724; baseline 0.002 -22"><span class='ocrx_word' id='word_1_333' title='bbox 263 2667 320 2703; x_wconf 86' lang='grc'><strong><em>30.</em></strong></span> <span class='ocrx_word' id='word_1_334' title='bbox 368 2668 603 2704; x_wconf 82' lang='grc' dir='ltr'><strong><em>Μακεδόνων</em></strong></span> <span class='ocrx_word' id='word_1_335' title='bbox 632 2673 844 2717; x_wconf 79' lang='grc' dir='ltr'><strong><em>βασιλείαν]</em></strong></span> <span class='ocrx_word' id='word_1_336' title='bbox 890 2673 1131 2707; x_wconf 79' lang='grc' dir='ltr'><strong><em>Μακεδονίαν</em></strong></span> <span class='ocrx_word' id='word_1_337' title='bbox 1162 2670 1223 2707; x_wconf 76' lang='grc' dir='ltr'><strong><em>καὶ</em></strong></span> <span class='ocrx_word' id='word_1_338' title='bbox 1252 2671 1320 2716; x_wconf 80' lang='grc' dir='ltr'><strong><em>τήν</em></strong></span> <span class='ocrx_word' id='word_1_339' title='bbox 1350 2672 1538 2724; x_wconf 84' lang='grc' dir='ltr'><strong><em>βασιλείαν</em></strong></span> 
     </span>
     <span class='ocr_line' id='line_1_45' title="bbox 173 2711 1540 2762; baseline -0.002 -8"><span class='ocrx_word' id='word_1_340' title='bbox 173 2711 288 2756; x_wconf 64' lang='grc' dir='ltr'><strong><em>αὐτῆς</em></strong></span> <span class='ocrx_word' id='word_1_341' title='bbox 311 2714 375 2756; x_wconf 79' lang='lat' dir='ltr'><strong><em>QX</em></strong></span> <span class='ocrx_word' id='word_1_342' title='bbox 556 2715 612 2751; x_wconf 79' lang='grc'><strong><em>31.</em></strong></span> <span class='ocrx_word' id='word_1_343' title='bbox 664 2718 794 2762; x_wconf 83' lang='grc' dir='ltr'><strong><em>Θεττ.]</em></strong></span> <span class='ocrx_word' id='word_1_344' title='bbox 822 2719 927 2754; x_wconf 85' lang='grc' dir='ltr'><strong><em>Θεσσ.</em></strong></span> <span class='ocrx_word' id='word_1_345' title='bbox 951 2729 1067 2751; x_wconf 84' lang='lat' dir='ltr'><strong>omnes</strong></span> <span class='ocrx_word' id='word_1_346' title='bbox 1240 2718 1298 2753; x_wconf 79' lang='lat'><strong><em>35.</em></strong></span> <span class='ocrx_word' id='word_1_347' title='bbox 1348 2717 1540 2762; x_wconf 81' lang='grc' dir='ltr'><strong><em>Παλλήνης</em></strong></span> 
     </span>
     <span class='ocr_line' id='line_1_46' title="bbox 171 2760 1365 2816; baseline 0.003 -23"><span class='ocrx_word' id='word_1_348' title='bbox 171 2760 360 2816; x_wconf 73' lang='lat' dir='ltr'>FQTWX,</span> <span class='ocrx_word' id='word_1_349' title='bbox 379 2761 568 2815; x_wconf 80' lang='grc' dir='ltr'><strong><em>Παλλίνης</em></strong></span> <span class='ocrx_word' id='word_1_350' title='bbox 590 2762 632 2805; x_wconf 92' lang='lat' dir='ltr'><strong><em>V,</em></strong></span> <span class='ocrx_word' id='word_1_351' title='bbox 654 2764 780 2798; x_wconf 78' lang='lat' dir='ltr'><strong>caeteri</strong></span> <span class='ocrx_word' id='word_1_352' title='bbox 802 2761 1010 2808; x_wconf 77' lang='grc' dir='ltr'><strong><em>Πελλήνηςε</em></strong></span> <span class='ocrx_word' id='word_1_353' title='bbox 1036 2764 1128 2799; x_wconf 74' lang='lat' dir='ltr'><strong>conf.</strong></span> <span class='ocrx_word' id='word_1_354' title='bbox 1151 2775 1185 2808; x_wconf 77' lang='lat' dir='ltr'><strong><em>p.</em></strong></span> <span class='ocrx_word' id='word_1_355' title='bbox 1207 2763 1286 2798; x_wconf 78' lang='lat'><strong>315.</strong></span> <span class='ocrx_word' id='word_1_356' title='bbox 1309 2763 1365 2797; x_wconf 77' lang='lat'><strong><em>42.</em></strong></span> 
     </span>
    </p>
   </div>
   <div class='ocr_carea' id='block_1_4' title="bbox 175 2803 1357 2852">
    <p class='ocr_par' dir='ltr' id='par_1_9' title="bbox 175 2803 1357 2852">
     <span class='ocr_line' id='line_1_47' title="bbox 175 2803 1357 2852; baseline 0.003 -12"><span class='ocrx_word' id='word_1_357' title='bbox 175 2803 318 2850; x_wconf 80' lang='grc' dir='ltr'><strong><em>αυτοῦ]</em></strong></span> <span class='ocrx_word' id='word_1_358' title='bbox 341 2803 440 2852; x_wconf 82' lang='grc' dir='ltr'><strong><em>αυτῷ</em></strong></span> <span class='ocrx_word' id='word_1_359' title='bbox 464 2807 540 2842; x_wconf 82' lang='lat' dir='ltr'><strong><em>VW</em></strong></span> <span class='ocrx_word' id='word_1_360' title='bbox 720 2811 772 2852; x_wconf 82' lang='grc' dir='ltr'><strong><em>εἰς</em></strong></span> <span class='ocrx_word' id='word_1_361' title='bbox 793 2829 838 2836; x_wconf 92' lang='grc'>-</span> <span class='ocrx_word' id='word_1_362' title='bbox 860 2810 919 2845; x_wconf 79' lang='grc'><strong><em>37.</em></strong></span> <span class='ocrx_word' id='word_1_363' title='bbox 947 2809 1156 2846; x_wconf 86' lang='grc' dir='ltr'><strong><em>Ποτίδαιαν</em></strong></span> <span class='ocrx_word' id='word_1_364' title='bbox 1179 2821 1249 2845; x_wconf 87' lang='grc' dir='ltr'><strong><em>οιιι.</em></strong></span> <span class='ocrx_word' id='word_1_365' title='bbox 1274 2811 1357 2845; x_wconf 80' lang='lat' dir='ltr'><strong><em>Bas.</em></strong></span> 
     </span>
    </p>
   </div>
  </div>
 </body>
</html>
