1820 3249
279 132 393 173 1556
641 125 758 167 LIB.
787 123 876 166 XX.
937 124 1310 169 GAP.105.1⁰6

280 237 533 308 προςέθετο,
553 236 661 292 τοὺς
679 237 726 280 65
755 237 1055 308 Ταραντίνους
1072 237 1146 280 καὶ
1174 240 1264 280 τῶν
1283 235 1426 306 ᾅλλων
1455 251 1576 286 τινας
1594 250 1673 278 πυ-

281 296 475 367 θόμενος
495 293 809 362 αφεστηκεναι,
815 296 892 363 τῆς
910 292 989 349 μὲν
995 292 1241 364 Κερκύρας
1251 291 1340 365 τὴν
1359 291 1516 365 ἱκανὴν
1535 297 1673 361 φυλα-

205 358 256 401 15
285 353 368 409 κήν
405 346 630 423 ἀπέλιπέ,
648 349 755 423 μετὰ
792 349 839 394 ’δὲ
876 355 959 421 τῆς
990 346 1125 419 ἄλλης
1148 348 1392 421 δυνάμεως
1416 348 1534 393 ἔπλει
1563 348 1674 392 κατοέ

288 409 490 478 σπουδὴν
517 407 598 455 ἐπὶ
606 410 691 476 ’ἰηξΰ
707 402 912 459 Ἰταλίαν,
924 406 998 480 ὦς’
1016 404 1219 460 κολάσων
1242 406 1347 460 τούς
1366 406 1673 456 ἀπειθοῦντας

287 468 491 523 προσχὼν
514 466 568 509 65
578 467 649 523 ’τῇ
665 462 799 533 χώρα
828 463 936 508 καθ’
955 459 1020 508 ὃν
1056 463 1209 509 τόπον
1222 461 1490 524 ἐφύλαττον
1500 463 1544 506 οἱ
1572 460 1677 517 βάρ-

284 526 458 597 βαροι,
467 521 573 595 τήν
596 523 675 585 μὲν
712 519 852 565 πόλιν
883 510 1005 579 ἑλών
1031 520 1467 592 ἐξηνδραποδίσατο,
1509 518 1590 575 τὴν
1630 519 1677 562 65

283 582 432 639 χώραν
457 575 759 635 ἐλεηλάτησεν.
809 576 972 633 ὁμοίως
1003 577 1048 621 65
1078 577 1127 620 τὸ
1158 578 1433 633 καλούμενον
1464 576 1678 646 Τριόπιον

201 647 256 685 20
286 636 631 707 εκπολιορκησας
662 637 721 688 είς
749 637 1009 690 τριςχιλίους
1038 633 1191 703 ἔλαβεν
1216 635 1529 689 αἰχμαλώτους.
1569 629 1676 677 καθ’

288 694 341 742 ὃν
371 695 424 751 δὴ
457 693 623 765 χρόνον
657 695 700 735 οἱ
729 691 809 748 μὲν
839 691 924 735 ἀπὸ
955 708 1031 747 τ7,ς
1068 691 1213 746 χώρας
1243 692 1462 747 βάρβαροι
1493 692 1681 744 συνδρα-

286 752 442 823 μόντες
473 751 680 811 ἐπέθεντο
710 747 871 800 νυκτὸς
899 765 953 805 τῃ
988 750 1324 818 στρατοπεδεία·
1356 748 1430 790 καὶ
1459 764 1595 804 μαχης
1615 763 1681 802 γε·

286 809 473 866 νομένης
521 805 700 851 ἀνεῖλον
750 809 841 848 τῶν
893 821 999 859 μετα
1045 804 1341 875 Κλεωνύμου
1369 807 1553 854 πλείους
1593 807 1682 847 τῶν

289 868 554 915 διακοσίων,
584 861 835 933 ἐζώγρησαν
865 862 912 906 65
941 861 1042 916 περὶ
1071 864 1250 918 χιλίους.
1313 859 1403 914 ἅμα
1434 862 1480 906 65
1507 864 1567 916 τῷ
1592 876 1684 903 κιν-

203 928 258 971 25
290 923 412 980 δύνῳ
452 920 596 980 τούτῳ
626 919 789 989 χειμών
817 918 1123 988 ἐπιγενόμενος
1153 922 1293 963 είκοσι
1332 922 1421 962 τῶν
1459 922 1574 962 νεών
1603 915 1685 961 διέ-

291 987 450 1038 φθειρε
478 966 668 1049 πλησίον
687 975 936 1031 ὁρμουσῶν
964 981 1043 1032 τῆς
1072 980 1361 1032 παρεμβολῆς.
1410 973 1433 1018 ὁ
1464 975 1511 1019 65
1542 972 1685 1017 Κλεώ-

287 1055 428 1094 νυμος
458 1037 587 1080 δυσὶν
617 1032 888 1088 ἐλαττώμασι
906 1033 1184 1089 τηλικούτοις
1205 1032 1453 1088 περιπεσών
1478 1031 1685 1075 απέπλευ-

290 1107 336 1140 σε
366 1110 471 1152 μετα
487 1096 580 1149 τῆς
612 1091 837 1146 δυνάμεως
867 1091 927 1142 εἰς
957 1107 1037 1147 την
1073 1091 1322 1147 Κέρκυραν

179 1183 261 1222 106
412 1176 505 1217 Τοῦ
554 1169 598 1215 δ’
643 1171 872 1215 ἐνιαυσίου
918 1169 1082 1242 χρόνου
1131 1169 1443 1240 διεληλυθότος
1481 1165 1687 1239 Ἀθήνησι

206 1242 260 1281 30
291 1233 371 1304 μὲν
410 1227 466 1287 ἧν
497 1227 645 1285 ἅρχων
674 1231 918 1283 Νικοκλῆς,
959 1227 1006 1270 ἐν
1030 1226 1175 1284 Ῥώμῃ
1218 1227 1265 1271 65
1303 1227 1382 1295 τὴν
1411 1226 1582 1269 ύπατον
1614 1225 1688 1278 οΞρ

291 1289 374 1362 χήν
415 1286 662 1338 διεδέξαντο
701 1285 892 1338 Μάρκος
930 1285 1085 1338 Λίβιος
1129 1284 1206 1336 καὶ
1247 1282 1436 1339 Μαρκος
1475 1283 1688 1337 Αἰμίλιος.

293 1348 363 1392 ἐπὶ
395 1345 440 1389 65
469 1343 641 1387 τούτων
661 1341 955 1412 Κάσσανδρος
986 1340 1010 1385 6
1034 1330 1317 1385 Μακεδόνων
1347 1338 1551 1409 βασιλεὺς
1569 1338 1691 1394 ὁρῶν

293 1404 376 1473 τὴν
418 1401 612 1454 δύναμιν
654 1403 742 1442 τῶν
776 1396 997 1453 Ἑλλήνων
1040 1397 1287 1469 αὐξομένην
1324 1414 1396 1441 και
1435 1395 1577 1439 πάντα
1614 1395 1692 1438 τὸν

210 1465 264 1508 35
295 1460 492 1514 πόλεμον
531 1457 601 1500 ἐπὶ
630 1456 712 1512 τὴν
742 1457 1031 1499 Μακεδονίαν
1072 1454 1415 1511 συνιστάμενον,
1446 1454 1693 1522 περίφοβος

294 1522 350 1576 ἡν
387 1515 499 1569 ὑπὲρ
539 1517 622 1557 τοῦ
662 1513 911 1586 μέλλοντρς.
985 1511 1136 1569 διόπερ
1179 1512 1391 1581 ἐξέπεμψε
1421 1507 1694 1580 πρεσβευτὰς

296 1572 408 1645 πρὸς
434 1572 687 1643 ’Avvt'yoqu
718 1571 778 1620 είς
807 1569 887 1626 τήν
914 1567 1073 1622 Ἀσίαν,
1099 1569 1232 1622 αξιιόν
1264 1567 1559 1613 διαλύσασθαι
1582 1565 1695 1622 πρὸς

299 1630 447 1675 αὐτόν.
509 1627 868 1699 αποκριναμένου
911 1625 955 1669 δ’
987 1627 1157 1670 ἐκείνου
1189 1625 1302 1697 διότι
1346 1627 1453 1679 μίαν
1489 1625 1696 1693 γινώσκει

298 1688 522 1737 διάλυσιν,
566 1685 645 1729 ἐαν
675 1684 698 1727 ὁ
735 1682 1028 1755 Κασσανδρος
1064 1684 1272 1738 ἐπιτρέπῃ
1302 1683 1357 1726 τοὶ
1396 1680 1508 1726 καθ’
1541 1679 1695 1728 αυτόν

212 1748 267 1790 40
298 1743 589 1798 καταπλαγεὶς
636 1743 897 1797 Λυσίμαχον
947 1741 994 1784 ἐκ
1038 1745 1115 1798 τῆς
1168 1741 1358 1813 Θράκης
1394 1739 1695 1810 μετεπέμψατο

298 1802 411 1858 πρὸς
439 1800 520 1868 τὴν
549 1802 638 1841 τῶν
670 1799 787 1842 ὅλων
816 1802 1149 1854 κοινοπραγίαν.
1209 1796 1276 1842 οἷεὶ
1304 1813 1390 1854 γαρ
1421 1795 1569 1840 εἰώθει
1597 1811 1698 1838 του-

299 1876 378 1904 τον
407 1855 519 1903 κατοὶ
549 1855 654 1907 τοὺς
683 1857 913 1926 μεγίστους
937 1857 1113 1926 φόβους
1145 1856 1203 1906 εἷς
1233 1854 1313 1911 τὴν
1333 1854 1549 1924 βοήθειαν
1570 1867 1698 1921 προς-

291 1914 607 1984 λαμβάνεσθαι
637 1912 710 1956 διά
739 1928 785 1956 τε
814 1929 895 1968 την
908 1910 1115 1973 τανδρός
1148 1910 1307 1968 ἀρετην
1336 1912 1409 1955 καὶ
1440 1910 1513 1954 διὰ
1541 1908 1591 1952 τὸ
1618 1907 1698 1965 τήν
1710 1922 1777 1958 433

214 1980 269 2022 45
300 1974 553 2044 βασιλείαν
541 1968 680 2014 αὐτοῦ
697 1969 866 2027 ὅμορον
884 1965 996 2013 εἶναι
1011 1971 1348 2043 τῇΜακεδονίᾳ.
1383 1966 1701 2022 συνεδρεύσαν-

299 2048 367 2082 τες
398 2031 480 2073 οὐν
510 2030 553 2071 οἱ
583 2029 777 2083 βασιλεῖς
808 2027 933 2069 οὑτοι
963 2028 1061 2096 περὶ
1097 2030 1178 2069 τοῦ
1208 2028 1367 2070 κοινοῦ
1398 2025 1702 2095 συμφέροντος
1734 2054 1738 2057 ,

299 2087 544 2143 ἐξέπεμψαν
579 2081 861 2153 πρεσβευτας
886 2081 998 2137 πρός
1036 2099 1081 2127 τε
1122 2087 1402 2153 Πτολεμαῖον
1446 2081 1526 2125 τόν
1564 2078 1701 2136 Αἰγύ-

300 2161 415 2189 πτου
455 2141 636 2210 βασιλέα
675 2141 750 2184 καὶ
779 2140 891 2195 πρὸς
921 2141 1145 2185 Σέλευκον
1183 2139 1263 2183 τόν
1293 2143 1383 2183 τῶν
1422 2138 1514 2182 ἅνω
1546 2148 1701 2207 σατρα-

302 2206 440 2246 πειῶν
480 2196 773 2269 κυριεύοντα,
816 2197 917 2251 περί
956 2213 1001 2241 τε
1046 2201 1121 2254 τῆς
1166 2195 1480 2269 ὑπερηφανίας
1526 2198 1612 2265 τῆς
1653 2191 1708 2236 ἐν’

220 2264 276 2307 50
304 2264 400 2310 ταῖς
441 2256 726 2311 αποκρίσεσιν
756 2253 1067 2311 ἐμφανίζοντες
1106 2254 1181 2299 καὶ
1209 2253 1288 2298 τὸν
1318 2254 1366 2297 ἐκ
1394 2255 1480 2297 τοῦ
1508 2249 1702 2306 πολέμου

302 2417 360 2452 13.
399 2413 615 2460 Κερκύρας]
653 2413 853 2458 Κορκύρας
874 2414 905 2449 Y
929 2414 1012 2449 Bas.
1155 2415 1214 2449 17
1249 2411 1479 2457 ἐφύλαττον]
1505 2410 1589 2445 libri
1614 2408 1705 2454 ἐφύ-

306 2467 462 2499 λασσονι
489 2461 559 2496 οὐκ
584 2463 680 2496 addit
704 2462 857 2496 Sintenis
1021 2459 1154 2505 πόλιν]
1181 2461 1308 2495 excidit
1331 2471 1477 2500 nomen,
1505 2462 1564 2491 aut
1588 2457 1703 2491 x.12.

315 2509 573 2554 Ταραντίνους
596 2514 801 2552 corruptum
826 2520 861 2541 es
866 2511 877 2540 t
1005 2507 1061 2541 23.
1088 2508 1302 2551 διακοσίων]
1323 2505 1569 2559 τετρακοσίων
1593 2503 1706 2546 FQW

448 2556 506 2590 28.
531 2557 596 2599 τῆς
620 2555 828 2599 δυνάμεως]
848 2552 1042 2598 δυνάμεως
1064 2554 1147 2588 Bae.
1278 2551 1493 2606 Κέρκυραν]
1506 2548 1706 2592 Κόρκυραν

310 2604 342 2637 Y
367 2604 449 2637 Bas.
565 2600 624 2636 29.
650 2599 928 2645 διεληλυθότος]
956 2598 1172 2640 διελθόντος
1195 2601 1226 2634 F
1350 2599 1409 2633 88.
1434 2595 1707 2640 διότι-γινω-

310 2650 401 2693 σκει]
422 2645 634 2691 δεινότερον
658 2667 703 2672 -—
725 2647 917 2703 γινώσκειν
942 2647 1023 2690 QW
1047 2651 1082 2681 et
1103 2646 1164 2691 qui
1188 2647 1224 2680 in
1247 2646 1408 2692 margine
1430 2658 1486 2691 γρ.
1511 2641 1609 2679 διότι
1631 2640 1662 2676 F

404 2692 425 2729 6
450 2707 520 2730 om.
545 2695 576 2728 F
715 2692 774 2729 42.
798 2690 882 2750 viv.
891 2705 961 2727 om.
985 2693 1016 2727 F

401 2741 482 2775 483.
528 2740 586 2777 43.
609 2737 786 2786 τάνδρός]
811 2741 882 2777 τοῦ
906 2737 1046 2785 ἀνδρὸς
1067 2739 1099 2773 F
1284 2739 1342 2775 44.
1371 2736 1563 2784 βασιλείαν
1589 2732 1708 2770 αὐτοῦ

311 2787 408 2830 Bw,
439 2787 571 2822 caeteri
599 2787 792 2834 βασιλείαν
