1820 3249
424 166 540 207 LIB.
571 165 662 206 XX.
722 165 977 210 CAP.100
1009 169 1103 210 101
1355 167 1467 211 1551

81 281 220 337 πάσης
266 281 342 336 τῆς
379 275 628 333 δυνάμεως,
669 276 742 320 καὶ
759 277 1005 335 κομισθεὶς
1045 276 1118 321 διά
1156 276 1317 350 ’νήσων
1347 277 1470 321 κατέ-

82 343 239 382 πλευσε
268 341 343 407 τῆς
371 336 586 386 Βοιωτίας
616 335 676 385 εἰς
706 328 860 378 Αὖλιν.
919 334 1125 379 σπεύδων
1156 333 1201 378 δ’
1233 335 1470 390 ἐλευθερῶ-

85 410 160 439 σαι
199 393 304 445 τοὺς
321 391 554 464 Ἕλληνας,
586 392 630 433 οἱ
665 390 749 447 γάρ
778 391 879 445 περὶ
908 392 1201 447 Κάσσανδρον
1230 393 1306 435 καὶ
1326 396 1470 435 HoAv-

84 452 328 507 σπέρχοντα
348 448 428 494 τόν
448 448 701 503 ἔμπροσθεν
729 447 892 518 χρόνον
922 448 1071 493 ἄδειαν
1099 448 1361 506 ἐσχηκότες’
1345 448 1469 518 επόρ
1498 448 1553 492 35

83 516 202 552 θουν
238 508 292 550 τὰ
321 509 500 549 πλεῖστα
538 505 646 560 μέρη
673 509 761 573 τῆς
794 503 1022 558 Ελλάδος,
1062 510 1242 560 πρῶτον
1279 522 1359 561 μεν
1387 505 1469 562 τὴν

85 563 338 608 Χαλκιδέων
365 561 496 605 πόλιν
523 560 810 631 ηλευθέρωσε,
843 563 1185 619 φρουρουμένην
1213 561 1301 606 υπὸ
1331 565 1470 605 Βοιω-

4 627 72 666 479
84 637 195 674 των,
223 620 296 664 καὶ
325 635 431 669 τους
458 618 570 662 κατὰ
597 617 676 674 τήν
706 620 926 662 Βοιωτίαν
953 619 1338 676 καταπληξάμενος
1356 617 1473 689 ἠνά-

83 689 244 735 γκασεν
283 674 531 732 οἷποστῆναι
576 679 653 732 τῆς
692 674 990 730 Κασσάνδρου
1035 678 1198 747 φιλίας.
1264 675 1371 732 μετὰ
1423 676 1471 720 δὲ

81 738 220 779 ταῦτα
257 733 370 787 πρὸς
407 733 487 788 μὲν
515 731 741 783 Αἰτωλούς
781 735 1029 803 συμμαχίαν
1072 732 1329 788 ἐποιήσατο,
1361 733 1472 787 πρὸς
1500 732 1556 775 40

83 792 130 835 δὲ
157 807 266 842 τους
304 790 405 845 περὶ
437 788 809 844 Πολυσπέρχοντα
838 790 912 833 καὶ
941 789 1236 845 Κάσσανδρον
1266 791 1472 833 διαπολε-

83 853 180 904 μεῖν
219 845 571 917 παρεσκευάζετο.
630 845 720 901 ἅμα
749 847 795 890 δὲ
823 846 998 897 τούτοις
1035 846 1353 917 πραττομένοις
1381 845 1471 889 Ev'-

81 910 222 974 μηλος
251 905 332 960 μὲν
371 901 396 947 6
424 903 664 956 Βοσπόρου
699 904 905 958 βασιλεὺς
942 902 1190 958 βασιλεύων
1220 903 1347 947 ἕκτον
1377 903 1472 953 ε’τος

81 960 348 1030 ετελεύτησε,
364 959 457 1034 τὴν
486 959 533 1003 δὲ
563 961 788 1016 βασιλείαν
817 960 1127 1017 διαδεξάμενος
1153 960 1423 1016 Σπάρτακος
1447 959 1470 1004 6
1500 958 1557 1004 45

80 1017 178 1070 υἱὸς
203 1013 374 1074 ἧρξεν’
361 1017 434 1073 ε’τη
461 1018 641 1060 εἴκοσιν.

191 1074 339 1143 Ημεῖς
368 1074 414 1117 δὲ
441 1074 496 1116 τὰ
524 1073 626 1126 περὶ
652 1071 734 1128 τήν
758 1071 943 1116 Ἑλλάδα
971 1073 1045 1116 καὶ
1059 1073 1155 1145 τὴν
1182 1072 1328 1117 Ἀσίαν
1357 1075 1471 1118 διευ-
1500 1075 1582 1115 101

82 1129 334 1186 κρινηκότες
353 1130 722 1200 μεταβιβάσομεν
760 1128 844 1172 τόν
881 1127 1016 1197 λόγον
1054 1129 1124 1173 ἐπὶ
1162 1131 1328 1184 θάτερα
1361 1130 1472 1187 μέρη

80 1191 157 1261 τῇς
168 1186 456 1257 οἰκουμένης.
502 1202 614 1230 κατα
644 1186 724 1241 μὲν
741 1185 825 1240 γὰρ
855 1184 938 1240 τὴν
966 1188 1176 1230 Σικελίαν
1202 1187 1472 1243 Ἀγαθοκλῆς

83 1243 264 1314 εἰρήνην
312 1241 513 1298 ἀγόντων
561 1259 652 1286 των
697 1244 958 1295 Λιπαραίων
1007 1243 1266 1295 ἐπιπλεύσας
1318 1244 1471 1296 αὐτοῖς
1500 1244 1556 1288 50

84 1299 445 1370 ἀπροςδοκήτως
457 1299 735 1370 εἰςεπράξατο
769 1298 873 1349 τοὺς
888 1298 1015 1371 μηδ
1048 1299 1203 1344 ὁτιοῦν
1231 1300 1474 1356 προαδική-

85 1370 246 1409 σαντας
283 1357 503 1418 ἀργυρίου
540 1356 732 1400 τάλαντα
769 1355 1049 1424 πεντήκοντα.
1110 1356 1181 1401 ὅτε
1211 1357 1264 1414 δὴ
1294 1362 1477 1410 πολλοῖς

85 1415 206 1466 ε’δοξε
233 1419 360 1457 θεῖον
397 1411 510 1456 εἶναι
539 1413 589 1457 τὸ
627 1411 959 1482 ρηθησόμενον,
989 1417 1066 1469 τῆς
1094 1417 1373 1485 παρανομίας
1402 1432 1474 1458 τυ-

83 1471 245 1542 χούσης
281 1470 569 1526 ἐπισημασίας
607 1487 726 1525 παρα
771 1473 853 1513 τοῦ
903 1471 1151 1525 δαιμονίου.
1227 1470 1472 1524 αξιούντων

85 1545 171 1585 γαρ
199 1543 289 1571 των
317 1529 601 1581 Λιπαραίων
599 1529 674 1578 εἰς
703 1544 756 1570 τα
791 1529 1157 1580 προςελλείποντα
1187 1533 1277 1571 τῶν
1306 1528 1530 1585 χρημά-ο
1506 1528 1560 1571 55

86 1602 177 1629 των
213 1587 372 1628 δοῦναι
403 1583 591 1640 χρόνον,
620 1584 694 1628 καὶ
724 1583 942 1638 λεγόντων
970 1585 1186 1641 μηδέποτε
1214 1590 1309 1636 τοῖς
1343 1587 1479 1640 ἱεροῖς

87 1639 342 1711 ἀναθήμασι
370 1644 732 1711 κατακεχρῆσθαι,
753 1639 776 1683 ὁ
805 1639 1089 1698 Ἀγαθοκλης
1104 1641 1370 1703 βιασάμενος
1399 1642 1479 1685 αὐ·-

86 1699 194 1750 τοὺς
223 1700 381 1742 δοῦναι
414 1698 468 1741 τὰ
495 1714 606 1741 κατα
641 1697 692 1741 τό
731 1701 1021 1751 πρυτανεῖον,
1053 1700 1118 1741 ὠν
1147 1704 1266 1754 εἰχον
1299 1700 1478 1754 ἐπιγρα-

87 1756 181 1812 φὴν
211 1754 266 1799 τοὶ
306 1755 386 1810 μὲν
415 1755 584 1799 Αἰόλου
613 1754 665 1798 τοὶ
704 1753 750 1798 δ’
776 1753 1045 1809 Ηφαίστου,
1074 1757 1224 1824 λαβών
1252 1760 1476 1812 παραχρῆ-

86 1829 148 1883 μα
187 1811 422 1864 ἐξέπλευσε.
501 1810 750 1867 πνεύματος
789 1810 836 1854 δ’
876 1811 1184 1866 ἐπιγενομένου
1229 1817 1320 1855 τῶν
1360 1818 1476 1856 νεῶν
1506 1813 1561 1852 60

87 1869 242 1912 ἕνδεκα
288 1869 608 1923 συνετρίβησαν
656 1870 703 1911 αἱ
750 1867 803 1910 τὰ
851 1868 1049 1938 χρήματα
1096 1872 1477 1939 κατακομίζουσαι.

89 1925 242 1996 διόπερ
282 1925 402 1978 ε’δοξε
439 1930 619 1976 πολλοῖς
656 1925 679 1968 ὁ
709 1940 787 1980 μεν
816 1925 913 1978 περὶ
953 1924 1059 1976 τούς
1087 1925 1253 1977 τόπους
1283 1927 1478 1978 εκείνους

89 1981 321 2039 λεγόμενος
356 1987 472 2025 εἰναι
519 1982 673 2036 κύριος
713 1985 803 2024 τῶν
826 1979 1014 2051 άνέμων
1054 1982 1190 2034 εὐθὺς
1236 2000 1347 2027 κατα
1395 1983 1476 2026 τόν

87 2043 263 2094 πρῶτον
291 2043 435 2083 πλοῦν
462 2042 612 2095 λαβεῖν
639 2037 749 2092 παρ’
781 2035 920 2082 αὐτοῦ
950 2041 1178 2108 τιμωρίαν,
1200 2038 1224 2083 ὁ
1252 2040 1298 2084 δὲ
1314 2040 1476 2094 Ἡφαι-

89 2106 192 2148 στος
229 2096 298 2140 επὶ
336 2099 413 2152 τῆς
447 2099 670 2152 τελευτῆς,
709 2096 880 2146 οἰκείως
916 2099 992 2150 τῆς
1031 2094 1228 2152 ἀσεβείας
1279 2096 1471 2148 κολάσας
1501 2104 1556 2147 65

89 2152 170 2197 τόν
204 2152 427 2208 τύραννον
462 2153 511 2197 ἐν
547 2157 602 2210 τῇ
644 2153 847 2209 πατρίδι,
883 2153 1154 2210 συνωνύμως
1191 2153 1261 2198 ἐπὶ
1293 2159 1475 2211 θερμοῖς

90 2343 149 2379 31.
173 2341 237 2379 δια
259 2343 385 2390 νήσων
406 2345 512 2389 Bas.,
537 2345 664 2380 caeteri
689 2343 754 2382 διοὶ
776 2346 851 2381 τῶν
874 2343 998 2390 νήσων
1142 2342 1150 2346 “
1169 2344 1226 2379 32.
1251 2340 1381 2389 Αὖλιν]
1404 2343 1474 2380 Αὐ-

90 2388 274 2427 δονπολιν
296 2393 397 2436 QW,
422 2370 631 2427 αυδούπλιν
656 2394 687 2427 F
870 2392 927 2426 36.
952 2391 1117 2435 πρῶτον]
1141 2392 1205 2427 καὶ
1228 2393 1378 2436 πρῶτον
1395 2393 1474 2426 Fw

273 2437 331 2472 37.
351 2437 446 2474 κατὰ
469 2437 536 2484 τὴν
564 2440 761 2484 Βοιωτίαν]
786 2439 880 2474 κατά
907 2440 1088 2477 Βοιωτίας
1111 2438 1140 2471 F

182 2482 265 2520 479.
310 2484 368 2518 41.
391 2485 455 2520 καὶ
482 2485 728 2530 Κάσσανδρον
753 2499 822 2519 nm.
847 2487 952 2528 Bas„
977 2496 1013 2518 az·
1018 2485 1099 2518 teris
1103 2495 1142 2517 eo
1165 2483 1302 2518 notaxit
1324 2483 1480 2527 Stepha-

92 2540 156 2562 nus
340 2530 397 2564 43.
431 2531 599 2578 βασιλεὺς
631 2533 809 2567 om.1W
1000 2529 1059 2566 45.
1095 2530 1232 2565 εἴκοσιν
1264 2531 1316 2574 F,
1351 2529 1479 2564 caeteri

92 2576 209 2610 εἴκοσι
345 2575 404 2611 55.
439 2579 515 2613 τῶν
545 2579 760 2623 χρημάτων]
785 2576 954 2622 χρήματα
972 2577 1049 2610 Fw
1187 2576 1244 2612 59.
1276 2575 1479 2620 ἐξέπλευσε]

93 2619 292 2657 ἀπέπλευσε
314 2622 393 2656 Fw
584 2625 642 2659 61.
666 2623 996 2669 κατακομίζουσαι]
1019 2623 1238 2666 κομίζουσαι
1261 2624 1290 2656 F
1315 2624 1397 2657 Bae.

77 2706 80 2707 ⁷
227 2669 287 2703 62.
312 2664 334 2705 6
357 2667 426 2715 μὲν
450 2669 538 2712 ΤΧ,
574 2673 702 2706 caeteri
724 2673 856 2706 addunt
879 2671 1031 2711 Αἰ’,ολος
1060 2670 1225 2704 asterisco
1249 2672 1409 2703 notatum
1432 2669 1478 2702 ab

93 2712 273 2770 Stephano
454 2717 647 2761 λεγόμενος
669 2722 750 2752 ante
771 2719 855 2761 περὶ
876 2716 973 2759 ponit
995 2696 1079 2752 B'as.
1274 2715 1332 2749 63
1367 2713 1475 2758 εἶναι]

94 2757 171 2795 ἔστι
193 2761 226 2794 F
390 2760 526 2808 ευθὺς]
555 2764 619 2799 καὶ
641 2766 838 2810 παρευθυς
861 2763 938 2798 FW
1124 2762 1184 2798 65.
1206 2762 1273 2807 τῆς
1294 2761 1478 2807 τελευτῆς]

93 2807 142 2853 τῇ
162 2807 310 2854 τελευτῇ
331 2809 410 2844 Fw
