1820 3249
577 171 692 213 LIB.
723 169 828 214 XIX.
888 168 1116 214 CAR53.
1419 168 1526 209 1391

163 286 356 341 ψάμενος
397 285 451 330 δὲ
485 283 760 339 πανταχόθεν
798 281 903 352 τούς
941 271 1284 352 διασωζομένους
1317 282 1406 323 τῶν
1447 282 1529 334 Θη-

164 346 303 401 βοείων
329 340 527 399 ἐνεχείρει
555 342 811 393 κατοικίζειν
846 356 924 390 τας
956 338 1124 395 Θήβας,
1161 337 1402 393 υπολαβων
1430 335 1530 379 κάλ·

164 406 313 444 λιστον
350 400 460 456 ἔχειν
495 397 668 470 καιρὸν
692 397 822 440 πόλιν
857 395 1210 465 διωνομασμένην
1241 395 1312 438 καὶ
1351 393 1423 436 διὰ
1454 393 1529 443 τὰς

162 457 337 526 πράξεις
366 456 467 500 καὶ
479 454 556 499 ’διὰ
592 452 697 506 τούς
733 452 1112 522 παραδεδομένους
1146 451 1243 506 περὶ
1271 449 1414 520 αὐτῆς
1450 448 1531 505 μύ-

162 518 277 564 θους
301 503 562 583 ἀναστῆσαι,
600 511 676 556 καὶ
707 511 778 555 διά
818 510 896 566 τὴν
927 508 1172 578 εὐεργεσίαν
1199 506 1361 563 ταύτην
1387 508 1585 561 τυχεῖν8
1560 505 1615 547 85

163 568 393 613 αθανοὶτου
421 569 560 624 δόξης.
608 567 852 624 συμβέβηκε
893 566 938 610 δὲ
965 565 1044 621 τήν
1072 565 1199 608 πόλιν
1227 564 1402 634 ταύτην
1418 563 1533 605 πλεί-

163 638 285 677 σταις
321 625 396 669 καὶ
433 627 652 682 μεγίσταις
686 628 921 680 κεχρῆσθαι
955 625 1231 693 μεταβολαῖς,
1263 619 1345 663 οὐκ
1381 617 1533 674 ὀλιγά-

84 689 151 724 359
163 698 232 733 κις
260 680 504 726 ἀνάστατον
537 683 846 750 γεγενημένην·
885 680 983 749 περὶ
1018 682 1077 723 ὠν
1116 677 1199 722 οὐκ
1237 675 1456 720 ἀνοίκειον
1486 676 1533 718 ἐν

159 740 416 809 κεφαλαίοις
441 741 592 782 εἰπεῖν.
647 737 751 794 μετὰ
789 736 882 793 γὰρ
913 735 993 780 τὸν
1021 735 1091 780 ἐπὶ
1126 736 1431 783 Δευκαλίωνος
1461 748 1533 775 κα-
1563 734 1618 775 90

159 794 411 850 τακλυσμὸν
440 794 625 850 Κάδμου
663 796 890 844 κτίσαντος
927 792 1022 864 τήν
1040 790 1114 835 ἀπ’
1152 790 1291 834 αὐτοῦ
1321 805 1535 859 προςαγο-

162 856 399 907 ρευθεῖσαν
427 853 675 907 Καδμείαν,
707 855 924 906 συνῆλθεν
953 846 1022 893 ἐπ’
1054 846 1191 903 αὐτὴν
1215 846 1319 896 λαὸς
1351 846 1402 890 ὂν
1422 845 1536 894 τινὲς

162 923 242 964 μεν
279 908 474 963 σπαρτὸν
515 908 872 963 προςηγόρευσαν
909 905 981 950 δια
1019 904 1068 949 τὸ
1099 904 1391 975 πανταχόθεν
1403 914 1536 946 συνα-

162 968 341 1020 χθῆναι,
378 964 493 1016 τινὲς
528 965 574 1008 δὲ
615 967 842 1034 Θηβαγενῆ
881 962 954 1007 δια
991 962 1040 1006 τό
1079 960 1160 1017 τήν
1198 959 1336 1015 ἀρχὴν
1375 959 1421 1003 ἐκ
1458 962 1536 1013 τῆς

161 1021 474 1092 προειρημένης
513 1019 678 1072 πόλεως
713 1021 819 1064 ὄντα
857 1020 929 1064 δια
956 1017 1036 1062 τόν
1073 1016 1377 1085 κατακλυσμὸν
1410 1015 1534 1059 ἐκπε-
1564 1018 1619 1061 95

162 1081 256 1119 σεῖν
298 1077 374 1119 καὶ
412 1078 720 1133 διασπαρῆναι.
778 1075 899 1127 τοὺς
930 1071 1013 1118 οὖν
1049 1075 1146 1118 τότε
1190 1071 1535 1142 κατοικήσαντας

161 1132 347 1186 ὕστερον
379 1131 584 1205 ’ῇκχελεῖς
626 1131 1072 1203 καταπολεμήσαντες
1096 1131 1319 1186 ἐξέῧαλον·
1371 1129 1440 1172 ὅτε
1480 1127 1533 1184 δή

161 1190 323 1260 συνέβη
361 1190 436 1233 καὶ
473 1189 577 1241 τούς
609 1190 708 1243 περὶ
746 1187 931 1244 Κάδμον
971 1188 1029 1238 εἷς
1061 1186 1301 1241 Ἰλλυριοὺς
1330 1186 1537 1229 ἐκπεσεῖν.

160 1261 265 1315 μετα
303 1245 350 1290 δὲ
388 1245 515 1290 ταῦτ’
539 1244 775 1302 Ἀμφίονος
809 1246 883 1289 καὶ
919 1243 1074 1300 Ζήθου
1110 1243 1419 1312 κρατησάντων
1456 1244 1536 1284 τοῦ

159 1301 323 1354 τόπου,
351 1319 425 1346 και
462 1301 559 1346 τότε
597 1318 773 1356 πρωτον
807 1303 858 1346 τὸ
885 1301 994 1345 ἄστυ
1023 1298 1286 1353 κτισαντων,
1326 1298 1530 1352 καθάπερ
1565 1303 1644 1343 100

161 1359 236 1402 καὶ
265 1357 290 1402 ὁ
316 1357 496 1415 ποιητής
525 1371 675 1429 φησιν,
990 1382 993 1385 >

331 1417 375 1459 οἳ
402 1419 570 1470 πρῶτοι
605 1414 751 1484 Θήβης
780 1413 878 1465 ε’δος
907 1414 1081 1457 ἔκτισαν
1110 1411 1391 1464 ἑπταπύλοιο,

159 1470 210 1515 τὸ
240 1470 448 1526 δεύτερον
486 1473 530 1515 οἱ
568 1469 902 1542 κατοικήσαντες
940 1470 1018 1514 τὸν
1052 1469 1189 1513 τόπον
1228 1469 1424 1522 ἐξέπεσον
1460 1484 1536 1511 κα-

159 1527 394 1579 τελθόντος
424 1527 698 1584 Πολυδωρου
734 1532 812 1572 τοῦ
848 1526 1036 1583 Καδμου
1072 1527 1146 1570 καὶ
1178 1523 1533 1598 καταφρονήσαν-
1562 1527 1589 1569 5

161 1600 236 1635 τος
263 1600 353 1628 των
380 1585 644 1655 πραγμάτων
672 1584 744 1629 δια
771 1601 855 1654 την
878 1585 1117 1654 γενομένην
1139 1587 1201 1652 τῷ
1217 1582 1419 1649 Ἀμφίονι
1439 1581 1538 1635 περὶ

160 1640 215 1683 τὰ
245 1641 375 1684 τέκνα
403 1641 651 1698 συμφοράν.
682 1641 785 1711 ἑξῆς
816 1640 862 1684 δε
890 1644 980 1684 τῶν
1010 1629 1242 1694 ἀπογόνων
1270 1637 1434 1682 τούτου
1463 1641 1538 1708 βα-

164 1696 438 1750 σιλευόντων,
467 1699 542 1742 καὶ
565 1702 639 1754 τῆς
665 1697 768 1754 ὅλης
795 1696 940 1753 χώρας
970 1695 1053 1753 ἤδη
1079 1699 1294 1746 Βοιωτίας
1322 1693 1538 1749 καλουμέ-

161 1769 265 1826 νης
271 1751 359 1798 ἀπὸ
387 1757 588 1798 Βοιωτοῦ
616 1757 698 1798 τοῦ
726 1756 1016 1824 Μελανίππης
1046 1754 1125 1808 μὲν
1152 1754 1223 1797 καὶ
1254 1755 1538 1801 Ποσειδῶνος

161 1812 289 1863 υἱοῦ,
332 1811 706 1862 δυναστεύσαντος
740 1810 787 1855 δε
823 1828 912 1854 των
947 1809 1201 1862 τόπων,τὸ
1237 1812 1386 1862 τρίτον
1425 1809 1536 1851 ἐκπί-
1566 1811 1619 1853 10

162 1877 349 1910 πτουσιν
380 1869 426 1911 οἱ
460 1871 644 1938 Θηβαῖοι
672 1883 762 1911 των
792 1868 834 1920 ἐξ
851 1867 1039 1939 ’Ἄργους
1068 1866 1284 1936 ἐπιγόνων
1313 1866 1539 1919 ἐκπολιορ-

162 1921 390 1978 κησαντων
424 1924 503 1980 τὴν
531 1922 674 1967 πόλιν.
730 1927 820 1967 τῶν
856 1922 895 1967 δ’
931 1921 1200 1968 ἐκπεσόντων
1231 1925 1274 1966 οἱ
1303 1923 1539 1967 διασωθέν-

162 1993 231 2030 τες
258 1979 508 2036 κατέφυγον
540 1980 619 2035 μὲν
647 1982 708 2031 εἷς
737 1979 1067 2051 Ἀλαλκομενίαν
1096 1981 1170 2024 καὶ
1203 1980 1254 2023 τὸ
1287 1977 1539 2050 Τιλφώσιον

162 2051 292 2104 ορος·
344 2039 434 2080 τῶν
473 2037 519 2081 δε
544 2036 748 2108 Ἀργείων
780 2035 1164 2108 αποχωρησάντων
1194 2036 1446 2106 ἐπανῆλθον
1477 2036 1538 2085 εἰς

162 2108 245 2162 την
272 2094 472 2147 πατρίδα.
510 2111 614 2151 μετα
644 2093 691 2138 δὲ
717 2098 852 2138 ταῦτα
882 2095 994 2138 κατὰ
1029 2093 1108 2138 τόν
1131 2092 1315 2137 Ἰλιακὸν
1343 2092 1535 2148 πόλεμον
1567 2097 1619 2135 1ο

162 2147 569 2204 ἐκστρατευσαντων
607 2166 698 2194 των
736 2152 943 2222 Θηβαίων
977 2153 1038 2202 εἰς
1073 2151 1154 2207 τήν
1179 2149 1352 2203 Ἀσίαν,
1394 2152 1438 2193 οἱ
1464 2166 1536 2193 κα-

162 2205 466 2261 ταλειφθέντες
503 2207 702 2259 ἐξέπεσον
739 2223 844 2263 μετα
880 2224 970 2252 των
1013 2206 1157 2252 ἄλλων
1191 2211 1401 2250 Βοιωτῶν
1444 2205 1532 2249 ὑπὸ

165 2264 412 2317 Πελασγῶν.
490 2262 573 2308 οὐκ
618 2262 780 2319 ὀλίγοις
818 2263 865 2308 δε
910 2264 1014 2320 μετοὶ
1054 2268 1193 2308 ταῦτα
1231 2261 1535 2318 περιπεσόντες

164 2318 448 2389 συμπτώμασι
475 2320 600 2377 μόγις
627 2321 730 2376 μετὰ
756 2320 964 2391 τετάρτην
991 2322 1143 2376 γενεὰν
1171 2321 1281 2364 κατα
1309 2321 1387 2364 τὸν
1414 2319 1532 2374 γενό-
1562 2329 1616 2368 20

165 2390 300 2430 μενον
327 2374 396 2419 ἐπὶ
417 2380 506 2421 τῶν
533 2377 737 2434 κοράκων
765 2377 959 2435 χρησμὸν
988 2377 1188 2435 ἀπῆλθον
1218 2380 1276 2430 εἰς
1299 2376 1378 2434 τὴν
1397 2382 1535 2422 Βοιω-

164 2531 222 2566 8⁴.
250 2533 616 2593 παραδιδομένους]
647 2533 973 2594 παραδεδομένους
994 2537 1025 2571 F
1206 2537 1291 2580 περὶ
1315 2536 1451 2583 αὐτῆς]
1484 2535 1539 2573 δι’

166 2575 284 2623 αὐτὴν
307 2580 336 2612 F
339 2580 367 2612 V
548 2579 770 2629 ἀναστῆσαι]
807 2581 1011 2629 α”νακτῆσαι
1033 2584 1064 2618 F
1227 2584 1285 2619 86.
1333 2585 1400 2630 τήν
1428 2585 1537 2620 πόλιν

163 2624 239 2664 FT.
263 2625 388 2658 caeteri
415 2625 522 2662 πόλιν

255 2670 336 2706 359.
359 2671 416 2706 89.
462 2671 520 2708 ἐπὶ
545 2685 614 2709 om.
636 2675 702 2710 TX
723 2676 821 2718 Bam,
840 2675 1005 2711 asterisco
1029 2675 1164 2709 notavit
1186 2676 1383 2722 Stephanus

165 2714 223 2749 91.
271 2713 410 2762 αἰῗτήν]
437 2717 532 2776 αὐτῇ
554 2720 585 2753 F
765 2722 823 2757 96.
869 2718 1065 2767 Ἐγχελεῖς]
1093 2690 1268 2767 ἐγχέλεεςΡ
1268 2724 1299 2758 F
1481 2722 1537 2757 99.

165 2760 249 2797 τότε
271 2775 419 2806 πρωτον
442 2764 513 2808 τό]
546 2767 696 2811 πρῶτον
716 2767 773 2809 τό,
796 2779 834 2804 τε
856 2769 887 2802 F
1089 2768 1122 2802 8.
1171 2770 1419 2815 Μελανίππης
1441 2781 1483 2814 με
1471 2768 1537 2812 v]

167 2810 414 2856 Μεναλίππης
435 2811 518 2848 Bas.
707 2813 765 2850 15.
811 2814 1065 2858 μεταδεταντα
1088 2814 1119 2849 F
1141 2816 1278 2861 saepius
