1820 3249
411 174 537 218 LlB.
574 175 693 217 XVI.
746 173 1449 218 CAP.68.69.1105

71 293 192 337 δευτε
176 293 339 346 τραῖος,
391 286 654 336 ἀνελπίστως
692 284 867 328 ἐπέθετο
908 288 1001 334 τοῖς
1042 285 1143 339 περὶ
1179 283 1258 328 τόν
1289 285 1449 329 Ικέταν

72 344 516 400 δειπνοποιουμένοις.
561 340 859 398 παρειςπεσών
887 339 930 383 δ’
962 343 1021 392 είς
1047 341 1128 397 τῆν
1157 343 1448 415 παρεμβολήν,

69 406 144 449 καὶ
173 401 395 460 φονεύσας
414 401 590 450 πλείους
619 402 708 442 τῶν
727 398 1006 452 τριακοσίων,
1040 396 1263 468 ζωγρήσας
1283 399 1328 442 δὲ
1349 401 1448 454 περὶ
1477 404 1532 444 60

69 462 342 513 ἑξακοσίους,
397 473 473 512 της
514 459 792 526 παρεμβολῆς
833 454 1051 510 ἐκράτησε.
1118 454 1261 526 τούτῳ
1301 456 1347 498 δὲ
1388 473 1448 514 τῳ

70 515 387 588 στρατηγήματι
416 514 565 568 ἕτερον
594 511 832 567 ἐπειςάγων
859 514 1125 581 παραχρῆμα
1158 511 1224 554 ἐπι
1254 511 1331 562 τὰς
1361 516 1452 555 Συ-

71 573 291 629 ρακούσας
331 569 592 641 αφώρμησε,
642 570 715 613 καὶ
753 570 958 624 δρομαῖος
987 567 1065 638 τὴν
1095 567 1203 611 ὁδὸν
1239 567 1450 620 διανύσας

71 628 402 700 ἄπροςδοκήτως
422 626 656 681 προςέπεσε
681 630 774 676 ταῖς
796 623 1122 680 Συρακούσαις,
1151 624 1451 696 καταταχήσας
1479 628 1533 671 65

0 687 169 738 [ΒΘ-τούς
199 684 283 730 ἀπὸ
315 688 391 740 τῆς
418 687 582 754 τροπῆς
611 681 867 752 φεύγοντας.
931 684 1068 726 ταῦτα
1095 681 1181 765 μὲν
1197 686 1288 726 οὐν
1316 681 1448 738 ἐπρά-

67 749 154 809 χθη
178 741 292 787 κατὰ
322 744 483 785 τοῦτον
510 742 590 784 τὸν
619 737 836 783 ἐνιαυτόν.

176 797 272 842 Ἐπ’
284 797 514 869 ἄρχοντος
545 795 588 841 δ’
613 795 825 868 ’.Αθήνησι
848 795 1075 838 Λυκίσκου
1103 790 1310 866 Ρωμαῖοι
1331 793 1450 839 κατέ·
1478 807 1535 845 (39

67 866 231 911 στησαν
267 853 465 906 υπάτους
503 852 712 906 Μαρκον
735 852 1009 906 Οὐαλέριον
1023 852 1096 896 καὶ
1126 852 1319 922 Μάρκον
1359 856 1450 896 Πο-
1477 866 1534 905 70

65 915 263 964 πίλλιον,
309 910 546 982 Ὀλυμπιάς
585 908 626 954 δ’
656 909 770 981 η’χθη
801 907 1006 982 ἑκατοστὴ
1038 909 1112 952 καὶ
1141 907 1294 964 ἐνάτη,
1337 907 1447 953 καθ’

56 968 126 1040 ’ἢν
155 969 277 1013 ἐνίκα
307 968 486 1012 στάδιον
509 966 808 1023 Ἀριστόλοχος
833 965 1078 1023 Ἀθηναῖος.
1128 966 1198 1009 ἐπὶ
1217 966 1262 1009 δὲ
1279 965 1450 1010 τούτων

66 1025 297 1081 Ῥωμαίοις
326 1025 406 1094 μὲν
436 1024 548 1080 πρὸς
566 1025 902 1096 Καρχηδονίους
920 1027 1098 1077 πρῶτον
1126 1027 1346 1093 συνθῆκαι
1368 1023 1451 1079 ἐγέ-

66 1099 213 1126 νοντο
271 1099 383 1126 κατα
421 1083 468 1125 δὲ
503 1082 582 1137 τὴν
624 1082 801 1136 Καρίαν
837 1079 1018 1134 Ἰδριευς
1056 1079 1080 1123 6
1118 1079 1332 1151 δυναστης
1360 1084 1450 1123 τῶν

67 1141 234 1194 Καρῶν
275 1137 547 1209 ἐτελεύτησεν
577 1138 708 1192 ἄρξας
730 1137 808 1193 ε’τη
838 1136 968 1188 ἑπτά,
1011 1135 1091 1192 τὴν
1121 1136 1166 1180 δὲ
1196 1135 1331 1192 αρχὴν
1361 1139 1450 1180 δια-
1479 1141 1535 1184 75

67 1195 274 1252 δεξαμένη
290 1194 402 1239 ’Ἁδα
430 1194 458 1251 ἡ
489 1193 658 1265 ἀδελφὴ
688 1194 762 1238 καὶ
789 1193 902 1250 γυνὴ
931 1171 1281 1236 ἐδυνάστευσεν’
1268 1194 1338 1249 ε’τη
1362 1194 1449 1236 τέτ-

66 1269 190 1325 ταρα.
249 1269 359 1295 κατα
398 1252 444 1295 δὲ
478 1250 560 1307 τὴν
597 1252 808 1295 Σικελίαν
845 1249 1067 1305 Τιμολέων
1095 1250 1175 1305 μὲν
1196 1249 1451 1305 Ἀδρανίτας
1507 1292 1509 1295 ,

66 1309 143 1353 καὶ
177 1310 448 1363 Τυνδαρίτας
486 1309 547 1359 εἰς
582 1309 831 1380 συμμαχίαν
860 1306 1213 1362 προςλαβόμενος
1242 1307 1450 1361 στρατιω-

50 1383 143 1416 τας
174 1364 257 1410 οὐκ
285 1364 478 1433 ὀλίγους
490 1362 595 1420 παρ’
628 1364 775 1409 αὐτῶν
803 1365 1064 1434 παρέλαβεν
1097 1363 1145 1407 ἐν
1174 1364 1221 1408 δὲ
1242 1369 1336 1415 ταῖς
1357 1369 1448 1408 Συ-
1477 1369 1533 1410 80

67 1420 309 1477 ρακούσαις
346 1419 482 1479 πολλὴ
513 1420 676 1477 ταραχὴ
705 1427 870 1492 κατεῖχε
899 1421 980 1477 τῆν
1008 1419 1162 1473 πόλιν,
1205 1424 1451 1465 Διονυσίου

65 1479 146 1534 μὲν
179 1479 259 1535 τῆν
298 1481 455 1535 Νῆσον
495 1478 690 1548 ἔχοντος,
732 1477 866 1521 Ἱκέτα
911 1479 958 1521 δὲ
995 1482 1072 1534 τῆς
1093 1475 1350 1548 Ἀχραδινῆς
1376 1479 1452 1525 καὶ

70 1535 191 1586 Νέας
219 1535 385 1586 πόλεως
413 1534 709 1588 κυριεύοντος,
745 1534 1031 1590 Τιμολέοντος
1063 1534 1110 1578 δὲ
1139 1534 1190 1577 τὰ
1220 1536 1352 1578 λοιπα
1377 1540 1452 1604 τῇς

64 1592 230 1643 πόλεως
265 1590 610 1662 παρειληφότος,
667 1591 742 1635 καὶ
779 1592 1100 1646 Καρχηδονίων
1139 1590 1333 1661 τριήρεσι
1352 1591 1451 1662 μὲν

64 1647 221 1692 ἑκατόν
257 1650 331 1692 καὶ
367 1647 639 1718 πεντήκοντα
668 1647 1101 1692 καταπεπλευκότων
1114 1649 1175 1698 είς
1202 1647 1281 1691 τὸν
1310 1647 1502 1704 μέγανὸ
1477 1648 1532 1690 85

64 1706 229 1761 λιμένα,
259 1709 402 1758 πεζοῖς
432 1705 478 1749 δὲ
508 1704 791 1758 στρατιώταις
820 1706 1199 1759 πεντακιςμυρίοις
1220 1717 1450 1759 κατεστρα-

65 1747 411 1806 τόπεδευκότων·
465 1761 615 1815 διόπερ
654 1777 742 1804 των
774 1762 874 1816 περι
906 1760 986 1805 τόν
1020 1762 1284 1832 Τιμολέοντα
1313 1779 1450 1806 κατα-

65 1819 376 1890 πεπληγμένων
413 1816 462 1861 τὸ
499 1821 671 1874 πλῆθος
711 1835 800 1861 των
837 1819 1058 1873 πολεμίων
1093 1817 1254 1873 αλογός
1283 1836 1346 1870 τις
1374 1820 1449 1863 καὶ

64 1875 312 1946 παράδοξος
352 1875 520 1931 ἐγένετο
557 1874 785 1944 μεταβολή.
844 1878 1020 1929 πρῶτον
1047 1874 1127 1945 μὲν
1152 1875 1239 1944 γάρ
1266 1874 1448 1949 Μαμερ-

64 1949 141 1984 κος
171 1931 195 1976 ὁ
226 1935 315 1976 τῶν
331 1932 598 1975 Καταναίων
625 1930 844 1986 τύραννος
863 1932 1060 2002 δύναμιν
1083 1930 1351 1988 αξιόλογον’
1338 1935 1446 1989 ε’χων
1475 1936 1530 1976 90

64 1989 300 2043 προςέθετο
335 1992 396 2045 τῷ
430 1987 703 2043 Τιμολέοντι·
746 1988 890 2033 ἔπειτα
919 1987 1061 2038 πολλοὶ
1091 1992 1180 2060 τῶν
1202 1992 1446 2061 φρουρίων

64 2044 301 2101 ὀρεγόμενα
338 2048 416 2102 τῆς
455 2045 707 2100 ἐλευθερίας
736 2044 937 2090 απέκλινε
965 2044 1077 2101 πρὸς
1108 2045 1266 2090 αὐτόν·
1317 2046 1366 2090 τὸ
1398 2048 1445 2091 δὲ

64 2107 312 2146 τελευταῖον
349 2103 587 2156 Κορίνθιοι
625 2101 730 2145 δέκα
767 2106 878 2154 ναῦς
911 2102 1218 2173 πληρώσαντες
1244 2103 1445 2160 χρήματα

62 2175 106 2202 τε
147 2161 405 2229 πορίσαντες
442 2158 740 2211 ἐξαπέστειλαν
778 2161 839 2210 είς
879 2160 955 2211 τὰς
999 2159 1309 2214 Συρακούσας.
1381 2158 1444 2204 ὧν
1473 2159 1529 2204 95

62 2215 350 2286 πραχθέντων
379 2215 601 2270 Τιμολέων
640 2232 719 2270 μεν
762 2215 1027 2287 ἐθαρρησεν,
1070 2218 1115 2259 οἱ
1147 2216 1193 2260 δὲ
1222 2216 1445 2285 Καρχηδό-

2 2299 4 2303 >
64 2288 153 2316 νιοι
183 2271 448 2341 φοβηθέντες
478 2271 754 2315 απέπλευσαν
781 2272 828 2316 ἐκ
857 2277 938 2316 τοῦ
964 2273 1137 2328 λιμένος
1159 2271 1339 2344 αλόγως,
1368 2275 1443 2317 καὶ

65 2345 168 2399 μετα
212 2328 353 2398 πάσης
391 2332 467 2385 τῆς
516 2329 742 2384 δυναμεως
782 2331 841 2380 εἰς
887 2329 968 2385 τὴν
1008 2331 1126 2373 ἰδίαν
1163 2329 1442 2385 ἐπικράτειαν

65 2384 385 2442 απηλλάγησαν.
442 2386 722 2442 μονωθέντος
753 2386 798 2430 δε
827 2391 905 2430 τοῦ
921 2387 1054 2430 Ἱκέτα
1079 2387 1300 2442 Τιμολέων
1321 2402 1441 2443 περι-

65 2533 121 2568 60.
170 2535 419 2579 τριακοσίων]
443 2536 688 2581 τετρακοσίων
716 2537 780 2580 QY

157 2591 237 2624 136.
269 2591 326 2625 ⁶8.
376 2594 584 2637 Λυκίσκου]
610 2593 796 2628 Λυκίσσου
823 2593 880 2634 Χ,
906 2593 1071 2637 Silyscum
1094 2595 1197 2626 vocat
1220 2593 1352 2636 Cospus

156 2636 213 2670 70
262 2638 464 2674 Ποπίλλιον
488 2639 627 2682 Livius,
655 2642 866 2681 Πομπίλιον
891 2640 967 2684 QX,
994 2640 1161 2696 Popilium
1186 2640 1329 2682 Cospus,
1364 2651 1442 2673 cae-

65 2681 131 2716 teri
155 2680 324 2718 Πόπλιον
524 2682 588 2729 δ’]
626 2684 666 2720 δὲ
691 2686 723 2718 'l
746 2687 827 2719 Bas.
1032 2686 1089 2718 71.
1139 2683 1271 2729 ἐνάτη]
1309 2684 1442 2728 ἐννοίτη

65 2739 183 2762 omnes
372 2730 429 2765 76.
476 2729 717 2767 ἐδυνάστευεν
750 2732 831 2764 Bas.
1024 2731 1197 2775 τέτταρα]
1232 2732 1341 2775 vulgo
1366 2744 1401 2771 τε
1406 2743 1441 2766 σ-

64 2786 182 2818 σαρα,
218 2776 240 2809 δ
267 2776 347 2809 Bas.
542 2777 598 2811 81.
645 2775 753 2813 Ἱκέτα
777 2777 873 2810 FLT
898 2778 1000 2814 Bas..
1025 2778 1173 2820 ²caeteri
1194 2775 1326 2813 Ἱκέτου

152 2820 209 2856 89.
256 2820 459 2867 Μάμερκος
482 2824 706 2858 casaubonus
729 2835 808 2858 cum
834 2824 931 2859 aliis:
962 2824 1045 2858 libri
1067 2821 1227 2868 BIo'cqnos

1109 2886 1163 2923 ⁸31
