1820 3249
314 99 422 139 1432
726 97 844 137 Llss.
875 97 983 139 XIX.
1042 98 1168 140 cAP.
1195 102 1262 142 93.

229 211 283 253 25
316 209 590 277 Πτολεμαῖον
617 208 691 251 καὶ
720 207 824 259 τούς
861 206 1019 260 ἄλλους
1050 211 1227 265 φίλους,
1259 210 1367 266 ε’χων
1402 210 1485 268 η’δη
1515 215 1678 269 βασιλι-

311 263 392 307 κὸν
410 262 646 335 ἀνάστημα
675 265 746 307 καὶ
777 264 910 317 δόξαν
939 265 1063 318 άξίαν
1090 266 1333 323 ηγεμονίας.

227 327 283 367 93
410 319 525 377 ’Ἅμα
564 321 609 364 δὲ
638 320 809 372 τούτοις
843 323 1154 379 πραττομένοις
1185 328 1453 380 Πτολεμαῖος
1491 324 1569 380 μὲν
1598 325 1681 368 διέ-

311 380 429 447 τριβε
465 377 563 430 περὶ
595 393 676 433 την
714 380 867 449 κοίλην
906 382 1103 451 Συρίαν,
1149 381 1387 450 νενικηκώς
1424 381 1681 452 Δημήτριον

227 441 282 480 30
312 433 389 476 τὸν
415 432 666 503 Ἀντιγόνου
694 435 928 505 παρατάξει
956 438 1131 494 μεγάλη.
1191 436 1244 480 ὃν
1273 438 1620 492 πυνθανόμενος
1635 437 1681 482 ἐκ

309 491 512 541 Κιλικίας
543 489 858 546 ἀνεστροφὲναι
886 494 960 537 καὶ
989 493 1342 547 στρατοπεδεύειν
1368 496 1464 549 περὶ
1483 494 1563 550 τήν
1590 494 1680 537 α’νω

308 549 504 601 Συρίαν,
544 550 865 618 προεχειρίσατο
904 554 992 592 τῶν
1028 551 1126 605 περὶ
1169 549 1303 594 αὐτὸν
1343 554 1493 621 φίλων
1512 553 1680 607 Κίλλην

308 602 387 646 τὸν
415 603 667 647 Μακεδόνα.
725 605 866 674 τούτῳ
908 606 954 649 δὲ
995 607 1099 657 δοὺς
1139 606 1328 674 δύναμιν
1369 607 1523 679 ἱκανήν
1551 623 1682 662 προς,

307 659 453 712 ἔταξεν
490 661 687 713 ἐκδιῶξαι
716 661 794 705 τὸν
823 651 1081 718 Δημήτριον
1108 662 1157 706 τό
1187 663 1393 717 παράπαν
1423 664 1469 708 ἐκ
1498 669 1579 737 τῆς
1592 668 1681 706 Συ-

227 723 280 765 35
312 718 408 770 ρίας
442 716 472 773 ἢ
500 717 901 790 περικαταλαβόντα
942 724 1185 774 συντρῖψαι.
1261 719 1422 764 τούτου
1466 720 1509 763 δ’
1555 720 1681 771 ὄντος

308 790 418 816 κατα
445 777 651 827 πορείαν,
682 774 932 842 Δημήτριος
962 775 1034 819 δια
1061 780 1149 818 τῶν
1179 781 1354 819 σκοπῶν
1383 775 1574 827 οἰκούσας
1603 776 1682 820 τὸν

308 831 475 900 Κίλλην
505 830 861 885 στρατοπεδεύειν
889 831 1340 902 καταπεφρονηκότως
1373 834 1471 887 περὶ
1500 837 1681 876 Μυοῦν-

308 903 387 937 τα,
428 885 509 942 τὴν
547 904 627 942 μεν
662 886 909 958 αποσκευὴν
951 887 1148 940 ἀπέλιπε,
1186 889 1291 940 τούς
1333 890 1377 932 δὲ
1416 890 1681 958 στρατιώτας

309 942 528 995 εὐζώνους
565 945 834 999 παραλαβών
872 945 1029 996 νυκτὸς
1067 948 1247 1001 πορείαν
1270 945 1508 1017 σύντομον
1537 944 1683 1001 ἐποιή-

227 1005 280 1048 40
311 1012 426 1042 σατο.
484 1001 743 1054 προςπεσων
783 1002 829 1045 otc.
866 1007 958 1054 τοῖς
1002 1004 1222 1058 πολεμίοις
1263 1003 1448 1058 εωθινῆς
1485 1006 1684 1075 φυλακης

308 1054 437 1124 ἄφνω
466 1060 541 1111 τῆς
566 1073 610 1100 τε
641 1056 864 1113 δυνάμεως
894 1059 999 1102 ἄνευ
1028 1059 1165 1128 μάχης
1195 1060 1415 1115 ἐκυρίευσε
1444 1061 1518 1103 καὶ
1547 1058 1683 1103 αὐτὸν

305 1111 384 1155 τὸν
402 1115 579 1182 Κίλλην
601 1115 679 1158 τὸν
712 1115 956 1185 στρατηγόν
984 1116 1207 1186 ἐζωγρησε.
1251 1116 1511 1172 τηλικούτου
1543 1114 1585 1160 δ’
1614 1114 1682 1159 εὐ-

304 1169 547 1239 τυχήματος
574 1172 873 1242 γεγενημένου,
901 1189 982 1227 την
1010 1175 1141 1227 ἦτταν
1172 1172 1527 1243 ἀναμαχέσασθαι
1546 1171 1681 1228 διελή-

309 1231 416 1297 φθη.
461 1225 515 1269 οὐ
545 1244 632 1283 μην
661 1227 769 1271 άλλά
797 1228 876 1271 τὸν
906 1233 1180 1283 Πτολεμαῖον
1209 1229 1536 1285 ὑπολαμβάνων
1565 1229 1682 1284 ἥξειν

225 1284 279 1328 45
309 1281 378 1326 επ’
420 1281 554 1327 αὐτὸν
589 1300 693 1339 μετα
734 1284 875 1340 πάσης
917 1302 992 1340 της
1032 1267 1278 1340 δυνάμεως,
1317 1287 1682 1336 ἐστρατοπέδευσε

305 1340 590 1396 προβλήματα
638 1357 715 1396 της
755 1345 1029 1412 παρεμβολῆς
1048 1341 1355 1413 ποιησάμενος
1392 1343 1466 1399 ε’λη
1502 1342 1574 1385 καὶ
1615 1343 1681 1385 λί*

305 1413 430 1466 μνας.
490 1397 650 1450 ε’γραψε
683 1397 728 1440 δὲ
763 1399 837 1441 καὶ
875 1398 985 1453 πρὸς
1013 1398 1092 1442 τὸν
1120 1399 1284 1453 πατέρα
1313 1401 1431 1469 περὶ
1439 1403 1521 1443 τοῦ
1549 1415 1679 1454 γενο-

304 1452 441 1523 μένου
493 1453 857 1524 κατορθώματος,
905 1459 1174 1508 παρακαλῶν
1231 1455 1367 1500 αὐτὸν
1412 1455 1440 1511 ἢ
1492 1454 1682 1511 δύναμιν

307 1508 560 1553 ἀποστεῖλαι
599 1510 678 1565 τὴν
717 1513 921 1567 ταχίστην
957 1512 1000 1582 ἢ
1024 1513 1096 1556 καὶ
1135 1511 1270 1556 αὐτὸν
1310 1516 1577 1584 παραβαλεῖν
1624 1513 1683 1562 εἰς

223 1566 278 1610 50
306 1567 494 1619 Συρίαν.
553 1565 577 1610 ὁ
617 1566 660 1610 δ’
693 1566 943 1623 Ἀντίγονος
983 1569 1184 1625 ἐτύγχανε
1222 1569 1308 1640 μὲν
1344 1569 1406 1612 ῶν
1445 1570 1491 1612 ἐν
1530 1572 1683 1612 Κελαι-

302 1627 401 1673 ναῖς
430 1626 508 1678 τῆς
540 1625 760 1696 Φρυγίας,
790 1624 1076 1681 κομισάμενος
1107 1626 1152 1669 δὲ
1181 1626 1261 1681 τήν
1292 1625 1520 1695 επιστολην
1549 1624 1682 1681 ἐχαρη

304 1679 647 1734 διαφερόντως’
630 1681 700 1723 επὶ
728 1684 789 1752 τῷ
819 1684 967 1725 δοκεῖν
1004 1682 1083 1726 τόν
1111 1682 1210 1725 υἱὸν
1238 1683 1341 1725 νέον
1374 1681 1478 1726 ὄντα
1507 1683 1579 1725 καὶ
1609 1698 1682 1725 κα-

303 1737 586 1789 τωρθωκέναι
627 1735 687 1780 δι’
722 1737 881 1781 ἑαυτοῦ
920 1739 992 1782 καὶ
1033 1740 1271 1809 φαινεσθαι
1300 1740 1518 1794 βασιλείας
1547 1737 1681 1789 α’ξιον.

306 1790 439 1843 αυτὸς
468 1793 513 1836 δὲ
541 1793 622 1848 τὴν
652 1793 843 1850 δύναμιν
874 1792 1108 1865 άναλαβων
1137 1794 1356 1848 ανέζευξεν
1386 1813 1432 1839 εκ
1462 1799 1537 1851 τῆς
1567 1798 1682 1850 Φρυ

223 1853 277 1897 55
305 1850 416 1905 γίας,
447 1851 521 1892 καὶ
548 1866 626 1893 τον
638 1854 837 1922 Ταῦρον
866 1850 1121 1922 ὑπερβαλὼν
1155 1851 1319 1906 ὀλίγαις
1347 1852 1529 1922 ἡμέραις
1559 1851 1682 1895 συνέ-

304 1907 396 1963 μιξε
424 1911 516 1957 τοῖς
554 1906 652 1960 περὶ
681 1906 760 1951 τὸν
789 1908 1056 1964 Δημήτριον.
1116 1912 1387 1965 Πτολεμαῖος
1417 1909 1463 1952 δὲ
1492 1907 1683 1963 πυθόμε-

301 1979 382 2013 νος
432 1963 511 2017 τὴν
547 1962 797 2018 Ἀντιγόνου
837 1967 1110 2017 παρουσίαν,
1151 1967 1225 2008 καὶ
1273 1965 1533 2021 συναγαγών
1577 1964 1682 2015 τοὺς

301 2018 516 2077 ἡγεμόνας
544 2020 617 2064 καὶ
648 2022 834 2076 φίλους,
867 2021 1120 2078 ἐβουλεύετο
1150 2022 1339 2078 πότερον
1369 2023 1579 2078 συμφέρει
1608 2020 1681 2078 με’-
1738 2048 1741 2050 »

301 2131 355 2166 28.
381 2131 450 2177 τήν
474 2133 625 2180 κοιλην]
659 2136 764 2181 κοίλη
768 2149 788 2172 ν
821 2137 901 2170 Bas.
1085 2134 1140 2169 30.
1170 2133 1383 2190 α’νεστροφε
1378 2135 1474 2178 ’ναι]
1503 2133 1681 2176 άνεστρα-

304 2177 416 2222 φέναι
449 2179 525 2212 Fw
563 2182 643 2217 Bas.
824 2183 881 2216 31.
916 2178 1054 2225 αυτ-ὂν]
1089 2178 1203 2216 αὐτὸν
1227 2183 1256 2215 F
1440 2181 1495 2215 32.
1523 2181 1680 2227 ἱκανήν]

301 2225 369 2270 τήν
394 2222 525 2269 ικανήν
549 2228 577 2260 l
760 2228 818 2262 37.
845 2226 1077 2272 ἀποσκευὴν]
1103 2226 1339 2274 παρασκευήν
1362 2229 1429 2262 FX
1453 2228 1532 2263 Bas.

348 2271 406 2307 39.
442 2270 649 2331 σύντομον]
686 2274 822 2308 videtur
854 2275 967 2317 aptius
998 2273 1177 2310 σύντονον
1359 2275 1414 2309 41.
1446 2273 1511 2308 τόν
1543 2275 1680 2317 Κιλλην

302 2327 372 2351 om.
396 2318 478 2351 Bas.
493 2342 503 2359 ‚
536 2319 603 2354 τὸν
628 2322 772 2361 κίλλαν,
806 2320 837 2354 si
869 2333 925 2354 τρι
929 2325 961 2354 te
992 2321 1095 2363 lego,
1120 2321 1148 2353 F
1338 2321 1393 2354 43.
1419 2332 1550 2364 γεγενη
1549 2319 1677 2363 μένου]

303 2364 505 2419 γενομένου
541 2367 571 2398 F
767 2364 812 2401 οἷν
816 2367 1070 2423 αιιαχὲσασθαι
1103 2367 1134 2399 F
1170 2378 1274 2410 super
1311 2364 1678 2423 α’ναμεμηχανῆσθαι,

303 2407 614 2463 ἀναμαχήσασθαι
639 2413 686 2446 W
709 2413 789 2446 Bas
803 2439 813 2453 ‚
838 2413 967 2447 caeteri
991 2410 1294 2457 άναμαχήσεσθαι
1476 2411 1676 2458 διελήφθη]

304 2453 485 2500 διειλήφει
509 2458 636 2501 FWY,
671 2460 760 2494 διειλ
766 2457 882 2504 ήφθει
905 2460 986 2492 Bas.
1172 2458 1229 2494 47.
1252 2459 1320 2494 τοῦ
1344 2470 1412 2493 om.
1437 2459 1517 2492 Bas.

302 2501 360 2536 48.
384 2505 632 2550 παρακαλῶν]
669 2506 753 2540 libri
766 2473 847 2541 ηκαὶ
878 2505 1102 2550 παρακαλων
1269 2506 1326 2540 49.
1360 2507 1588 2550 παραβαλεῖν
1613 2505 1680 2559 εἰς]

1649 2564 1679 2596 (Ρ

1484 2597 1506 2618 .‚
1580 2597 1594 2604 -
1669 2596 1677 2606 ,

303 2593 711 2686 ἔαραλαβεῖἴιαῖἡῖαὲξ
726 2597 817 2677 κῗιῗ
829 2643 910 2678 Bas.
1001 2591 1354 2677 5053ίῗνδῒξῃὲαξτοῦ
1377 2596 1679 2686 antei-&3223

301 2685 406 2720 κέναι
429 2687 525 2731 ponit
547 2689 576 2721 F
723 2689 780 2722 55.
805 2688 989 2732 συνέμιξε]
1023 2687 1206 2730 συνέζευξε
1229 2690 1295 2726 ΤΧ
1319 2691 1400 2724 Bas.
1535 2689 1592 2727 58,
1615 2688 1677 2725 καὶ

303 2733 438 2777 φίλους
461 2745 530 2768 om.
554 2734 673 2776 FVW,
701 2735 864 2770 asterisco
888 2735 1021 2770 notavit
1043 2735 1241 2779 Stephanus
