1820 3249
16 760 84 797 403

523 755 681 790 ΤΑΔΕ
729 754 1033 789 ΕΝΕΣΤΙΝ

93 864 273 912 EN·
386 863 626 911 ΤΗΙ
741 862 1472 911 ΕΙΚΟΣΤΗΙ

360 987 505 1026 ΤΩΝ
540 986 900 1026 ΔΙΟΔΩΡΟΤ
928 987 1215 1026 ΒΙΒΛῼΝ.

93 1242 144 1287 α’.
171 1243 240 1295 Ὡς
258 1241 507 1300 Ἀγαθοκλῆς
524 1244 668 1300 διαβας
684 1246 740 1295 εἷς
759 1242 926 1300 Λιβύην
946 1245 1104 1299 ἐνίκησε
1123 1243 1342 1301 παρατάξει
1358 1250 1469 1302 Καρ-

205 1304 419 1371 χηδονίους
433 1303 502 1345 καὶ
519 1307 676 1345 πολλῶν
694 1300 855 1374 πόλεων1
868 1304 1108 1371 ἐκυρίευσεν.

95 1355 146 1412 β’.
171 1359 240 1408 Ὡς
265 1356 530 1430 Κάσσανδρος
550 1356 791 1402 Αυτολέοντι
812 1359 885 1414 μὲν
914 1357 1146 1429 ἐβοήθησε,
1167 1376 1269 1414 προς
1298 1359 1342 1401 δὲ
1363 1363 1468 1402 Πτο-
1526 1360 1553 1404 5

140 1450 141 1453 ,
207 1421 370 1470 λεμαῖον
399 1433 470 1459 τον
492 1414 718 1484 Ἀντιγόνου
746 1416 962 1473 στρατηγὸν
993 1414 1220 1471 ἀποστάτην
1252 1414 1470 1473 γενόμενον

209 1474 433 1526 συμμαχίαν
455 1471 682 1525 ἐποιήσατο

96 1526 142 1585 γ’.
176 1529 256 1579 Ὡςὲ
269 1533 516 1598 Πτολεμαῖος
537 1530 609 1584 μὲν
629 1535 709 1572 τῶν
735 1530 826 1584 περὶ
853 1531 1042 1572 Κιλικίαν
1069 1527 1226 1572 πόλεών
1246 1545 1359 1580 τινας
1381 1526 1474 1581 εἷλε,

209 1583 442 1642 Δημήτριος
465 1585 504 1629 δ’
523 1588 547 1629 ό
563 1584 798 1642 Ἀντιγόνου
821 1602 966 1636 ταυτας
987 1584 1244 1640 ανεκτήσατο.

96 1641 144 1686 δ’.
171 1643 239 1694 Ὦς
260 1644 555 1712 Πολυσπέρχων
575 1643 647 1698 μὲν
661 1644 852 1697 Ἡρακλέα
872 1643 940 1685 τὸν
955 1644 998 1685 ἐκ
1015 1646 1216 1697 Βαρσίνης
1237 1644 1467 1698 ἐπεχείρησε
1501 1653 1554 1694 10

207 1717 394 1756 καταγειν
413 1701 478 1743 ἐπὶ
500 1718 574 1755 την
597 1718 784 1757 πατρωαν
802 1703 1025 1755 βασιλείαν,
1059 1705 1307 1754 Πτολεμαῖος
1330 1699 1373 1742 δὲ
1394 1703 1468 1741 Νι-

207 1758 425 1812 κοκρέοντα
442 1757 510 1800 τὸν
532 1759 695 1811 βασιλέα
713 1762 793 1799 τῶν
817 1761 992 1810 Παφίων
1016 1758 1261 1800 ἐπανείλατο

99 1813 140 1857 ε’.
172 1814 274 1869 Περὶ
300 1831 382 1856 των
409 1816 670 1869 πραχθέντων
689 1816 732 1856 ἐν
756 1813 828 1868 μὲν
847 1818 904 1870 τῷ
925 1812 1121 1871 Βοσπόρω
1148 1820 1233 1864 τοῖς
1251 1816 1471 1868 βασιλεῦσι,
1503 1821 1556 1865 15

209 1887 310 1911 κατα
331 1870 374 1912 δὲ
392 1871 466 1923 τήν
481 1870 644 1914 Ἰταλίαν
663 1872 868 1925 Ῥωμαίοις
887 1872 955 1913 καὶ
975 1874 1208 1925 Σαμνίταις.

101 1924 146 1976 ς’,
177 1929 427 2025 Πῖολεμαίου
457 1931 637 1984 στρατεία
666 1929 731 1971 ἐπὶ
754 1930 941 1970 Κιλικίαν
970 1929 1039 1970 καὶ
1067 1927 1143 1982 τὴν
1171 1929 1265 1982 ἑξῆς
1287 1929 1474 2017 παραθα-

236 2000 371 2026 αττιον

101 2039 146 2090 ζ’.
174 2041 409 2112 Ἡρακλέους
437 2038 638 2094 ἀναίρεσις
665 2039 749 2083 ’ὕπο
782 2041 1143 2095 Πολυσπέρχοντος.

99 2094 150 2152 η’.
180 2095 364 2151 Ἀμίλκου
382 2103 458 2140 τοῦ
476 2103 698 2154 στρατηγοῦ
716 2116 797 2140 των
814 2101 1105 2155 Καρχηδονίων
1127 2097 1273 2181 α’λωσις
1289 2097 1374 2142 ν’πο
1395 2103 1473 2140 Συ-
1503 2108 1558 2151 20

122 2168 125 2170 ·
211 2157 449 2226 ρακουσίων.

101 2208 156 2255 θ’
181 2210 250 2262 Ὦς
265 2209 566 2268 Ἀκραγαντῖνοι
580 2228 674 2262 τους
686 2209 926 2261 Σικελιώτας
943 2212 1222 2282 ἐλευθεροῦν’
1204 2214 1474 2268 ἐπεχείρησαν.

101 2267 142 2308 '¹'-
168 2267 237 2318 Ὡς
263 2273 342 2310 τῶν
354 2271 661 2342 ψΣυρακουσίων
691 2270 817 2311 εἴκοσι
844 2273 946 2317 ναῦς
972 2267 1146 2322 ἥλωσαν.

106 2321 168 2365 ια’.
201 2325 301 2378 Περὶ
323 2329 395 2378 τῆς
422 2327 465 2367 ἐν
484 2324 620 2396 Λιβύῃ
645 2327 862 2380 γειομένης
892 2340 1064 2375 στασεως
1086 2328 1155 2368 καὶ
1180 2343 1252 2368 του
1283 2323 1477 2371 κινδυνου
1508 2330 1564 2373 25

215 2384 289 2422 τοῦ
309 2382 400 2434 περὶ
417 2381 481 2424 τὸν
497 2380 750 2454 Ἀγαθοκλέα.

108 2434 172 2491 ιβ’.
206 2438 309 2490 Περὶ
334 2455 414 2480 των
435 2439 695 2494 πραχθέντων
715 2438 868 2496 Ἀππίῳ
890 2440 1079 2496 Κλαυδία)
1106 2438 1205 2481 κατοῖ
1229 2455 1306 2493 την
1328 2454 1479 2506 τιμητι

217 2510 296 2547 κην
316 2491 452 2549 ἀρχήν.

199 2655 279 2693 403.
301 2655 403 2691 inser.
427 2655 502 2691 τῶν
525 2668 596 2692 om.
620 2658 701 2694 Bas.
884 2659 917 2694 4.
941 2656 1172 2702 Αὕτολέοντι]
1190 2656 1322 2694 Λέοντι
1343 2656 1378 2691 Τ
1395 2655 1480 2690 Bas.

289 2701 323 2736 8.
346 2699 506 2748 ταύτας]
535 2704 656 2745 πάσας
678 2705 725 2740 W
908 2705 964 2740 12.
991 2704 1265 2749 Νικοκρέοντα]
1294 2699 1481 2739 Νικοκλέα

109 2747 399 2793 1³·42⁰.17.seq
591 2750 649 2785 15.
680 2750 775 2787 κατα
799 2750 841 2786 δὲ
864 2750 931 2796 τὴν
953 2749 1120 2795 Ἰταλίαν]
1145 2750 1186 2788 ἐν
1218 2750 1258 2788 δε
1280 2751 1325 2795 τῇ
1344 2746 1480 2793 Ἰταλίᾳ

111 2794 157 2826 W
337 2761 399 2830 18(11
417 2806 467 2829 πα
471 2795 734 2844 ραθαλοὶττιον]
757 2798 1066 2845 παραθαλασσίαν
1089 2797 1137 2832 W
1304 2785 1362 2830 ¹24.
1386 2794 1480 2831 εἴκο-

109 2839 159 2884 σι]
185 2837 272 2876 δέκα
295 2853 327 2885 p.
347 2840 428 2877 428.
447 2840 503 2876 59.
