1820 3249
292 141 403 183 1202
643 136 759 178 LIB.
786 134 914 178 XVII.
972 134 1102 178 GAP.
1130 138 1202 178 68.
1230 138 1300 178 69.

212 254 263 298 15
294 266 390 300 τος,
432 247 557 300 εἰδώς
584 246 665 316 τὴν
696 245 938 316 Περσικήν
950 245 1199 290 διάλεκτον·
1255 239 1387 296 οὗτος
1423 244 1469 288 δὲ
1509 244 1667 288 ἑαυτὸν

294 305 557 378 ἀπεφαίνετο
589 302 760 347 Λύκιον
791 303 870 359 μὲν
899 307 1011 346 εἰναι
1039 302 1088 347 τὸ
1118 303 1268 359 γένος,
1315 300 1587 373 αἰχμάλωτον
1622 303 1668 344 δὲ

293 364 538 432 γενόμενον
549 363 800 430 ποιμαίνειν
829 359 937 403 κατὰ
966 362 1045 416 τὴν
1073 357 1362 427 υποκειμένην
1394 357 1568 414 ὀρεινήν
1598 359 1670 429 ἔτη

293 421 444 464 πλείω·
478 416 538 462 δι’
569 417 625 473 ἢν
653 419 794 460 αἰτίαν
825 417 1029 485 ἔμπειρον
1056 418 1261 472 γενέσθαι
1289 422 1364 471 τῆς
1392 415 1557 485 χώρας,
1597 416 1672 457 καὶ

295 476 513 521 δύνασθαι
550 490 632 531 την
677 474 867 529 δύναμιν
915 472 1098 541 ἀγαγεῖν
1131 474 1203 517 διά
1247 477 1322 528 τῆς
1370 471 1672 525 καταδένδρου

212 539 265 579 20
296 534 370 577 καὶ
408 532 592 576 κατόπιν
627 535 807 599 ποιῆσαι
843 533 932 572 τῶν
965 529 1218 599 τηρούντων
1247 531 1325 580 τάς
1353 527 1588 584 παρόδους.
1646 526 1672 570 6

298 590 344 634 δὲ
385 589 583 658 βασιλεὺς
629 586 831 642 μεγάλαις
873 588 1054 638 δωρεαῖς
1084 586 1253 643 τιμήσει
1256 603 1282 629 ν
1312 585 1674 653 ἐπαγγειλάμενος

295 645 373 690 τὸν
404 645 559 699 ἄνδρα,
587 644 748 687 τούτου
778 643 1117 712 καθηγουμένου
1137 646 1327 712 διῆλθεν
1355 643 1571 693 ἐπιπόνως
1594 640 1675 696 τήν

297 702 473 758 ὀρεινήν
502 700 679 752 νυκτός,
728 700 892 755 πολλὴν
919 699 998 753 μὲν
1035 698 1228 767 πατήσας
1266 700 1408 754 χιόνα,
1448 703 1596 742 πᾶσαν
1628 697 1675 741 δὲ

213 771 266 813 25
295 759 532 828 κρημνώδη
563 758 708 813 χώραν
737 758 943 809 περάσας,
976 755 1225 827 χαράδραις
1242 758 1440 811 βαθείαις
1469 756 1542 800 καὶ
1570 758 1677 798 πολ-

293 821 389 867 λαῖς
426 815 617 871 φάραγξι
657 812 971 879 διειλημμένην
1024 812 1254 882 ἐπιφανεὶς
1293 813 1338 856 δὲ
1374 817 1468 863 ταῖς
1504 828 1677 880 προφυ-

295 878 448 923 λακαῖς
477 888 566 914 των
594 871 827 924 πολεμίων,
856 868 962 919 τούς
991 885 1069 924 μεν
1098 868 1301 939 πρώτους
1317 868 1545 920 κατέκοψε,
1574 867 1678 918 τοὺς

294 927 340 973 δ’
370 929 441 972 ἐπὶ
463 932 540 983 τῆς
559 926 763 995 δευτέρας
786 929 985 994 φυλακῆς
1010 925 1294 981 τεταγμένους
1316 924 1545 996 ἐζώγρησε,
1574 924 1680 974 τοὺς

293 985 340 1030 δὲ
368 987 542 1040 τρίτους
569 983 841 1055 τρεψάμενος
867 981 1076 1053 ἐκράτησε
1105 999 1193 1026 των
1222 982 1444 1053 παρόδων,
1475 981 1549 1025 καὶ
1573 997 1678 1031 τους

211 1056 265 1094 30
296 1044 526 1092 πλείστους
554 1056 644 1084 των
672 1041 770 1094 περὶ
796 1039 875 1082 τὸν
900 1037 1244 1095 Ἀριοβαρζάνην
1273 1038 1505 1083 ἀπέκτεινε.

207 1112 263 1151 69
406 1096 534 1142 Μετα
565 1097 611 1141 δὲ
643 1101 778 1140 ταῦτα
811 1095 880 1139 ἐπὶ
908 1096 986 1151 τὴν
1017 1096 1290 1150 Περσέπολιν
1329 1095 1539 1151 προάγων
1568 1092 1677 1138 κατὰ

293 1153 374 1211 τὴν
404 1153 511 1199 ὁδὸν
540 1152 770 1223 ἐπιστολήν
799 1152 1031 1208 ἐκομίσατο
1061 1170 1179 1213 παρα
1197 1157 1279 1197 τοῦ
1299 1152 1586 1208 κυριεύοντος
1605 1154 1681 1222 τῆς

294 1212 460 1263 πόλεως
504 1209 752 1266 Τιριδάτου.
813 1210 859 1253 έν
897 1209 1040 1281 ταύτῃ
1067 1209 1109 1253 δ’
1147 1207 1203 1264 ἦν
1240 1210 1562 1266 γεγραμμένον,
1602 1207 1681 1251 {av

210 1280 265 1323 35
294 1268 650 1324 παραγενόμενος
690 1265 847 1323 φθάσῃ
884 1283 989 1318 τους
1025 1267 1391 1335 ἐπιβαλλομένους
1422 1268 1681 1335 διατηρῆσαι

296 1327 472 1382 Δαρείῳ
512 1341 593 1380 την
625 1324 923 1392 Περσέπολιν,
966 1323 1121 1377 κύριος
1152 1323 1270 1366 ἔσται
1299 1322 1458 1378 ταύτης
1486 1320 1547 1365 ὑπ
1603 1319 1680 1364 αὐ-

295 1387 377 1426 τοῦ
406 1382 745 1451 παραδοθείσης.
807 1379 958 1434 διόπερ
993 1379 1016 1422 6
1043 1379 1319 1434 Ἀλέξανδρος
1348 1381 1458 1423 κατὰ
1485 1379 1683 1433 σπουδὴν

294 1455 371 1496 ηγε
400 1438 481 1495 τῆν
510 1436 720 1493 δύναμιν,
767 1437 841 1480 καὶ
870 1436 949 1479 τόν
977 1435 1157 1492 Ἀράξην
1187 1437 1385 1491 ποταμὸν
1415 1435 1564 1489 ζεύξας
1595 1437 1682 1478 διε-

296 1498 450 1552 βίβασε
487 1495 591 1545 τοὺς
631 1492 907 1549 στρατιώτας.
967 1493 1242 1562 προάγοντος
1280 1494 1326 1537 δὲ
1368 1497 1448 1536 τοῦ
1477 1491 1686 1561 βασιλέως

212 1565 267 1608 40
296 1553 440 1608 θέαμα
475 1551 731 1606 παράδοξον
769 1551 843 1594 καὶ
883 1550 1029 1593 δεινὸν
1060 1550 1216 1607 ὤφθη,
1262 1551 1583 1618 μισοπονηρίαν
1607 1564 1686 1604 μεν

296 1610 495 1682 περιέχον
524 1608 634 1652 κατά
663 1623 753 1652 των
758 1607 1055 1677 πραξάντων,
1086 1608 1207 1651 ἔλεον
1233 1608 1278 1651 δὲ
1304 1609 1377 1651 καὶ
1408 1605 1686 1677 συμπάθειαν

297 1666 514 1736 ἐπιφέρον
549 1665 659 1719 πρὸς
691 1681 797 1715 τους
828 1663 1041 1720 ανήκεστα
1078 1663 1371 1715 πεπονθότας.
1432 1663 1686 1732 ἀπήντησαν

297 1723 381 1780 γὰρ
422 1722 542 1780 αὐτῷ
582 1719 686 1777 μεθ’
733 1724 985 1789 ἱκετηριῶν
984 1721 1188 1792 Έλληνες
1227 1719 1314 1765 ὑπὸ
1347 1737 1438 1764 των
1466 1718 1686 1774 πρότερον

215 1791 269 1834 45
300 1781 515 1849 βασιλέων
554 1778 790 1823 ἀνάστατοι
828 1777 1075 1848 γεγονότες,
1124 1777 1375 1822 ὀκτακόσιοι
1414 1793 1494 1832 μεν
1530 1775 1685 1832 σχεδόν

299 1837 378 1881 τὸν
408 1835 621 1906 ἀριθμὸν
635 1834 769 1888 ὄντες,
803 1840 897 1886 ταῖς
928 1833 972 1877 δ’
1004 1833 1188 1891 ἡλικίαις
1219 1852 1263 1878 οι
1295 1840 1488 1878 πλεῖστοι
1517 1850 1596 1890 μεν
1616 1849 1687 1888 γε-

298 1894 557 1950 γηρακότες,
595 1891 997 1965 ἠκρωτηριασμένοι
1028 1893 1072 1935 δὲ
1097 1892 1305 1944 ἅπαντες,
1345 1893 1387 1935 οἵ,
1416 1907 1495 1947 μεν
1523 1895 1686 1961 χεῖρας,ι

301 1953 345 1993 οἱ
375 1951 424 1995 δὲ
452 1951 606 2002 πόδας,
639 1952 681 1993 οἱ
710 1949 757 1993 δε
788 1952 877 1992 ὠτα
906 1949 979 1992 καὶ
1010 1950 1157 2004 ῥῖνας·
1201 1965 1290 1992 των
1321 1947 1361 1992 δ’
1394 1947 1629 2016 ἐπιστήμας
1657 1944 1686 2002 ἢ

299 2007 451 2078 τέχνας
492 2006 672 2051 εἰδότων
717 2007 791 2050 καὶ
835 2005 883 2049 έν
923 2008 1098 2050 παιδεία
1138 2006 1480 2077 προκεκοφότων
1513 2003 1566 2046 τά
1606 2019 1686 2059 μεν

218 2076 272 2119 50
302 2063 413 2109 α’λλα
440 2081 529 2107 των
554 2063 837 2134 ἀκρωτηρίων
857 2061 1115 2115 ἀπέκοπτον,
1146 2062 1260 2106 αὐτὰ
1285 2063 1331 2107 δὲ
1358 2061 1474 2132 μόνα
1501 2077 1556 2104 τα
1586 2070 1684 2103 συν·
1695 2058 1763 2096 214

307 2125 521 2178 εργοῦντα
549 2121 661 2176 πρὸς
688 2137 765 2171 τας
796 2119 1030 2176 ἐπιστήμας
1061 2119 1356 2164 ἀπελέλειπτο·
1390 2117 1492 2169 ὥςτε
1521 2116 1716 2168 πάντας

307 2179 504 2249 ὁρωντας
542 2194 595 2220 τα
635 2182 710 2233 τῆς
744 2176 914 2232 ἡλικίας
945 2176 1168 2246 ἀξιώματα
1196 2177 1270 2220 καὶ
1297 2193 1375 2226 τας
1403 2172 1686 2245 περιεχούσας

306 2253 360 2280 τα
399 2234 576 2291 σώματα
615 2234 849 2291 συμφορὰς
888 2236 1021 2278 ἐλεεῖν
1058 2233 1135 2286 τὰς
1166 2233 1297 2290 τύχας
1326 2249 1416 2276 των
1445 2229 1689 2288 ἀκληρούν-

305 2371 362 2406 15.
411 2369 552 2406 Λύκιον
575 2368 666 2414 μεν]
689 2368 756 2415 μὲν
780 2369 921 2407 Λύκιον
949 2372 982 2405 Y
1167 2367 1284 2413 εἶναι]
1307 2365 1398 2403 ὄντα
1416 2369 1447 2402 F
1630 2368 1688 2403 21.

307 2417 628 2462 ἐπαγγειλάμενος]
655 2415 955 2471 ἐπαγγελλόμενος
978 2416 1037 2451 FL
1199 2416 1256 2450 29.
1304 2416 1514 2459 πλείστους]
1539 2415 1687 2455 πλείους

307 2464 368 2498 FL
551 2465 608 2498 31.
654 2463 851 2509 προάγων]
884 2460 1105 2507 προαγαγών
1124 2461 1154 2495 L
1346 2462 1402 2496 33.
1456 2460 1683 2506 Τιριδάταν]

308 2509 390 2544 libri
416 2511 449 2543 T
448 2508 631 2554 ηριδάτου
814 2510 871 2544 34.
918 2506 1249 2562 ἐπιβαλλομένους]
1275 2505 1585 2552 ἐπικαλουμένους
1607 2509 1638 2542 F

401 2555 459 2592 36.
507 2556 630 2600 ἔσται]
658 2554 806 2591 ἔσεσθαι
828 2557 906 2590 FL:
930 2568 998 2600 quo
1020 2560 1158 2599 recepto
1181 2555 1400 2589 smibendum
1423 2553 1555 2601 κύριον

308 2602 366 2637 43.
413 2600 617 2647 πρότερον]
648 2602 838 2659 προτέρων
862 2603 891 2636 L
1097 2601 1153 2636 46.
1200 2613 1267 2644 μεν
1302 2613 1370 2635 οιιι.
1396 2603 1479 2637 Bas.

311 2645 472 2689 ἅπαντες
505 2649 588 2692 FL,
626 2649 754 2683 caeteri
783 2647 918 2688 πάντες
1105 2647 1163 2682 48.
1209 2647 1272 2682 καὶ
1303 2659 1373 2682 οιιι.
1406 2649 1437 2682 F
1626 2645 1683 2681 49.

312 2693 546 2739 ἀπέκοπτον]
573 2692 774 2730 οἷπέκοπτεν
798 2696 848 2729 F·
885 2694 998 2729 scribe
1020 2691 1246 2730 ἀπεκέκοπτο

401 2741 483 2775 214.
516 2740 572 2777 50.
619 2741 757 2796 μόνον]
782 2739 883 2786 μόνα
906 2741 936 2775 F
1112 2739 1171 2775 53.
1218 2737 1332 2785 τύχας
1352 2741 1394 2783 F,
1418 2743 1454 2775 et
1474 2739 1579 2774 vertit
1600 2739 1687 2776 Cos-

308 2799 385 2833 pus,
405 2787 535 2823 caeteri
556 2785 680 2833 ψυχάς
