1820 3249
666 199 785 245 12113'.
846 198 974 248 XIX.
1402 201 1515 245 1593

130 328 214 366 tur;
244 322 357 357 simul
393 323 493 357 ultra
521 322 564 357 in'
592 321 765 356 Ciliciam
795 330 919 357 movet
931 320 1086 371 ‚‘'copiis
1116 327 1153 356 et
1181 320 1338 368 pecunia
1367 319 1517 353 terribi-

131 379 177 413 lis
199 376 302 429 [56.].
333 384 501 414 recusata
531 379 809 426 provinciarum
835 387 871 414 et
900 380 1146 425 pecuniarum
1176 390 1294 425 aequa
1324 376 1516 420 divisione,

130 436 384 480 Ptolemaeus,
417 436 657 482 Lysimachus
686 442 723 470 et
746 437 952 471 Cassander
975 448 1079 470 arma
1109 438 1147 469 in
1177 435 1402 482 Antigonum
1430 444 1518 467 con-

130 492 288 532 sociant,
327 493 504 539 Antigoni
538 498 668 527 contra
704 492 826 527 hostes
856 500 1050 540 apparatus
1082 489 1180 541 [57.].
1221 491 1447 537 Antigonus,
1477 491 1517 524 in

129 549 370 584 Phoeniciam
402 560 616 596 progressus
645 551 977 595 Tyrum'bbsidet,
1006 550 1115 584 simul
1145 551 1183 584 in
1212 548 1424 590 Phoenicia,
1456 546 1517 580 Ci-

130 606 218 640 licia
257 611 295 641 et
330 606 462 641 Rhodo
503 618 615 642 naves
652 608 786 641 exstrui
828 608 944 643 iubet.
983 613 1136 653 apparet
1175 606 1317 640 interea
1346 605 1518 639 Seleucus

130 675 219 697 cum
259 663 372 697 classe
409 659 512 712 [58.].
551 664 591 698 in
620 664 829 700 Phoenicia·
851 665 1046 699 ulteriores
1076 663 1254 710 Antigoni
1293 661 1518 696 molitiones.

129 719 240 754 Circa
266 720 339 755 hoc
366 726 513 767 tempus
541 721 686 756 Crateri
719 733 799 756 ossa
829 732 895 766 per
924 721 1135 755 Aristonem
1163 720 1291 755 Philae
1320 718 1366 753 ad
1396 717 1521 763 sepul-

129 780 256 811 turam
292 777 449 822 tradita,
488 777 592 812 cuius
625 777 793 813 mulieris
827 778 1020 825 ingenium
1060 778 1303 822 animumque
1333 775 1522 821 praedicat

129 832 325 868 historicus
358 831 460 883 [59.].
490 836 639 869 Ducum
669 835 843 880 Antigoni
874 836 912 870 in
933 835 1202 881 'Peloponneso
1233 839 1270 867 et
1301 833 1380 866 Asia
1410 843 1522 877 expe-

131 889 288 925 ditiones
319 888 419 940 [60.].
457 891 586 925 iuncta
626 904 710 926 cum
741 892 949 927 Alexandro
987 889 1310 937 Polysperchontis
1345 889 1422 922 filio
1461 899 1519 921 so-

130 947 286 991 cietate,
319 948 471 994 publico
503 948 650 983 decreto
685 949 930 984 Cassandrum
959 949 1166 995 Antigonus
1199 947 1365 992 hostem,
1398 947 1518 979 Grac-

132 1015 195 1038 cos
231 1004 367 1040 liberos
407 1005 593 1048 declarat,
635 1006 883 1041 Alexandrum
927 1007 966 1040 in
1014 1004 1310 1051 Peloponnesum
1355 1002 1517 1048 ablegat,

129 1061 207 1106 ipse
245 1072 332 1096 vero
361 1064 504 1108 Tyrum
544 1063 735 1097 contendit
774 1060 895 1111 [61.].
936 1063 1169 1098 Ptolemaeus
1209 1060 1323 1095 simili
1368 1060 1517 1093 decreto

127 1119 293 1153 Graecos
320 1118 395 1152 suis
422 1119 565 1165 legibus
591 1131 669 1154 esse
698 1120 815 1157 iubet.
852 1119 984 1154 deinde
1013 1123 1256 1153 recensentur
1285 1117 1413 1163 copiae
1442 1122 1517 1149 ter-

127 1180 261 1209 restres
299 1182 336 1209 et
368 1175 516 1210 navales
546 1176 585 1210 in
615 1176 776 1211 diversas
814 1183 936 1222 partes
978 1176 1109 1210 missae
1142 1171 1242 1223 [6⁶24.
1283 1175 1326 1208 In
1357 1172 1518 1208 Graecia

126 1231 366 1277 Apollonides
404 1232 603 1267 Cassandri
639 1233 713 1267 dux
754 1233 793 1267 in
832 1233 1053 1276 Arcadiam,
1092 1233 1177 1267 inde
1217 1233 1257 1266 in
1296 1231 1517 1277 Argivorum

127 1283 278 1332 urhem',
311 1289 496 1334 impetum
525 1289 635 1334 fecit3
667 1290 872 1325 Cassander
901 1290 977 1336 ipse
1007 1289 1300 1335 Peloponnesum
1330 1288 1518 1334 ingressus

130 1346 337 1380 Cenchreas
372 1347 619 1393 expugnavit,
648 1353 685 1381 et
716 1347 1056 1382 Orchomeniorum
1086 1347 1217 1381 urbem
1246 1353 1312 1391 per
1340 1343 1520 1390 proditio-

128 1413 217 1436 nem
245 1403 343 1448 cepit
374 1400 472 1451 [63.].
512 1403 696 1450 reliquam
735 1411 958 1450 pervagatus
991 1395 1290 1448 Peloponnesum
1316 1400 1520 1436 Cassander

128 1460 169 1495 in
199 1460 460 1495 Macedoniam
489 1461 626 1505 rediit3
657 1473 740 1495 mox
768 1461 1017 1496 Alexandrum
1049 1460 1125 1494 eius
1153 1458 1524 1505 partes'amplexum

129 1516 372 1563 Peloponnesi
413 1517 678 1563 imperatorem
719 1519 927 1553 constituit.
970 1518 1111 1552 interea
1141 1506 1347 1562 Polyclitus
1376 1513 1524 1549 Seleuci

129 1574 274 1620 legatus
310 1574 547 1609 Theodotum
588 1575 765 1621 Antigoni
805 1575 1039 1609 nauarchum
1075 1580 1112 1608 et
1144 1574 1338 1609 *Perilaum
1383 1570 1525 1605 insidiis

130 1631 366 1679 opprimens,
404 1630 575 1677 ingentes
614 1633 713 1677 apud
759 1632 1019 1666 Ptolemaeum
1057 1631 1196 1677 gratias
1235 1629 1386 1664 meruit
1422 1624 1524 1675 [64.].

128 1688 345 1736 Agathoclis
373 1687 412 1721 in
442 1689 567 1723 Sicilia
595 1689 751 1723 insidiae
782 1695 817 1723 et
846 1690 1076 1724 incursiones
1105 1688 1153 1722 in*
1174 1684 1398 1728 Messanam,
1434 1685 1526 1718 Car-

127 1744 420 1791 thaginiensium
459 1746 596 1780 auxilio
627 1746 877 1792 propulsatae.
935 1749 1193 1782 Romanorum
1226 1752 1312 1778 cum
1349 1740 1609 1798 Samniti-116

128 1802 198 1837 bus
236 1802 379 1839 bellum
420 1798 519 1850 [65.].
560 1803 810 1838 Aristodemus
840 1803 1018 1849 Antigoni
1057 1803 1129 1837 dux
1159 1801 1306 1836 Aetolos
1345 1800 1393 1834 ad
1422 1797 1523 1832 auxi·
1569 1789 1622 1854 3⁶⁵

129 1859 299 1893 liandum
321 1858 527 1905 'Antigono
557 1859 691 1905 adigit;
722 1867 803 1894 tum
836 1861 873 1894 in
906 1860 1200 1906 Peloponnesum
1240 1858 1384 1903 impetu
1422 1855 1523 1889 facto

129 1916 229 1950 redit
257 1917 296 1950 in
316 1916 508 1957 Aetoliam.
542 1917 699 1962 Dymaei
729 1918 774 1951 ab
806 1917 1014 1951 Alexandro
1037 1915 1362 1962 Polysperchontis
1392 1911 1525 1946 domiti

130 1985 219 2007 mox
258 1973 468 2008 libertatem
512 1973 701 2008 vindicant
748 1971 848 2022 [66.].
904 1974 1157 2008 Alexandrum
1201 1978 1326 2006 autem
1365 1969 1522 2004 Alexion

131 2031 325 2075 Sicyonius
353 2041 419 2075 per
447 2030 596 2064 insidias
627 2031 783 2074 occidit;
823 2042 894 2077 quo
925 2031 1024 2064 facto
1057 2029 1293 2076 Cratesipolis
1321 2029 1398 2063 eius
1429 2037 1526 2060 uxor

130 2093 301 2133 suscepto
329 2087 489 2132 imperio
517 2087 706 2132 Sicyonios
733 2089 874 2134 proelio
906 2088 1060 2122 domuit.
1120 2086 1324 2122 Cassander
1352 2095 1440 2119 vero
1470 2083 1524 2117 vi-

133 2145 221 2179 dens
259 2143 407 2190 Aetolos
436 2156 524 2178 curn
554 2144 737 2190 Antigono
775 2146 922 2189 facere,
954 2157 1057 2179 arma
1091 2144 1210 2178 iunxit
1244 2155 1331 2177 cum
1363 2144 1526 2176 Acarna-

133 2201 242 2236 nibus
271 2213 402 2235 eorum
441 2201 630 2244 hostibus3
668 2201 798 2235 deinde
837 2214 919 2236 rem
949 2202 988 2235 in
1019 2201 1172 2247 illyride
1210 2210 1382 2247 prospere
1412 2197 1524 2244 gessit

134 2255 236 2307 [67‚].
279 2260 323 2293 In
355 2258 497 2291 Aetolia
531 2258 726 2292 tumultus.
763 2259 960 2293 Cassandri
997 2258 1037 2292 in
1063 2259 1212 2293 Cariam
1244 2255 1450 2302 expeditio,
1482 2259 1525 2287 ut

135 2317 361 2361 Antigonum
392 2315 437 2349 ab
467 2316 615 2361 Europa
642 2323 805 2363 arceret,
838 2321 874 2350 et
904 2315 941 2350 in
971 2316 1158 2349 Lemnum
1189 2310 1289 2362 [68.].
1321 2312 1525 2358 Antigonus

132 2372 264 2407 relicto
292 2372 331 2406 in
361 2372 465 2417 Syria
495 2372 570 2405 filio
601 2372 791 2407 Demetrio
823 2373 1025 2407 admodum
1054 2372 1213 2415 iuvene,
1245 2382 1332 2405 cum
1364 2368 1526 2403 exercitu

134 2435 171 2463 et
199 2435 359 2476 quatuor
387 2429 539 2472 amicis,
569 2430 633 2475 qui
665 2429 819 2464 consilio
851 2440 937 2464 eum
971 2429 1202 2470 adiuvarent,
1233 2428 1310 2473 ipse
1339 2437 1455 2473 usque
1480 2424 1527 2458 ad

135 2486 311 2524 Celaenas
340 2485 535 2531 Phrygiae.
559 2497 773 2532 progressus
802 2493 880 2521 erat
911 2482 1010 2534 [69.].
1052 2487 1093 2519 In
1123 2484 1246 2521 Sicilia
1277 2486 1528 2530 Syracusano-

132 2555 217 2577 rum
247 2542 386 2576 exsules
418 2542 676 2588 Agrigentinos
708 2544 753 2578 ad
782 2544 923 2578 bellum
952 2543 990 2575 in
1022 2541 1261 2589 Agathoclem
1291 2541 1527 2586 impulerant.

132 2599 172 2634 hi
203 2597 332 2634 Gelois
372 2604 408 2632 et
436 2599 627 2634 Messeniis
658 2601 827 2635 assumtis
857 2600 965 2634 sociis
995 2611 1016 2633 a
1050 2599 1354 2634 Lacedaemoniis
1393 2597 1528 2630 ducem

133 2661 334 2702 expetunt,
366 2656 659 2702 Acrotatumque
691 2657 900 2691 Cleomenis
929 2656 1026 2702 regis
1055 2656 1174 2691 filium
1205 2655 1396 2701 accipiunt
1428 2649 1530 2700 [7o,].

137 2712 199 2747 sed
239 2713 432 2747 Acrotatus
474 2713 520 2746 ob
550 2714 765 2759 superbiam
807 2714 949 2748 cunctis
991 2712 1082 2746 adeo
1121 2713 1259 2748 invisus
1289 2718 1369 2745 erat
1397 2716 1440 2744 ut
1468 2710 1528 2742 fu-

136 2781 225 2816 gam
270 2779 457 2815 capessere
500 2777 709 2816 cogeretur.
759 2777 851 2805 tunc
890 2769 1128 2816 Agrigentini
1164 2769 1304 2804 arbitro
1344 2766 1530 2801 Amilcare

135 2838 222 2861 curn
265 2825 467 2873 Agathocle
506 2837 636 2872 pacem
675 2828 850 2862 fecerunt
890 2821 993 2876 [71.].
1032 2826 1250 2873 Agathoclea
1287 2831 1413 2859 autem
1452 2822 1530 2858 otio
