1820 3249
472 223 588 264 LlB.
615 220 745 263 XVII.
804 219 935 262 GAP.
965 223 1059 264 102
1092 224 1521 266 1031235

138 338 236 380 πῶν
263 338 350 405 μεθ
399 335 628 404 ἱκετηριων
656 332 935 404 δεηθέντων,
945 331 1052 384 τούς
1081 332 1364 385 αἰτιωτάτους
1391 333 1517 379 κολά-
1549 345 1601 385 10

138 404 217 443 σας
243 391 349 442 τούς
375 391 557 442 λοιποὺς
585 388 771 434 ἀπέλυσε
799 393 890 433 τῶν
917 388 1206 460 ἐγκλημάτων.
1267 390 1292 434 6
1323 391 1369 435 δὲ
1396 395 1516 448 βασι-

137 448 238 500 λευς
269 449 450 518 Σάμβος
481 445 586 503 μετὰ
615 445 851 501 τριάκοντα
885 445 1135 516 ἐλεφάντων
1164 447 1323 503 φυγῶν
1350 450 1412 499 εἰς
1435 449 1515 520 τήν

59 505 278 575 24οπέραν
299 508 382 548 τοῦ
408 502 552 548 Ἰνδοῦ
579 503 738 572 χώραν
762 503 943 558 διέφυγε
970 502 1050 547 τόν
1079 505 1302 548 κίνδυνον.
1360 508 1437 576 τῆς
1464 502 1509 549 δ’
1543 514 1626 553 103

135 560 314 632 ἐσχάτης
339 564 430 605 τῶν
468 558 747 630 Βραχμάνων
783 559 970 611 πόλεως,
1014 559 1071 616 ἢν
1101 560 1398 617 ὀνομάζουσιν
1424 559 1513 618 Ἀρ·
1546 570 1597 609 15

134 617 334 689 ματήλια,
363 616 825 688 πεφρονηματισμένης
853 616 924 660 ἐπ’
945 615 1125 674 ἀνδρείᾳ
1145 618 1220 661 καὶ
1243 620 1513 673 δυςχωρίαις,

135 674 394 718 ἀπέστειλεν
422 672 598 729 ὀλίγους
633 677 724 717 τῶν
760 677 924 725 ψιλων,
974 662 1214 728 προςτάξας
1253 674 1516 726 ἐξάπτεσθαι

134 747 223 775 των
259 732 504 800 πολεμίων,
541 730 616 773 καὶ
655 728 733 774 ἐὰν
762 731 1006 783 ἐπεξίωσιν,
1044 729 1328 800 ὑποφεύγειν.
1390 735 1515 776 οὑτοι

133 804 214 844 μεν
244 793 353 840 οὐν,
382 786 505 838 ὄντες
531 786 811 831 πεντακόσιοι
835 787 909 830 καὶ
934 787 1285 860 προςμαχόμενοι
1312 793 1406 840 τοῖς
1436 790 1516 832 τεί-

130 854 236 900 χεσι,
272 843 683 899 κατεφρονήθησαν.
740 843 1061 895 ἐπεξελθόντων
1090 843 1137 887 δ’
1168 844 1214 888 ἐκ
1242 848 1318 900 τῆς
1346 843 1513 898 πόλεως
1540 853 1596 894 20

132 904 410 955 στρατιωτων
445 902 710 969 τριςχιλίων,
743 901 1118 970 προςποιηθέντες
1157 906 1513 973 καταπεπλῆχθαι

130 957 240 1011 πρὸς
272 956 422 1012 φυγὴν
451 956 671 1026 ω’ρμησαν.
731 956 756 1000 6
788 957 834 1000 δὲ
863 957 1068 1028 βασιλευς
1097 956 1191 1012 μετ’
1214 956 1376 1013 ὀλίγων
1400 958 1511 1003 ὑπο-

133 1014 236 1064 στὰς
264 1013 369 1064 τούς
399 1013 639 1065 διώκοντας
667 1017 757 1056 τῶν
786 1013 1047 1084 βαρβάρων,
1086 1014 1160 1057 καὶ
1190 1015 1331 1084 μάχην
1358 1032 1510 1070 καρτε-

134 1070 218 1122 ραν
246 1069 581 1140 συστησάμενος,
611 1069 690 1120 οὕς
719 1069 798 1126 μὲν
817 1069 1037 1114 ἀπέκτεινε
1055 1087 1146 1113 των
1164 1071 1406 1141 βαρβάρων
1427 1072 1508 1124 οὕς
1536 1076 1592 1118 25

133 1125 183 1169 δ’
222 1126 446 1196 ἐζώγρησε.
515 1131 605 1169 τῶν
649 1127 696 1169 δὲ
733 1126 839 1181 μετὰ
877 1131 961 1170 τοῦ
998 1127 1210 1195 βασιλέως
1249 1126 1332 1171 οὐκ
1371 1129 1510 1184 ὀλίγοι

130 1183 374 1235 τρωθέντες
417 1183 477 1233 εἰς
514 1182 619 1234 τούς
653 1182 862 1238 ἐσχάτους
889 1179 1054 1243 ἦλθον
1060 1183 1311 1234 κινδύνους.
1369 1185 1393 1228 ὁ
1421 1185 1508 1241 γάρ

130 1244 220 1283 τῶν
250 1237 488 1309 βαρβάρων
514 1241 691 1296 σίδηρος
719 1239 997 1309 κεχρισμένος
1024 1244 1081 1296 ἠν
1117 1240 1356 1309 φαρμάκου
1373 1246 1510 1285 θανα-

129 1298 262 1351 σίμου
288 1295 490 1352 δυνάμει,
520 1297 548 1353 ἡ
578 1297 835 1348 πεποιθότες
862 1296 1107 1366 κατέβησαν
1135 1298 1195 1348 εἰς
1223 1296 1304 1353 τήν
1333 1297 1406 1342 δια
1435 1303 1511 1355 τῆς

127 1354 265 1425 μάχης
293 1353 449 1406 κρίσιν.
505 1353 822 1397 κατεσκεύαστο
861 1354 908 1396 δὲ
939 1352 963 1409 ἡ
994 1357 1074 1396 τοῦ
1104 1355 1344 1423 φαρμάκου
1374 1354 1507 1398 δύνα-
1537 1363 1591 1402 30

129 1426 201 1464 μις
235 1410 282 1452 ἐκ
318 1425 452 1453 τινων
489 1408 637 1464 ὄφεων
676 1411 990 1480 θηρευομένων
1028 1410 1104 1455 καὶ
1138 1409 1309 1454 τούτων
1339 1413 1399 1463 εἰς
1427 1411 1508 1455 τὸν

128 1465 256 1521 ἥλιον
283 1481 453 1520 νεκρων
481 1466 735 1534 τιθεμένων.
794 1471 868 1519 τῆς
898 1464 942 1509 δ’
974 1467 1021 1510 ἐκ
1050 1470 1130 1510 τοῦ
1158 1466 1382 1522 καύματος
1405 1474 1508 1523 θερ-

128 1523 287 1578 μασίας
325 1523 542 1579 τηκούσης
580 1540 663 1579 την
702 1527 778 1592 τῆς
815 1523 976 1577 σαρκός
1009 1524 1146 1578 φύσιν
1175 1526 1362 1576 ἱδρωτας
1390 1525 1508 1568 ἐκπί-

128 1595 250 1622 πτειν
279 1580 510 1648 συνέβαινε
539 1581 612 1623 καὶ
649 1579 722 1622 δια
752 1583 829 1635 τῆς
855 1581 1029 1630 νοτίδος
1044 1583 1406 1633 συνεκκρίνεσθαι
1428 1581 1506 1625 τὸν

128 1639 218 1679 τῶν
245 1637 416 1692 θηρίων
455 1634 536 1679 ἰόν
596 1635 664 1680 διδ
695 1636 769 1679 καὶ
797 1639 878 1680 τοῦ
906 1636 1074 1691 τρωθέν
1077 1652 1150 1687 τος
1179 1636 1317 1688 εὐθὺς
1342 1636 1504 1691 ἐνάρκα
1533 1638 1588 1679 35

91 1693 94 1700 '
127 1691 177 1735 τὸ
208 1697 346 1748 σῶμα,
376 1693 450 1736 καὶ
479 1692 574 1748 μετ’
605 1691 755 1760 ὀλίγον
783 1692 918 1745 ὀξεῖαι
948 1692 1316 1748 συνηκολούθουν
1334 1693 1504 1747 ὀδύναι,

128 1749 202 1793 καὶ
231 1749 428 1819 σπασμός
455 1751 530 1792 καὶ
558 1747 718 1804 τρόμος
746 1749 826 1793 τόν
854 1750 958 1792 ὅλον
988 1749 1124 1806 ὄγκον
1152 1755 1365 1805 κατεῖχεν,
1405 1750 1431 1794 6
1460 1767 1504 1794 τε

130 1822 242 1862 χρως
279 1804 447 1877 ψυχρὸς
483 1807 557 1850 καὶ
592 1805 795 1856 πελιδνός
830 1805 1014 1876 ἐγίνετο,
1061 1807 1136 1849 καὶ
1176 1806 1249 1850 δια
1286 1823 1374 1850 των
1415 1807 1504 1862 ἐμέ-

127 1878 218 1906 των
245 1861 438 1915 ἐξέπιπτε
466 1861 590 1935 χολή,7
615 1862 725 1918 πρὸς
755 1863 801 1906 δὲ
827 1861 999 1913 τούτοις
1028 1861 1114 1906 απὸ
1141 1867 1222 1906 τοῦ
1255 1863 1505 1919 τραύματος

128 1918 258 1974 μέλας
274 1917 446 1989 άφρὸς
465 1917 660 1989 άπέῤῥει
697 1919 771 1962 καὶ
810 1919 1008 1973 σηπεδὼν
1042 1919 1254 1990 ἐγεννᾶτο
1316 1920 1425 1977 αὕτη
1455 1921 1502 1964 δὲ
1532 1924 1585 1967 40

127 1974 340 2033 γενομένη
376 1974 536 2031 ταχέως
569 1975 773 2046 ἐπέτρεχε
798 1981 891 2026 τοῖς
925 1977 1099 2030 κυρίοις
1134 1976 1287 2027 τόποις
1316 1981 1396 2021 τοῦ
1425 1977 1505 2021 σώ-

129 2048 290 2087 ματος,
335 2033 411 2076 καὶ
446 2031 619 2084 δεινους
653 2031 881 2084 θανάτους
919 2032 1210 2105 α’πειργάζετο.
1269 2033 1340 2078 διὸ
1377 2035 1504 2078 συνέ-

128 2092 254 2145 βαινε
289 2088 344 2132 τὰ
385 2091 460 2132 ἴσα
495 2094 586 2142 τοῖς
620 2087 783 2146 μεγάλα
818 2087 1032 2146 τραύματ’
1073 2088 1272 2182 εἰληφόσι
1300 2091 1375 2136 καὶ
1411 2096 1503 2144 τοῖς

128 2258 181 2293 94
210 2257 402 2316 ἱκετηριων
425 2259 540 2303 FLQ‚
572 2260 701 2294 caeteri
731 2258 916 2305 ἱκετηρίας
1097 2260 1154 2296 1⁰.
1201 2259 1384 2306 ἀπέλυσε]
1416 2256 1504 2296 ἀπέ-

129 2307 235 2339 λυσεν
255 2303 296 2340 ἐν
318 2304 446 2352 εἰρήνῃ
470 2305 580 2350 αφεὶς
601 2307 633 2350 Q

221 2359 868 2408 240.15.Αρματήιια]“Ἀρματα
889 2362 981 2397 LXY
1005 2362 1106 2405 Bas„
1133 2364 1265 2409 Cospus
1448 2360 1504 2396 16.

129 2408 368 2453 δὐςχωρίαις]
394 2409 577 2456 δνςχωρίᾳ
601 2411 666 2444 TY
689 2411 786 2454 Bas„
809 2408 850 2445 ἐν
874 2410 1095 2454 δυςχωρίαις
1117 2411 1176 2444 Fn
1340 2406 1399 2442 17.
1439 2415 1503 2453 ψι-

128 2454 225 2498 λων]
252 2455 371 2498 φίλων
392 2465 510 2489 omnes
691 2457 748 2491 18.
794 2455 986 2499 ἐπεξίωσιν
1007 2456 1048 2498 L,
1073 2457 1202 2490 caeteri
1212 2451 1424 2512 ,ύπεξίωσιν

221 2499 477 2555 πεντακόσιοι]
502 2501 758 2549 quinquaginta
778 2504 931 2558 Cospus
980 2508 982 2510 ’
1094 2502 1151 2537 22.
1199 2500 1333 2545 ὀλίγων
1357 2500 1502 2534 Rhodo-

129 2556 292 2580 mannus:
323 2546 405 2580 libri
427 2543 552 2592 ὀλίγον
735 2549 794 2584 27.
841 2545 863 2584 6
887 2545 958 2593 γάρ
980 2561 1055 2583 των
1079 2548 1302 2595 βαρβάρων]
1339 2544 1416 2582 ἐπεὶ
1439 2546 1503 2582 καὶ
1568 2544 1581 2555 “

131 2633 154 2672 6
179 2634 217 2672 ἰν
239 2639 318 2677 τοῖς
340 2635 456 2682 βέλεσι
478 2639 570 2691 lj'IaQ
749 2639 808 2676 28.
833 2617 902 2695 ἦ]
926 2636 1072 2681 τούτοις
1093 2637 1161 2684 γάρ
1184 2639 1226 2681 L,
1249 2607 1400 2677 τγούτΊόις
1425 2637 1456 2671 F

221 2683 279 2718 29.
324 2682 610 2739 κατεσκεύαστο]
644 2684 921 2728 κατεσκευάζετο
953 2686 983 2719 F
984 2686 1012 2719 L
1205 2665 1263 2722 33.
1318 2683 1503 2719 ἐκπίπτειν

129 2729 237 2774 FLQ,
259 2729 386 2764 caeteri
408 2728 601 2786 ἐκπέμπειν
736 2734 791 2768 34
817 2733 1114 2775 σννεκκρίνεσθαι
1136 2732 1208 2773 FL,
1233 2731 1358 2766 caeteri
1382 2727 1502 2774 ἐκκρί-

129 2779 264 2812 νεσθαι
411 2774 477 2811 τᾶν
501 2787 569 2810 om.
583 2777 674 2813 Bas.
827 2779 885 2814 38.
928 2776 1125 2834 πελιδνός]
1151 2776 1273 2818 πελιὸς
1297 2778 1328 2821 Q
1352 2778 1431 2810 Bas.

219 2821 279 2856 43.
305 2821 517 2878 ,συνέβαινε
538 2818 585 2856 τοὶ
609 2823 684 2877 ἴσα]
708 2822 825 2860 ταυτοὶ
848 2823 1040 2871 συνέβαινε
1062 2825 1101 2865 L,
1125 2821 1240 2859 ταυτὸ
1264 2821 1455 2868 συνέβαινε
1471 2820 1502 2854 F

222 2865 405 2913 τραύματ’
430 2869 475 2909 F,
502 2868 630 2902 caeteri
651 2870 844 2915 τραύματα
988 2870 1046 2906 44.
1079 2869 1142 2906 καὶ
1162 2870 1262 2915 τοῖς]
1286 2871 1367 2909 τοῖς
1387 2867 1451 2904 καὶ
1473 2866 1504 2901 F

1126 2928 1228 2970 79*
