1820 3249
229 75 341 116 1544
659 70 720 112 LI
734 71 779 112 B.
809 69 902 112 XX.
963 71 995 112 C
1007 70 1096 114 ΛΡ.
1126 73 1194 114 93.

227 186 443 253 ημιολιτὸν
486 181 679 235 πλεύσας
724 186 800 240 τῆς
840 184 1007 235 Λυκίας
1053 184 1124 228 ἐπὶ
1166 182 1373 240 Πάταρα,
1417 187 1491 230 καὶ
1528 203 1609 231 κα-

228 240 434 296 ταλαβων
490 239 718 296 ὁρμοῦσαν
774 245 888 285 ναῦν
932 244 1014 285 τοῦ
1063 241 1351 312 πληρώματος
1407 242 1478 286 ἐπὶ
1532 248 1611 299 τῆς
1677 286 1682 292 ,

230 301 310 354 γῆς
339 297 495 350 ὄντος,
524 297 750 351 ἐνεπύρισε
788 297 837 340 τὸ
880 296 1067 354 σκάφος·
1101 298 1243 342 πολλα
1283 300 1329 342 δὲ
1358 303 1491 343 πλοῖα
1519 305 1610 343 τῶν

230 353 502 425 κομιζόντων
538 354 619 411 τὴν
660 352 829 409 αγορὰν
868 355 936 398 ἐπὶ
974 355 1023 397 τὸ
1061 354 1353 425 στρατόπεδον
1383 354 1611 428 υποχείρια

146 407 202 448 60
231 411 381 481 λαβων
406 410 699 463 ἐξαπέστειλεν
727 412 787 461 εἰς
816 409 896 466 τὴν
919 409 1086 454 Ῥόδον.
1137 409 1221 455 εἷλε
1251 411 1298 455 δὲ
1326 413 1400 455 καὶ
1428 413 1612 469 τετρήρη

228 467 449 512 πλέουσαν
478 483 557 522 μεν
586 467 633 511 ἐκ
661 471 738 523 τῆς
766 468 984 518 Κιλικίας,
1016 467 1203 537 ε’χουσαν
1229 467 1274 512 δ’
1304 469 1467 538 ἐσθητα
1493 473 1613 525 βασι-

230 523 359 580 λικήν
387 524 461 568 καὶ
488 523 569 579 τήν
599 524 749 594 ἄλλην
765 522 1043 593 ἀποσκευήν,
1063 522 1120 579 ἢν
1156 523 1184 580 ἡ
1212 524 1323 594 γυνὴ
1353 527 1611 596 Δημητρίου

237 584 351 624 Φίλα
385 580 805 651 παρασκευασαμένη
836 579 1174 650 φιλοτιμότερον
1215 579 1468 625 ἀπεστάλκει
1513 580 1613 625 τάν-

232 639 318 690 δρί.
377 636 455 680 τὸν
491 654 571 693 μεν
608 640 691 681 οῦν
727 636 960 707 ἱματισμὸν
1000 635 1248 679 ἀπέστειλεν
1285 639 1345 689 είς
1375 641 1615 693 Αιγυπτον,

147 693 203 737 65
234 693 382 737 οὖσων
421 697 510 737 τῶν
542 697 710 738 στολῶν
749 692 984 748 ἁλουργῶν
1019 693 1093 736 καὶ
1131 696 1300 749 βασιλεῖ
1326 701 1484 766 φορεῖν
1513 711 1616 750 πρε-

232 755 439 802 πουσῶν,
477 768 555 822 την
586 750 632 794 δὲ
660 753 774 794 ναῦν
812 750 1051 819 ἐνεώλκησε
1086 750 1160 792 καὶ
1188 750 1292 799 τούς
1321 753 1485 801 ναύτας
1515 751 1616 795 ἀπέ-

233 810 338 851 δοτο
368 807 474 858 τούς
512 805 554 850 τ’
587 807 634 850 ἐκ
670 810 746 862 τῆς
774 805 1011 861 τετρήρους
1040 807 1114 849 καὶ
1141 805 1246 857 τοὺς
1276 806 1323 849 ἐκ
1351 811 1438 849 τῶν
1469 806 1616 850 ἄλλων

231 865 398 907 πλοίων
437 868 525 907 τῶν
564 862 777 906 ἁλόντων.
829 867 920 905 τῶν
956 862 999 906 δ’
1039 862 1299 906 υπολοίπων
1329 867 1445 907 νεῶν
1481 867 1693 919 τριων474

147 922 204 962 70
228 919 437 976 Ἀμύντας
477 919 719 990 ηγοῦμενος
754 919 959 963 ἔπλευσεν
1000 919 1071 962 ἐπὶ
1115 919 1292 989 νήσων,
1325 920 1400 964 καὶ
1436 925 1615 972 πολλοῖς

229 979 402 1027 πλοίοις
437 993 684 1032 περιτυχων
720 979 949 1031 κομίζουσι
976 992 1030 1019 τα
1059 976 1171 1030 πρὸς
1209 993 1285 1027 τας
1313 994 1522 1046 μηχανας
1538 977 1616 1031 ἁρ-

229 1033 417 1103 μόζοντα
456 1039 548 1084 τοῖς
589 1035 810 1102 πολεμίοις
850 1051 876 1076 α
912 1034 991 1087 μὲν
1028 1032 1177 1076 αὐτων
1206 1033 1464 1086 κατέδυσεν,
1504 1032 1533 1076 ἃ
1570 1033 1618 1077 δὲ

229 1089 473 1160 κατήγαγεν
514 1091 575 1140 εἰς
596 1106 696 1161 την
714 1090 864 1142 πόλιν,
905 1090 952 1132 έν
989 1086 1073 1143 οἷς
1102 1089 1297 1141 ἑάλωσαν
1326 1091 1401 1133 καὶ
1414 1095 1617 1163 τεχνῖται

232 1151 319 1190 τῶν
350 1144 591 1217 αξιολόγων
628 1146 702 1189 καὶ
731 1146 842 1201 πρός
882 1146 984 1202 βέλη
1013 1146 1087 1189 καὶ
1124 1140 1397 1197 καταπέλτας
1418 1145 1618 1203 ἐμπειρια

147 1202 203 1244 75
234 1203 532 1273 διαφέροντες
548 1202 718 1246 ε’νδεκα.
758 1202 864 1258 μετὰ
894 1203 940 1246 δὲ
969 1206 1107 1245 ταῦτα
1137 1202 1362 1256 ἐκκλησίας
1393 1205 1629 1271 συναχθεί-

232 1272 312 1316 σης
342 1258 664 1316 συνεβούλευόν
692 1275 804 1310 τινες
838 1259 917 1309 τὰς
947 1259 1119 1308 εἰκόνας
1148 1257 1225 1309 τοὶς
1254 1258 1509 1314 Ἀντιγόνου
1545 1259 1620 1302 καὶ

230 1318 491 1374 Δημητρίου
531 1316 829 1367 κατασπάσαι,
872 1313 1021 1358 δεινὸν
1063 1320 1173 1358 ειναι
1214 1315 1414 1369 λέγοντες
1451 1316 1498 1359 5v
1537 1318 1618 1368 ἴσῳ

231 1377 446 1443 τιμᾶσθαι
481 1372 586 1424 τοῦς
622 1375 975 1425 πολιορκοῦντας
1011 1376 1102 1422 τοῖς
1140 1370 1405 1441 εὐεργέταις·
1443 1371 1517 1429 ἐφ’
1555 1371 1621 1424 οἷς

235 1430 259 1473 ὁ
293 1432 430 1486 δῆμος
449 1428 755 1498 ἀγανακτήσας
783 1426 958 1479 τούτοις
977 1428 1057 1484 μὲν
1082 1446 1142 1479 ως
1171 1427 1503 1499 αμαρτάνουσιν
1527 1429 1622 1473 ἐπε-

150 1485 204 1525 80
235 1488 409 1544 τίμησε,
450 1502 539 1529 των
569 1485 616 1529 δὲ
643 1486 760 1539 περὶ
771 1484 1020 1554 Ἀντίγονον
1048 1501 1188 1538 τιμων
1220 1485 1430 1541 οὐδεμίαν
1455 1488 1622 1556 μετεκί-

234 1555 360 1600 νησε,
391 1547 534 1593 καλως
562 1541 675 1596 πρός
704 1558 749 1586 τε
779 1541 914 1593 δόξαν
942 1542 1016 1585 καὶ
1046 1542 1095 1585 τό
1127 1543 1357 1612 συμφέρον
1386 1541 1624 1598 βουλευσά-

234 1617 381 1656 μενος.
441 1599 470 1655 ἥ
513 1615 557 1642 τε
594 1599 679 1672 γὰρ
717 1600 1016 1654 μεγαλοψυχία
1044 1599 1118 1642 καὶ
1157 1598 1205 1642 τὸ
1238 1600 1422 1671 βέβαιον
1461 1602 1538 1670 τῆς
1574 1600 1622 1643 ἐν

236 1658 512 1726 δημοκρατία
535 1658 719 1708 κρίσεως
748 1655 868 1708 παρὰ
887 1673 967 1711 μεν
995 1660 1088 1707 τοῖς
1118 1654 1302 1706 α’λλοις
1287 1657 1476 1698 επαίνων
1502 1655 1623 1725 ἐτύγ-

149 1709 204 1753 85
231 1730 356 1784 χανε,
396 1712 518 1765 παρὰ
557 1714 603 1756 δὲ
636 1717 728 1762 τοῖς
766 1717 867 1755 πολι
855 1716 1057 1764 ὀρκοῦσι
1086 1713 1383 1766 μεταμελείας·
1421 1730 1497 1782 τας
1535 1712 1622 1768 γὰρ

233 1788 344 1815 κατα
374 1786 455 1825 την
478 1769 662 1813 Ελλάδα
691 1767 839 1820 πόλεις
858 1769 1070 1824 οὐδεμίαν
1091 1767 1416 1838 ἐνδεδειγμένας
1441 1768 1624 1813 εὔνοιαν

233 1829 294 1879 εἰς
336 1826 441 1877 τούς
481 1824 708 1882 εὐεργέτας
746 1825 1082 1895 ἐλευθεροῦντες
1125 1824 1212 1894 τὴν
1246 1825 1317 1869 διὰ
1357 1829 1434 1880 τῆς
1470 1827 1624 1881 πείρας

234 1889 452 1940 φανεῖσαν
492 1883 779 1955 βεβαιοτάτην
817 1884 877 1932 εἰς
921 1880 1113 1953 οἷμοιβην
1158 1880 1333 1951 χάριτος
1381 1882 1621 1952 ἐφαίνοντο

234 1939 663 2009 καταδουλούμενοι·
696 1939 757 1982 έτι
788 1939 834 1982 δὲ
863 1938 974 1992 πρὸς
1006 1938 1057 1982 τὸ
1087 1937 1342 1992 παράδοξον
1371 1944 1447 2008 τῆς
1476 1939 1622 1995 τύχης,

150 1997 206 2038 9Ο
237 1999 274 2043 εἰ
305 1997 498 2053 συμβαίη
532 2013 612 2051 την
650 1995 780 2038 πόλιν
810 1994 1001 2047 ἁλῶναι,
1033 1995 1295 2039 κατελείπετ’
1331 1994 1483 2046 αὐτοῖς
1511 1996 1623 2051 πρὸς

235 2055 502 2110 παραίτησιν
537 2057 614 2106 τῆς
641 2054 904 2123 τηρηθείσης
943 2051 1025 2094 ὑπ’
1056 2051 1204 2096 αὐτῶν
1243 2053 1393 2106 φιλίας
1424 2050 1624 2109 ανάμνη-

237 2123 317 2164 σις.
376 2113 513 2154 ταῦτα
541 2109 621 2166 μὲν
650 2105 735 2153 οὖν
762 2114 857 2161 τοῖς
883 2107 1067 2160 Ροδίοις
1097 2107 1292 2165 ἐπραχθη
1322 2112 1525 2161 συνετως.

237 2291 295 2329 56.
317 2292 468 2336 πάταρα
491 2292 540 2333 F‚
563 2291 691 2326 caeteri
713 2288 760 2326 τά
790 2290 946 2335 Πάταρα
1117 2290 1175 2325 61.
1208 2288 1248 2324 ἐκ
1270 2288 1429 2329 κιλικίας
1458 2289 1490 2323 F

337 2340 395 2373 63.
430 2337 749 2396 παρεσκευασμένη
774 2340 804 2372 Γ
987 2337 1046 2372 67.
1077 2335 1291 2382 τετρήρους]
1314 2335 1492 2380 τριήρους
1516 2336 1548 2370 F

331 2385 410 2419 474.
434 2385 492 2419 7⁴.
512 2385 748 2430 καταπέλτας]
770 2384 1089 2440 καταπελταφέτας
1104 2384 1134 2417 F
1226 2382 1472 2426 διαφέροντες
1488 2383 1518 2416 Y
1529 2384 1625 2424 Bas„

239 2432 369 2467 caeteri
384 2443 460 2466 των
483 2431 751 2491 διαφερόντων
856 2433 914 2465 79.
926 2444 973 2469 ως
985 2443 1054 2465 om.
1066 2431 1096 2463 F
1190 2429 1246 2463 81.
1271 2429 1364 2474 πρός
1385 2442 1423 2463 τε
1442 2429 1525 2462 Reis
1528 2429 1626 2463 Idus.-

240 2479 325 2514 libri
347 2475 444 2524 πρὸς
465 2476 509 2513 τὸ
692 2477 756 2514 καὶ
777 2477 818 2513 τὰ
843 2489 913 2512 οῐῐι.
937 2477 984 2511 W
1166 2474 1224 2509 85.
1257 2488 1323 2516 τας
1354 2473 1449 2520 γαρ]
1476 2471 1534 2510 ότι
1557 2474 1625 2516 τοὶς

1193 2533 1229 2560 ἒς

241 2583 308 2615 μεν
330 2570 360 2604 F
544 2569 602 2605 86.
625 2569 920 2614 ἐλευθεροῦντες]
946 2567 1235 2609 ἐλευθεροῦντας
1258 2568 1288 2600 F
1449 2578 1468 2600 τ
1472 2564 1533 2611 ὴν]
1560 2564 1627 2602 αὐ-

241 2616 320 2657 τάς,
344 2613 482 2661 ταύτην
517 2614 558 2651 δὲ
589 2618 665 2651 FW
851 2616 908 2650 88.
943 2613 1171 2658 ἐφαίνοντο]
1204 2613 1378 2656 ἐφαίνετο
1411 2613 1441 2645 F

239 2662 542 2698 καταδουλουμετ
532 2663 594 2718 οι]
623 2660 995 2704 καταδεδουλωμένοι
1017 2661 1084 2701 W,
1112 2657 1465 2704 καταδεδουλωμένη
1490 2659 1521 2693 F

332 2709 383 2745 ἔτι
409 2707 449 2744 δὲ
471 2700 581 2754 πρὸς]
606 2708 657 2744 ἔτι
680 2722 718 2745 τε
743 2709 804 2745 καὶ
832 2705 927 2753 πρὸς
949 2707 1049 2749 FW,
1073 2705 1167 2751 πρός
1188 2718 1226 2741 τε
1250 2706 1284 2740 'l
1308 2707 1389 2740 Bas.
