1820 3249
498 163 1514 213 mss.xv‘111.cA1’.64.65.1311»

77 299 143 333 306
153 299 278 340 μενοι
308 282 504 353 πρέσβεις
537 283 627 324 τῶν
666 280 891 336 ἐπιφανῶν
919 278 1092 336 ἀνδρῶν
1119 281 1193 324 καὶ
1222 281 1416 336 φιλίαν’
1401 280 1512 337 εχόν-

153 357 241 383 των
267 339 378 396 πρὸς
409 336 643 393 Νικάνορα
674 339 890 381 Φωκίωνα
926 337 1003 380 τὸν
1038 337 1197 380 Φώκου
1225 338 1298 382 καὶ
1327 337 1515 381 Κόνωνα
1542 341 1596 383 75

153 396 230 440 τὸν
264 395 484 467 Τιμοθέου
511 395 584 438 καὶ
608 393 855 465 Κλέαρχον
864 392 943 437 τόν
963 393 1270 446 Ναυσικλέους
1289 394 1520 444 ἐξαπέστει-

154 458 236 496 λαν
266 452 550 521 ἐγκαλοῦντες
573 450 670 521 μὲν
680 449 751 494 ἐπὶ
784 455 875 502 τοῖς
913 450 1273 520 πεπραγμένοις,
1300 449 1520 502 ἀξιοῦντες

155 507 201 553 66
231 507 477 553 ἀποδοῦναι
504 507 585 578 τὴν
613 505 883 575 αυτονομίαν
913 507 1061 558 αὐτοῖς
1089 524 1198 550 κατα
1227 506 1276 550 τὸ
1299 508 1519 564 γεγενημέ-

155 583 236 610 νον
275 563 501 636 διάταγμα.
560 562 585 609 ὁ
624 566 671 608 66
712 563 923 618 Νικάνωρ
960 564 1212 618 ἀποκρίσεις
1250 563 1382 607 ἔδωκε
1416 580 1521 618 πρε-

155 621 338 692 σβεύειν
357 621 522 672 αὐτούς
550 620 661 690 πρὸς
690 621 1001 675 Κάσσανδρον·
1030 619 1111 664 υπ’
1137 621 1306 664 ἐκείνου
1334 620 1416 676 γάρ
1446 637 1518 664 κα·
1546 625 1600 664 80

153 678 422 733 θεσταμένον
457 695 747 775 φρουραρχον
784 681 991 734 μηδαμῶς
1028 678 1138 733 ἔχειν
1174 677 1376 729 ἐξουσίαν
1412 679 1518 721 ἰδιο-

152 750 241 790 πρα
271 739 347 779 εῖν.

243 751 392 834 γΚατά
430 790 477 835 δὲ
511 793 670 834 τοῦτον
710 788 788 834 τὸν
828 789 984 841 καιρόν
1021 783 1133 845 ἧκεν
1153 787 1355 859 ἐπιστολὴ
1385 787 1519 831 Νικά-
1546 792 1603 833 65

150 863 275 918 νορι
284 845 394 908 παρ’
432 842 746 916 Ὀλυμπιάδος,
803 846 850 890 ἐν
888 843 917 904 ἡ
953 846 1234 899 προςὲταττεν
1274 845 1519 889 ἀποδοῦναι

150 900 397 972 Ἀθηναίοις
425 903 505 973 τήν
532 920 577 948 τε
598 905 860 959 Μὀυνυχίαν
888 904 961 947 καὶ
990 902 1066 946 τόν
1087 906 1285 957 Πειραια.
1329 900 1352 945 ὁ
1376 902 1423 946 66
1440 905 1518 945 Νι·
1549 904 1603 947 85

153 977 302 1021 κανωρ
332 959 511 1004 ἀκούων
546 960 612 1004 ὅτι
641 961 872 1016 μέλλουσιν
902 962 945 1004 οἱ
967 962 1156 1014 βασιλεῖς
1177 960 1251 1002 καὶ
1272 959 1524 1012 Πολυσπέρ-

151 1032 241 1072 χων
269 1017 472 1072 κατάγειν
500 1018 561 1067 είς
589 1019 875 1059 Μακεδονίαν
899 1015 984 1072 τήν
1007 1015 1302 1070 Ὀλυμπιάδα,
1339 1017 1412 1059 καὶ
1441 1018 1522 1059 τοῦ

150 1089 196 1118 τε
234 1074 418 1117 παιδίου
455 1072 534 1129 τὴν
575 1072 816 1127 ἐπιμέλειαν
854 1072 999 1140 ἐκείνῃ
1023 1072 1316 1124 παραδιδόναι
1343 1073 1417 1116 καὶ
1445 1072 1524 1128 τήν

152 1129 539 1200 προϋπάρχουσαν
555 1115 784 1196 ἀποδοχὴν
811 1129 884 1173 καὶ
896 1128 1035 1183 τιμὴν
1059 1126 1342 1182 Ἀλεξάνδρου
1365 1133 1525 1181 ζῶντος

152 1183 504 1238 ἀποκαθιστάναι
528 1183 808 1254 Ὀλυμπιάδι,
858 1186 1094 1253 φοβηθείς,
1139 1186 1416 1240 ἐπηγγείλατο
1444 1187 1521 1240 μὲν
1551 1192 1606 1232 90

149 1235 444 1296 παραδώσειν,
476 1241 541 1286 ἀεὶ
571 1243 616 1285 66
646 1241 891 1313 προφάσεις
918 1241 1040 1292 τινάς
1067 1243 1330 1309 ποιούμενος
1359 1247 1523 1297 παρῆγε

151 1298 231 1370 τὴν
272 1300 441 1352 πρᾶξιν.
501 1300 546 1341 οί
581 1296 624 1341 δ’
660 1297 882 1352 Ἀθηναῖοι
927 1298 1312 1352 πεπολυωρηκότες
1347 1299 1394 1341 ἐν
1433 1304 1525 1348 τοῖς

151 1354 398 1424 ἔμπροσθεν
426 1354 608 1424 χρόνοις
637 1353 717 1410 τὴν
741 1354 1034 1425 Ὀλυμπιάδα,
1065 1357 1138 1400 καὶ
1167 1357 1425 1410 νομίσαντες
1450 1354 1526 1405 τὰς

151 1411 236 1481 μὲν
259 1409 395 1468 ταύτῃ
429 1410 694 1481 δεδογμένας
726 1411 850 1467 τιμὰς
891 1411 1027 1462 ὄντως
1064 1412 1311 1466 γεγονέναι,
1356 1411 1437 1467 τὴν
1477 1412 1523 1454 δὲ
1554 1415 1608 1458 95

151 1465 371 1524 ἀπόληψιν
401 1471 475 1524 τῆς
505 1467 788 1538 αὐτονομίας
801 1468 872 1511 διὰ
901 1466 1059 1538 ταύτης
1082 1470 1325 1521 ἐλπίζοντες
1350 1467 1527 1511 ἀκινδύ-

151 1541 238 1575 νως
268 1525 458 1576 ε’σεσθαι,
487 1529 740 1594 περιχαρεῖς
763 1520 885 1580 ἦσαν.
944 1523 1178 1567 ἀτελέστων
1208 1524 1253 1567 66
1282 1529 1371 1567 τῶν
1401 1526 1528 1579 ἐπαγ·

152 1584 310 1642 γελιῶν
330 1579 490 1637 οὐσῶν,
519 1583 625 1638 ἡκεν
633 1580 928 1651 ξᾼλέξανὸρος
957 1581 980 1625 6
1015 1582 1400 1653 Πολυσπέρχοντος
1428 1582 1526 1632 υίὸς

92 1686 96 1693 .
150 1653 256 1707 μετα
288 1632 513 1691 δυνάμεως
543 1639 603 1707 είς
631 1638 728 1706 τὴν
736 1637 953 1693 Ἀττικήν
1001 1639 1044 1681 οἱ
1071 1636 1152 1692 μὲν
1191 1641 1276 1680 οὐν
1302 1636 1526 1707 Ἀθηναῖοι

150 1692 354 1748 διέλαβον
384 1693 520 1738 αὐτὸν
549 1694 671 1754 ήκειν-
700 1692 1115 1766 ἀποκαταστήσοντα
1145 1698 1205 1750 τῷ
1236 1692 1358 1763 δημῳ
1381 1693 1461 1749 τήν
1481 1710 1524 1737 τε
1558 1701 1637 1739 100

150 1752 417 1820 Μουνυχίαν
443 1751 520 1794 καὶ
546 1750 625 1794 τόν
639 1754 867 1821 Πειραιοῖ,
918 1751 967 1793 τὸ
1008 1750 1055 1798 δ’
1085 1739 1244 1807 ἀληθὲς
1275 1749 1356 1820 οὐχ
1385 1751 1524 1802 οὕτως

152 1804 287 1877 εἶχεν,
313 1862 315 1864 .
327 1803 446 1852 ἀλλα
475 1805 739 1851 τούναντίον
768 1805 900 1858 αὐτός
941 1798 1031 1865 ἰδίᾳ
1059 1806 1421 1876 παραληψόμενος
1448 1807 1524 1863 άμ-

153 1861 318 1932 φόρτερα
353 1863 462 1917 πρὸς
499 1881 577 1915 τας
615 1863 662 1907 ἓν
699 1867 759 1920 τῷ
795 1865 966 1933 πολέμῳ
994 1866 1153 1934 χρείας.
1213 1868 1302 1907 τῶν
1330 1863 1414 1920 γὰρ
1444 1851 1529 1907 Ἀν-

151 1918 346 1992 τιπάτρῳ
377 1920 624 1976 γεγονότων
653 1922 796 1988 φίλων
823 1922 949 1972 τινές,
981 1927 1044 1964 ων
1063 1920 1262 1977 ὑπηρχον
1284 1922 1358 1964 καὶ
1388 1923 1432 1964 οἱ
1461 1938 1528 1965 πε-

152 1977 217 2046 ρὶ
234 1978 469 2029 Φωκίωνα,
516 1973 789 2047 φοβούμενοι
822 1977 899 2028 τὰς
935 1976 982 2020 ἐκ
1010 1981 1116 2020 τῶν
1124 1979 1275 2033 νόμων
1303 1980 1525 2049 τιμωρίας,
1556 1986 1602 2026 5,

151 2032 413 2105 ὑπήντησαν
437 2037 498 2104 τῷ
522 2032 807 2104 Ἀλεξάνδρῳ,
837 2035 911 2078 καὶ
940 2033 1188 2087 διδάξαντες
1216 2035 1264 2078 τὸ
1296 2035 1526 2090 συμφέρον

153 2090 328 2134 ε’πεισαν
359 2088 494 2134 αὐτόν
523 2092 613 2134 ἰδία
640 2091 834 2161 κατέχειν
861 2089 914 2134 τὰ
943 2089 1166 2146 φρούρια,
1197 2092 1270 2134 καὶ
1299 2092 1358 2146 μὴ
1387 2108 1525 2146 παρα-

154 2148 313 2200 δοῦναι
351 2152 442 2198 τοῖς
469 2135 738 2219 Ἀθηναίοις,
784 2147 906 2203 μέχρι
936 2147 992 2191 ἂν
1021 2148 1044 2191 ὁ
1078 2148 1384 2201 Κάσσανδρος
1395 2156 1527 2198 κατα-

152 2207 395 2261 πολεμηθῇ
467 2202 490 2248 ὁ
537 2205 584 2248 66
616 2203 894 2274 Ἀλέξανδρος
926 2206 1121 2275 πλησίον
1163 2209 1246 2248 τοῦ
1288 2205 1527 2259 Πειραιέως
1551 2213 1608 2252 10

155 2259 638 2316 καταστρατοπεδεύσας
677 2259 779 2316 τοὺς
818 2261 899 2317 μὲν
926 2260 1185 2318 Ἀθηναίους
1222 2260 1277 2305 οὐ
1313 2261 1527 2319 παρελάμ-

245 2426 331 2473 306.
357 2439 414 2474 83.
462 2438 696 2498 ἀποδοῦναι]
723 2442 857 2476 δοῦναι
881 2428 939 2474 FN
945 2442 988 2475 W
1136 2442 1195 2477 86.
1241 2438 1435 2485 κατάγειν]
1459 2430 1527 2481 εις-

156 2485 268 2542 ἄγειν
276 2485 309 2528 Q
324 2486 407 2521 Bas.
542 2486 609 2531 τὴν
628 2499 693 2521 οιιι.
712 2488 742 2522 F
879 2486 937 2522 88.
960 2487 1225 2542 παραδιδόναι]
1245 2488 1483 2530 παραδουναι
1499 2488 1527 2519 V

185 2559 187 2562 ⁴
245 2528 450 2577 ἀποδοχην]
473 2528 638 2578 νποδοχὴ
644 2547 662 2567 v
687 2535 715 2567 Ι·
851 2532 909 2568 89.
941 2531 1186 2581 Ἀλεξάνδρου]
1213 2548 1262 2575 ως
1282 2531 1521 2577 Ἀλεξάνδρου

155 2576 185 2609 F
288 2584 289 2587 ’
366 2577 424 2611 97.
469 2579 560 2624 τῶν]
582 2582 694 2615 τινῶν
718 2579 817 2624 QTY
839 2579 923 2621 Bas.
1099 2581 1180 2618 100.
1213 2580 1406 2625 Πειραιᾶ]
1434 2581 1486 2614 Πε
1473 2593 1519 2614 ι-

155 2620 264 2702 ἓῗιιεὲα
283 2633 414 2667 semper
434 2624 670 2727 Σὶῖιπὰτρῳ]
693 2623 1094 2713 2Ἀντίίιιῖιξῖες)οιῗωῖνΒᾶε
1216 2673 1249 2707 4.
1278 2627 1350 2707 366²!
1359 2627 1520 2706 γοίὶὶῗίέἱῐίῗξῗ

156 2713 320 2747 Reisldus
501 2717 568 2754 mnf)
574 2715 820 2763 ΰπηντησαν]
860 2717 1074 2766 ἥπήντησαν
1097 2719 1179 2753 Bas.
1372 2718 1405 2751 7
1451 2731 1519 2752 πα-

156 2761 340 2840 ῗῧδοῦναι
359 2761 418 2794 ῈἾ
421 2743 480 2841 XIV.
503 2739 630 2799 caeleri
651 2763 899 2809 παραδιδόναι
960 2778 962 2780 “
1036 2765 1070 2800 8-
1103 2765 1230 2811 μέχρι]
1255 2777 1378 2809 μὲχρῑς
1401 2764 1430 2797 1⁴

260 2819 306 2841 ov
331 2819 401 2842 οιιι.
