1820 3249
328 142 439 182 1044
727 136 846 179 1213.
877 135 988 180 xvi.
1028 136 1160 181 GAP.
1192 140 1233 181 3
1265 142 1305 182 4.

255 255 307 298 15
335 249 444 304 ὑπὲρ
474 252 553 292 τοῦ
593 247 674 305 τὴν
700 247 958 305 Ἀμφίπολιν
995 248 1326 307 ἀνακτήσασθαι
1354 248 1442 319 τὴν
1462 251 1607 292 πᾶσαν
1637 265 1708 318 φι·

332 307 535 378 λοτιμίαν
564 307 916 361 είςφερομένους,
965 309 1040 351 καὶ
1069 308 1141 351 διά
1170 312 1302 351 τοῦτο
1332 305 1602 376 κατάγοντας
1630 304 1709 348 τὸν

332 362 538 432 Ἀργαῖον
567 362 635 406 ἐπὶ
664 362 745 417 τήν
760 365 1010 433 βασιλείαν,
1043 363 1254 414 ἑκουσίως
1284 362 1513 419 ἐξεχώρησε
1538 365 1614 418 τῆς
1633 360 1710 404 πό-

336 424 461 471 λεως,
508 418 633 474 ἀφεὶς
667 418 803 475 αὐτὴν
843 418 1106 490 αὐτόνομον.
1164 420 1278 475 πρὸς
1307 420 1352 463 δὲ
1385 421 1583 469 Παίονας
1612 420 1711 462 δια-

335 475 722 548 πρεσβευσάμενος,
748 476 821 519 καὶ
849 476 954 527 τούς
982 478 1061 532 μὲν
1089 478 1273 549 δωρεαῖς
1301 477 1577 546 διαφθείρας,
1605 474 1712 524 τούς

254 540 310 579 20
339 533 383 577 6’
415 533 683 601 ἐπαγγελίαις
713 532 1049 604 φιλανθρώποις
1077 536 1242 587 πείσας,
1271 533 1380 577 κατα
1411 532 1458 576 τό
1489 532 1633 585 παρόν
1658 532 1714 574 εἰ-

341 590 479 645 ρήνην
510 589 629 644 ἄγειν
643 588 768 659 πρὸς
798 589 959 641 αὐτούς
989 591 1208 634 συνέθετο.
1267 589 1428 656 ὁμοίως
1457 589 1502 632 δὲ
1532 588 1605 631 καὶ
1633 586 1712 631 τόν

341 649 603 689 Παυσανίαν
628 641 836 702 ἀπέστησε
855 651 932 703 τῆς
949 646 1163 698 καθόδου,
1182 646 1259 691 τὸν
1279 647 1482 716 κατάγειν
1500 644 1711 699 μέλλοντα
1727 646 1772 683 84

339 701 484 759 βασιλέ
490 719 516 744 α
552 703 735 756 δωρεαῖς
771 705 935 754 πείσας.
995 706 1197 754 Μαντίας
1225 702 1324 747 δ’ὁ
1355 708 1441 747 τῶν
1466 700 1711 771 Ἀθηναίων

256 764 310 804 25
341 758 577 814 στρατηγός
604 759 914 831 καταπλεύσας
951 761 1011 810 εἰς
1049 760 1298 830 Μεθώνην,
1348 759 1482 810 αὐτὸς
1526 760 1615 827 μὲν
1645 758 1710 801 ἐν-

336 820 484 859 ταῦθα
512 814 746 871 κατέμεινε,
780 816 858 860 τόν
881 816 1085 876 Ἀργαῖον
1110 817 1156 860 δε
1185 818 1290 872 μετὰ
1306 821 1394 859 τῶν
1416 813 1710 883 μισθοφόρων

336 872 407 916 ἐπὶ
435 889 512 922 τας
542 872 676 926 Αἰγὰς
713 872 971 917 ἀπέστειλεν.
1031 877 1162 924 οὐτος
1195 874 1241 916 δε
1270 872 1525 926 προςελθων
1554 875 1605 940 τῇ
1634 870 1710 914 πό-

336 933 399 972 λει
428 928 661 984 παρεκάλει
691 928 797 980 τούς
825 930 872 973 έν
901 935 997 981 ταῖς
1015 932 1169 985 Αἰγαῖς
1189 929 1508 983 προςδέξασθαι
1537 928 1615 997 τὴν
1634 925 1710 971 κά-

336 987 482 1029 θοδον
511 986 584 1028 καὶ
611 986 817 1054 γενέσθαι
844 991 920 1043 τῆς
951 985 1089 1030 αὐτοῦ
1102 989 1339 1057 βασιλείας
1361 982 1587 1041 άρχηγούς.
1638 981 1710 1027 06-

255 1047 309 1084 30
339 1041 464 1093 δενός
501 1040 543 1085 δ’
586 1040 706 1100 αὐτῷ
741 1045 1029 1113 προςέχοντος
1066 1047 1196 1095 οὗτος
1233 1060 1312 1100 μεν
1353 1042 1620 1098 άνέκαμπτεν
1650 1042 1710 1092 εἰς

337 1115 420 1154 την
449 1088 696 1155 Μεθώνην·
736 1098 759 1143 6
792 1101 838 1144 δὲ
876 1103 1092 1151 Φίλιππος
1118 1101 1343 1170 ἐπιφανεὶς
1371 1116 1476 1154 μετα
1507 1112 1711 1152 στρατιω-

337 1159 426 1198 τῶν
454 1156 526 1199 καὶ
557 1157 754 1208 συνάψας
781 1156 922 1214 μάχην
956 1158 1148 1209 πολλοὺς
1177 1159 1256 1227 μὲν
1276 1156 1418 1200 άνεῖλε
1440 1160 1529 1198 τῶν
1555 1160 1711 1210 μισθο-

339 1211 516 1274 φόρων,
557 1212 660 1264 τούς
701 1213 746 1256 δὲ
785 1213 968 1265 λοιπούς
998 1217 1059 1266 είς
1087 1231 1184 1258 τινα
1210 1214 1351 1284 λόφον
1377 1211 1712 1282 καταφυγόντας

256 1278 309 1320 35
338 1267 647 1319 ὑποσπόνδους
677 1267 841 1326 ἀφῆκε,
881 1270 1029 1341 λαβών
1057 1270 1163 1326 παρ’
1196 1270 1344 1315 αὐτῶν
1372 1268 1578 1319 ἐκδότους
1606 1267 1712 1318 τούς

339 1324 548 1380 φυγάδας.
616 1327 831 1378 Φίλιππος
864 1345 942 1382 μεν
973 1331 1055 1371 οὐν
1084 1328 1249 1398 ταύτην
1277 1327 1454 1383 πρώτην
1481 1325 1621 1381 μάχην
1646 1341 1710 1367 νι-

336 1381 472 1450 κησας
515 1379 886 1437 εὐθαρσεστέρους
931 1385 1103 1439 ἐποίησε
1145 1385 1250 1436 τούς
1291 1381 1554 1432 Μακεδόνας
1598 1381 1710 1434 πρὸς

335 1437 443 1489 ⁴1:069
467 1438 619 1494 ἕφέξης
649 1438 832 1495 ἀγῶνας.
880 1440 982 1510 ’ἅμα
1012 1442 1058 1486 δὲ
1085 1440 1261 1492 τούτοις
1290 1442 1609 1508 πραττομένοις
1628 1436 1711 1482 Θά-

336 1506 425 1538 σιοι
454 1495 533 1565 μὲν
566 1496 731 1551 φ’κισαν
760 1497 838 1547 τὰς
868 1496 1195 1568 ὀνομαζομένας
1220 1499 1467 1553 Κρηνίδας,
1498 1513 1551 1547 ας
1578 1494 1710 1538 ὕστε-

255 1553 310 1597 40
340 1568 423 1607 ρον
459 1550 483 1595 6
520 1552 720 1607 βασιλεύς
750 1552 833 1610 ἀφ’
865 1555 1024 1598 ἑαυτοῦ
1054 1554 1276 1625 ὀνομάσας
1307 1556 1553 1604 Φιλίππους
1581 1551 1708 1622 ἐπλη-

338 1620 479 1662 ρωσεν
508 1609 771 1681 οἰκητόρων.
830 1615 918 1655 τῶν
963 1612 1008 1656 δὲ
1050 1611 1338 1668 συγγραφέων
1385 1608 1642 1665 Θεόπομπος
1683 1607 1708 1652 6

336 1668 444 1716 Χῖος
471 1664 550 1721 τὴν
580 1665 717 1737 ἀρχὴν
752 1671 839 1711 τῶν
876 1669 977 1722 περὶ
1014 1671 1232 1713 Φίλιππον
1258 1670 1472 1737 ἱστοριῶν
1506 1666 1710 1709 ἐντεῦθεν

337 1722 630 1782 ποιησάμενος
647 1723 838 1779 γέγραφε
855 1725 1074 1780 βίβλους’
1052 1725 1165 1770 οκτώ
1185 1724 1296 1780 πρὸς
1314 1730 1408 1776 ταῖς
1425 1722 1707 1781 πεντήκοντα,

339 1779 382 1831 ἐξ
412 1782 474 1822 ὠν
509 1779 633 1822 πέντε
663 1782 982 1853 διαφωνοῦσιν.

448 1833 544 1878 ”Επ
587 1835 799 1891 άρχοντος
833 1836 875 1881 δ’
909 1836 1148 1908 Ἀθήνησιν
1187 1836 1466 1894 Εὐχαρίστου
1499 1834 1708 1892 Ῥωμαῖοι

337 1908 416 1948 μεν
440 1892 704 1961 κατέστησαν
731 1892 929 1945 ’ὑπάτους
964 1894 1156 1939 Κόιντον
1192 1897 1454 1949 Σερουίλιον
1491 1894 1563 1937 καὶ
1600 1893 1708 1936 Λεύ-

336 1965 436 1993 κιον
475 1952 518 1992 Γ
514 1965 730 1993 ενουκιον
796 1952 864 1994 ἐπὶ
902 1953 948 1996 δὲ
983 1951 1155 1996 τούτων
1191 1952 1215 1995 6
1254 1954 1468 2001 Φίλιππος
1506 1948 1706 2005 πρέσβεις

336 2005 555 2060 ἐκπέμψας
595 2007 654 2057 εἰς
687 2005 875 2063 Ἀθήνας
911 2009 1052 2052 ἔπεισε
1087 2008 1167 2052 τὸν
1187 2010 1344 2079 δῆμον
1383 2005 1558 2062 εἰρήνην
1593 2006 1706 2060 πρὸς

254 2066 308 2108 50
339 2061 476 2106 αὐτὸν
514 2064 757 2107 συνθέσθαι
800 2066 872 2108 διὰ
912 2064 961 2108 τὸ
1002 2067 1137 2121 μηδεν
1171 2064 1232 2109 ἔτι
1260 2069 1601 2133 προςποιεῖσθαι
1624 2079 1730 2119 την

331 2117 601 2191 Ἀμφίπολιν.
645 2118 882 2172 άπολυθεις
911 2122 957 2165 δε
984 2127 1065 2166 τοῦ
1093 2122 1206 2177 πρὸς
1220 2120 1479 2189 Ἀθηναίους
1499 2120 1703 2175 πολέμου,

332 2176 408 2219 καὶ
435 2176 772 2248 πυνθανόμενος
803 2179 880 2222 τὸν
908 2179 1085 2248 βασιλέα
1113 2183 1202 2223 τῶν
1230 2178 1438 2222 Παιόνων
1460 2180 1577 2233 Ἀγιν
1597 2193 1704 2220 τετε-

330 2233 594 2303 λευτηκέναι,
625 2233 815 2292 ’ὑπέλαβε
843 2235 1002 2291 καιρόν
1032 2237 1141 2292 ἔχειν
1168 2235 1398 2279 ἐπιθέσθαι
1418 2240 1509 2285 τοῖς
1530 2236 1700 2278 Παίοσι.

331 2289 593 2344 στρατεύσας
633 2292 716 2335 οὐν
756 2294 817 2344 εἰς
841 2293 923 2349 τήν
953 2294 1195 2346 Παιονίαν,
1232 2292 1308 2337 καὶ
1335 2291 1569 2350 παρατάξει
1596 2290 1702 2342 τούς

281 1819 310 1857 4

254 1872 308 1915 45

329 2446 408 2529 Ξέπι
430 2445 598 2527 ἕῦτοΰς]
634 2447 749 2488 αὔτόν
774 2451 956 2489 Reiskius:
980 2458 1019 2490 ut
1041 2464 1163 2500 pacem
1186 2463 1299 2488 secum
1319 2464 1384 2498 pro
1406 2457 1557 2497 tempore
1570 2453 1699 2496 firma-

459 2506 561 2539 ospus

421 2539 479 2574 84.
512 2541 569 2574 23.
621 2539 660 2577 δ’
682 2543 786 2587 Bas„
810 2546 937 2580 caeteri
962 2545 1003 2582 δε
1185 2544 1243 2579 24
1291 2543 1500 2603 Μεθώνην]
1526 2541 1592 2588 τὴν
1618 2544 1698 2579 Με-

331 2583 466 2629 θωνην
488 2586 516 2619 L
540 2587 597 2620 vel
619 2589 650 2623 Y
833 2592 889 2626 29.
915 2591 955 2627 δ’
977 2594 1007 2626 F
1029 2593 1134 2633 Bas„
1156 2591 1283 2626 caeteri
1306 2590 1349 2627 δὲ
1531 2590 1589 2625 38.
1613 2588 1699 2638 ᾤκι-

335 2643 405 2666 σαν
428 2632 488 2665 FL
512 2633 595 2666 Bas.
603 2657 613 2675 ‚
650 2635 842 2680 Gemistus,
867 2639 996 2673 caeteri
1019 2636 1169 2682 ᾤκησαν
1348 2637 1406 2672 39.
1455 2639 1512 2681 Κρ
1517 2626 1645 2682 ηνίδάς
1668 2637 1698 2671 D

329 2677 415 2712 Bas.
426 2703 438 2721 ,
463 2678 529 2712 Cos
515 2690 606 2722 epae,
632 2681 819 2726 Gemistus‚
840 2685 969 2721 caeteri
993 2686 1191 2742 Κρινίδας
1357 2697 1376 2721 ο
1403 2650 1594 2731 βασιλεῦς]
1632 2683 1697 2717 Φί-

331 2727 466 2764 λιππος
489 2724 585 2759 addit
609 2726 727 2761 Gemis
730 2733 783 2763 tus
964 2731 1021 2767 41.
1071 2728 1116 2777 6]
1151 2742 1219 2776 μεν
1245 2726 1266 2767 6
1288 2730 1320 2766 F
1500 2731 1558 2767 46.
1604 2726 1695 2767 Αεύ-

331 2783 415 2808 κιον
438 2770 494 2817 Q,
517 2772 645 2809 caeteri
667 2772 828 2812 Κόϊντον
