1820 3249
319 143 432 182 1560
893 139 1007 181 LIB.
1040 139 1136 180 XV.

319 267 373 293 tes
402 268 548 292 summo
581 256 741 302 imperio
771 256 980 301 praefectus
1010 257 1242 302 aequioribus
1273 257 1545 292 conditionibus
1575 269 1708 302 pacem

319 315 512 357 concedit,
543 321 578 348 et
607 314 766 359 Cyprioo
795 313 893 347 bello
924 314 1035 348 finem
1065 315 1235 360 imponit.
1278 315 1370 350 Glos
1400 314 1562 349 Tiribazi
1592 325 1708 359 gener

318 372 443 407 audita
487 373 607 405 soceri
649 370 887 404 accusatione
924 371 973 404 ad
1011 383 1141 417 regem
1180 373 1448 418 Aegyptiorum
1486 371 1628 415 deficit,
1670 377 1705 405 et

316 431 418 464 hunc
448 435 562 474 atque
592 427 906 462 Lacedaemonios
944 428 991 461 ad
1021 429 1160 463 bellurn
1200 437 1330 463 contra
1360 432 1600 464 Artaxerxem
1635 428 1706 463 sol-

316 487 438 521 licitat
471 482 550 534 [9.]
587 485 777 519 Tiribazus
807 497 922 519 causa
951 486 1101 531 cognita
1131 486 1349 520 criminibus
1378 485 1580 521 absolvitur
1606 482 1708 532 [lo.].

318 544 478 578 eundem
526 554 592 576 rex
641 542 826 576 iudicibus
873 542 1098 576 auditisad
1145 555 1309 578 summos
1351 544 1512 578 honores
1560 543 1706 585 evehit;

317 602 499 635 Orontem
529 611 637 644 vero,
669 599 782 632 falsae
813 599 1057 633 accusationis
1087 611 1214 643 reum,
1248 602 1349 634 omni
1384 599 1594 647 ignominia
1625 599 1706 633 affi-

317 659 368 693 cit
400 654 500 704 [11.].
560 658 604 690 In
637 656 797 690 Graecia
837 656 1124 690 Lacedaemonii
1163 658 1398 691 Mantineam
1436 659 1612 692 diuturna
1643 656 1707 690 ob-

314 715 456 750 sidione
486 714 533 748 ad
565 713 794 749 deditionem
825 720 964 759 cogunt
996 709 1096 761 [12.].
1150 714 1346 760 Dionysius
1377 721 1458 748 tum
1488 715 1598 751 urbes
1629 725 1708 746 ina-

316 773 461 808 ritimas
495 770 676 814 condere,
710 777 746 804 et
775 771 889 803 maris
920 770 1014 812 lonii
1043 770 1246 816 imperium
1276 782 1459 816 occupare
1489 777 1617 817 parat,
1650 781 1709 804 ex«

315 829 544 876 peditionem
581 828 620 862 in
650 828 805 873 Epirum
843 834 954 872 atque
984 827 1032 860 ad
1071 828 1255 873 templum
1285 828 1514 873 Delphicum
1549 827 1710 873 spolian-

315 888 406 921 dum
438 897 522 919 mox
562 891 808 930 suscepturus.
848 885 1095 929 quamobrem
1134 885 1246 919 etiam
1287 898 1374 919 cum
1412 886 1547 930 Illyriis
1580 885 1710 918 foedus

315 945 422 987 iniit,
454 954 587 988 eosque
628 941 727 974 bello
759 947 887 974 contra
917 942 1097 975 Molossos
1127 942 1279 976 adiuvit.
1339 944 1438 976 Tum
1468 942 1566 976 Parii
1594 942 1707 975 declu-

316 1008 377 1036 cta
408 1000 557 1033 colonia
585 999 748 1032 insulam
778 999 941 1033 Pharum
973 998 1231 1034 condiderunt.
1291 1000 1473 1045 Navalia,
1503 999 1710 1046 gymnasia,

205 1058 457 1103 99.1.templa
494 1057 684 1102 Syracusis
725 1062 913 1090 exstructa
955 1052 1055 1104 [13.].
1133 1058 1251 1102 Illyrii
1291 1058 1454 1091 Pharum
1496 1056 1710 1091 incursione

319 1117 527 1159 devastant,
571 1114 617 1147 ab
649 1113 835 1159 indigenis
872 1113 1040 1147 barbaris
1077 1120 1210 1149 contra
1248 1115 1410 1148 Graecos
1450 1115 1488 1148 in
1529 1114 1710 1147 auxilium

292 1171 451 1207 'voc-ati.
493 1172 560 1206 hos
590 1171 768 1216 opprimit
798 1170 923 1204 classis
955 1171 1057 1204 Lisso
1092 1171 1216 1206 missa.
1276 1172 1471 1217 Dionysius
1501 1183 1606 1205 oram
1636 1172 1711 1204 He-

317 1230 459 1265 truriae
490 1229 641 1262 adortus
672 1229 710 1261 in
741 1239 830 1273 agro
865 1228 967 1262 urbis
1000 1228 1152 1273 Agyllae
1182 1230 1367 1273 templum
1399 1229 1620 1262 ditissimum
1651 1238 1712 1260 ex-

317 1287 465 1334 spoliat.
506 1285 592 1319 inde
623 1285 754 1329 opibus
784 1292 935 1327 auctus,
968 1295 1107 1318 novum
1137 1285 1174 1318 in
1216 1285 1538 1331 Carthaginienses
1568 1283 1711 1319 bellum

206 1344 474 1381 99.2.1nolitur
507 1340 606 1390 [14.].
647 1342 737 1375 belli
770 1354 920 1376 causam
956 1342 1136 1388 praebent
1165 1344 1275 1377 urbes
1315 1342 1466 1376 Siciliae
1505 1355 1525 1376 a
1555 1342 1712 1376 Cartha-
1761 1332 1765 1333 ⁷

317 1400 545 1449 giniensibus
586 1399 838 1442 abalienatae,
875 1411 965 1446 quas
1007 1399 1205 1445 Dionysius
1242 1400 1277 1433 in
1311 1400 1529 1434 societatem
1567 1399 1710 1443 recipit,

316 1457 640 1504 Carthaginienses
671 1468 758 1489 vero
790 1463 974 1502 repetunt.
1037 1457 1361 1503 Carthaginienses
1392 1457 1533 1491 duobus
1563 1456 1712 1502 proeliis

315 1516 390 1552 fusi
421 1515 466 1548 de
496 1526 588 1560 pace
617 1514 757 1559 legatos
788 1515 941 1548 mittunt
963 1510 1063 1562 [15.].
1096 1514 1184 1548 dum
1213 1515 1383 1548 induciae
1412 1515 1506 1548 siunt
1535 1514 1583 1548 ad
1614 1513 1715 1559 pacis

317 1573 550 1607 conditiones
574 1571 788 1605 durissimas
816 1570 1082 1616 expediendas,
1114 1572 1435 1618 Carthaginienses
1468 1583 1582 1605 novas
1616 1571 1712 1605 vires

316 1631 521 1675 colligunt,
553 1634 591 1662 et
627 1629 728 1662 circa
758 1628 940 1664 Cronium
979 1629 1121 1673 proelio
1159 1629 1356 1663 victoriam
1386 1635 1578 1674 reportant
1611 1625 1714 1676 [16,].

316 1687 488 1732 Dionysii
518 1687 649 1731 ingens
672 1685 794 1719 clades
828 1685 1062 1720 describitur.
1112 1698 1184 1731 quo
1212 1687 1313 1720 facto
1346 1686 1456 1720 Poeni
1487 1686 1584 1720 victo
1616 1685 1712 1720 hosti

317 1745 436 1778 multo
457 1744 652 1789 aequiores
673 1754 710 1777 se
733 1743 912 1788 praebent
936 1739 1036 1790 [17.].
1067 1743 1169 1784 Glos‚
1189 1744 1253 1788 qui
1274 1743 1414 1777 bellum
1433 1749 1561 1777 contra
1581 1754 1711 1788 regem

315 1803 514 1836 Persarum
545 1807 737 1843 moverat,
780 1800 877 1834 clam
907 1800 1071 1841 occisus‚·
1103 1812 1171 1833 nec
1201 1801 1321 1834 multo
1352 1807 1432 1846 post
1462 1801 1604 1834 Tachos
1634 1801 1713 1834 eius

314 1869 503 1893 successor
532 1863 716 1893 mortuus.
775 1860 831 1892 De
861 1859 984 1891 Leuca
1015 1858 1106 1891 urbe
1147 1859 1192 1891 ab
1229 1859 1300 1891 hoc
1341 1864 1526 1892 exstructa
1562 1868 1712 1891 concer—

315 1922 396 1950 tant
425 1915 651 1951 Clazomenii
693 1920 730 1948 et
761 1915 938 1956 Cumaei3
971 1921 1151 1960 occupato
1182 1915 1364 1949 sacrificio
1394 1915 1487 1949 urbe
1515 1915 1714 1961 potiuntur

317 1972 547 2008 Clazomenii
586 1968 686 2020 [18.].
744 1974 824 2006 Iam
861 1972 986 2018 itaque
1025 1972 1314 2006 Lacedaemonii
1354 1972 1481 2006 omnia
1517 1971 1564 2006 ad
1592 1971 1713 2016 impe-

317 2031 416 2066 rium
458 2031 497 2063 in
537 2030 699 2063 Graecia
745 2036 876 2063 contra
920 2030 978 2062 ius
1015 2029 1145 2075 fasque
1186 2029 1431 2063 obtinendum
1477 2035 1711 2062 convertunt.

317 2090 501 2133 Amyntae
544 2085 627 2131 regi
668 2086 922 2121 Macedonum
962 2086 1007 2118 ab
1045 2086 1181 2131 Illyriis
1221 2087 1319 2120 victo
1362 2087 1401 2119 in
1441 2086 1539 2120 bello
1578 2082 1726 2119 contra

321 2144 520 2190 Olynthios
548 2144 646 2177 fiunt
675 2143 777 2177 socii.
828 2144 873 2176 de
903 2143 1002 2177 bello
1044 2143 1089 2177 ab
1118 2143 1250 2177 iisdem
1279 2143 1316 2176 in
1347 2144 1512 2177 Graecos
1549 2141 1712 2189 gerendo

206 2200 263 2235 99.
277 2199 497 2236 3.dissident
531 2201 603 2234 duo
634 2200 1020 2234 Lacedaemoniorum
1057 2211 1163 2246 reges
1203 2196 1301 2248 [19.].
1358 2200 1563 2235 Phoebidas
1598 2203 1713 2234 Lace-

323 2259 606 2293 daemoniorum
649 2257 722 2291 dux
763 2257 802 2291 in
834 2257 1034 2303 Olynthios
1073 2257 1261 2303 profectus
1296 2258 1336 2290 in
1365 2257 1445 2303 ipso
1474 2257 1609 2291 itinere
1646 2268 1713 2302 per

320 2317 468 2350 insidias
498 2315 704 2350 Cadmeam
733 2315 948 2349 Thebarum
979 2326 1105 2349 arcem
1135 2315 1248 2360 capit.
1291 2314 1369 2347 eius
1398 2314 1508 2348 fratri
1537 2314 1715 2348 Eudami-

320 2374 388 2408 dae
419 2373 554 2407 deinde
597 2372 737 2406 bellum
777 2372 1046 2417 Olynthi-acum
1080 2371 1329 2406 committitur
1369 2367 1467 2420 [;0.].
1505 2372 1569 2406 sed
1596 2373 1716 2406 Lace-

321 2430 527 2473 daemonii,
570 2429 740 2474 quamvis
775 2429 878 2463 novis
921 2429 1035 2475 copiis
1074 2428 1194 2472 aucti,
1235 2428 1403 2474 pluribus
1436 2429 1586 2474 proeliis
1625 2428 1712 2464 fusi.

203 2482 303 2521 99.4.
316 2489 393 2534 ipse
433 2487 533 2533 regis
573 2486 690 2520 frater
719 2486 908 2520 Teleutias
944 2486 1082 2520 cecidit
1111 2482 1213 2534 [21.].
1262 2486 1465 2532 Agesipolis
1499 2498 1564 2519 rex
1593 2487 1712 2520 Lace-

223 2542 304 2579 100.
318 2544 606 2579 daemoniorum
634 2543 734 2577 bello
766 2543 990 2588 Olynthiaco
1029 2554 1195 2589 praeesse
1224 2542 1374 2576 iubetur
1403 2538 1504 2592 [22.].
1558 2544 1712 2577 Mortuo

254 2600 286 2633 1.
318 2600 552 2649 Agesipolide
579 2601 869 2634 Lacedaemonii
900 2600 1138 2646 Polybiadam
1166 2600 1257 2634 belli
1296 2600 1429 2634 ducein
1459 2606 1605 2643 creant,
1646 2601 1710 2646 qui

316 2660 472 2694 meliore
501 2658 654 2692 fortuna
683 2670 770 2692 usus
801 2657 1002 2703 Olynthios
1031 2656 1180 2704 subigit.
1230 2657 1613 2691 Lacedaemoniorum
1644 2668 1712 2702 po-

221 2693 302 2730 loo·
314 2717 432 2752 tentia
470 2722 552 2751 tum
584 2714 744 2749 maxima
778 2710 877 2764 [23]
936 2714 1257 2762 Carthaginienses
1289 2715 1523 2760 Hipponium
1552 2714 1713 2760 antiquis

275 2774 284 2784 ¹
315 2774 446 2809 incolis
481 2772 693 2809 restituunt.
728 2772 915 2820 quamvis·
940 2771 1154 2819 pestilentia
1193 2771 1348 2818 aliisque
1391 2772 1518 2815 malis,
1558 2770 1712 2806 internis
