1820 3249
501 135 1136 180 L113.XV.CAP.15.16.
1423 137 1504 177 961

116 268 204 304 νοι,
233 267 360 320 κοινῃ
389 249 469 294 τόν
497 246 689 318 πόλεμον
716 247 995 291 ἐπανείλοντο
1025 245 1139 299 πρός
1160 245 1240 289 τόν
1257 245 1503 302 τύραννον·

41 314 85 349 15
114 306 420 366 προορώμενοι
450 305 496 350 6·'
513 304 759 377 ἐμφρόνως
778 304 828 348 τὸ
849 304 1037 360 μέγεθος
1065 305 1147 346 τοῦ
1168 303 1381 371 πολέμου,
1414 306 1502 346 τῶν

115 381 161 409 τε
206 366 399 431 πολιτῶν
446 361 551 414 τούς
592 361 803 412 εὐθέτους
841 361 1072 415 κατέλεγον
1122 357 1386 427 στρατιώτας
1425 359 1501 403 καὶ

113 421 341 492 χρημάτων
369 418 752 475 προχειρισάμενοι
790 422 961 488 πλῆθος
992 414 1160 470 ξενικας
1184 412 1389 470 δυνάμεις
1419 433 1496 470 με-
1527 422 1580 462 50

113 476 250 534 γάλας
291 477 572 532 ἐμισθοῦντο.
642 474 989 543 καταστησαντες
1027 473 1073 517 δὲ
1118 472 1363 528 στρατηγὸν
1392 473 1498 516 Μά-

111 549 234 590 γωνα
261 533 339 577 τόν
370 535 550 602 βασιλέα
579 532 743 585 πολλας
772 529 990 602 μυριάδας
1022 533 1300 583 στρατιωτῶν
1329 529 1498 583 ἐπεραί-

113 603 236 634 ωσαν
276 592 336 641 εἰς
378 590 459 647 τὴν
498 592 708 634 Σικελίαν
746 589 821 634 καὶ
833 588 939 658 τήν
975 586 1178 656 Ἰταλίαν,
1219 588 1497 657 διαπολεμεῖν

111 648 155 699 ἐξ
189 645 438 716 ἀμφοτέρας
482 645 760 703 βουλόμενοι.
822 644 845 690 ὁ
887 645 933 689 δε
967 639 1211 694 Διονύσιος
1249 644 1322 687 καὶ
1363 641 1498 694 αὐτός

109 721 188 756 τας
218 702 425 759 δυνάμεις
470 704 719 760 διελόμενος
755 720 815 764 τῳ
858 703 937 773 μὲν
980 701 1046 746 ἑνὶ
1088 700 1207 771 μέρει
1244 700 1354 770 πρὸς
1391 699 1494 751 τοὺς
1524 705 1577 747 55

104 759 346 813 Ἰταλιώτας
380 763 677 831 διηγωνίζετο,
716 765 777 804 τῶ
789 750 862 804 δε
901 759 1029 830 ἑτέρω
1067 759 1179 812 πρὸς
1208 774 1313 808 τους
1347 759 1493 800 Φοίνι-

108 834 201 869 κας
259 819 416 862 πολλαὶ
455 835 535 875 μεν
572 820 656 862 οὐν
692 817 802 861 κατὰ
841 813 972 873 μέρος
1001 805 1196 886 ἐγίνοντο
1229 813 1363 871 μάχαι
1402 819 1494 864 τοῖς

111 874 423 948 στρατοπέδοις
465 876 539 920 καὶ
590 874 836 948 συμπλοκαὶ
874 873 1026 929 μικραὶ
1071 872 1146 916 καὶ
1186 877 1396 942 συνεχεῖς,
1445 872 1492 915 ἐν

110 929 181 982 αἷς
210 931 350 1003 οὐδὲν
370 932 601 989 ἀξιόλογον
631 933 760 987 ε’ργον
791 931 1100 999 συνετελέσθη,
1139 927 1223 974 δύο
1265 928 1310 973 δὲ
1347 944 1491 999 παρα·
1523 941 1576 980 60

107 987 247 1041 τάξεις
285 988 487 1045 ἐγένοντο
529 989 712 1045 μεγάλαι
751 989 824 1032 καὶ
864 986 1129 1058 περιβόητοι
1193 987 1268 1030 καὶ
1296 990 1388 1059 τῇ
1412 1002 1493 1042 μεν

107 1045 258 1103 πρώτη
289 1047 528 1098 Διονύσιος
563 1049 830 1102 θαυμαστῶς
860 1044 1184 1101 ἀγωνισάμενος
1211 1043 1311 1098 περὶ
1339 1061 1393 1087 τα
1423 1059 1497 1087 κα-

108 1102 303 1157 λούμενα
339 1103 526 1160 Κάβαλα
556 1103 843 1173 ἐπροτέρησε,
882 1103 957 1146 καὶ
983 1103 1162 1152 πλείους
1192 1118 1272 1171 μεν
1300 1104 1389 1144 τῶν
1416 1117 1496 1157 μυ-

106 1161 216 1213 ρίων
246 1158 388 1204 ἀνεῖλε
427 1177 516 1203 των
558 1160 820 1231 βαρβάρων,
853 1158 937 1203 οὐκ
968 1158 1173 1210 ἐλάττους
1204 1155 1250 1202 δὲ
1279 1162 1368 1201 τῶν
1396 1174 1495 1201 πεν-

103 1219 376 1272 τακιςχιλίων
410 1214 722 1273 ἐζώγρησε·τὸ
753 1214 797 1261 6’
833 1215 938 1260 ἄλλο
968 1220 1139 1286 πλῆθος
1161 1212 1380 1271 ἠνάγκασε
1410 1231 1488 1258 κα·
1517 1225 1571 1267 65

103 1279 317 1330 ταφυγεῖν
357 1274 427 1318 ἐπί
456 1290 555 1318 τινα
593 1274 738 1328 λόφον
775 1273 968 1345 ἐρυμνὸν
1003 1273 1075 1316 καὶ
1108 1271 1304 1342 ἄνυδρον
1333 1287 1487 1316 παντε-

103 1333 203 1381 λιδς.
264 1331 385 1375 ἔπεσε
425 1331 471 1375 δὲ
509 1332 583 1376 καὶ
611 1329 785 1388 Μάγων
825 1327 848 1374 6
892 1329 1094 1388 βασιλεὺς
1133 1326 1282 1373 αὐτων
1316 1346 1485 1398 αγωνι-

103 1385 291 1441 σάμενος
332 1392 552 1444 λαμπρῶς.
622 1391 666 1432 οἱ
713 1389 760 1432 δὲ
805 1389 1009 1438 Φοίνικες
1045 1387 1390 1442 καταπλαγέντες
1435 1385 1485 1430 τὸ

102 1443 289 1512 μέγεθος
316 1449 393 1499 τῆς
421 1449 655 1515 συμφορᾶς
679 1443 818 1496 εὐθυς
846 1443 1244 1517 διεπρεσβεύσαντο
1263 1444 1363 1498 περὶ
1394 1446 1484 1487 δια-

100 1498 280 1543 λύσεων
339 1501 363 1545 ὁ
403 1501 449 1571 δε
480 1501 720 1553 Διονύσιος
754 1499 1020 1570 ἀπεφήνατο
1055 1500 1159 1556 μίαν
1189 1499 1340 1552 αὐτοῖς
1370 1497 1483 1544 εἶναι
1513 1507 1566 1546 70

102 1556 334 1609 σύλλυσιν,
375 1557 452 1602 ἐὰν
487 1558 764 1615 ἐκχωρήσωσι
798 1563 888 1602 τῶν
915 1575 1024 1602 κατα
1055 1557 1133 1627 τὴν
1161 1559 1370 1601 Σικελίαν
1398 1556 1482 1600 πό-

98 1617 211 1656 λεων
239 1614 314 1657 καὶ
346 1614 398 1657 τὰ
438 1616 749 1671 δαπανηθέντα
784 1614 980 1684 χρήματα
1017 1632 1127 1658 κατα
1168 1614 1247 1658 τόν
1286 1614 1481 1669 πόλεμον

98 1669 312 1714 ἐκτίσωσι.
355 1674 547 1741 βαρείας
581 1673 626 1716 δὲ
663 1673 737 1716 καὶ
765 1669 1057 1741 ὑπερηφάνου
1093 1675 1168 1728 τῆς
1208 1669 1480 1726 ἀποκρίσεως
1512 1678 1565 1716 16

99 1726 318 1784 δοκούσης
337 1726 561 1798 ὑπάρχειν,
594 1731 637 1773 οἱ
664 1727 962 1798 Καρχηδόνιοι
990 1745 1041 1785 τῃ
1075 1699 1261 1784 συνήθει
1288 1744 1481 1782 πανουρ-
1511 1734 1566 1776 75

97 1785 173 1840 γίᾳ
215 1786 645 1856 κατεστρατήγησαν
659 1786 739 1830 τὸν
788 1785 1042 1829 Διονύσιον.
1113 1786 1481 1856 προςποιηθέντες

99 1857 183 1884 ουν
227 1839 505 1886 εὐδοκεῖσθαι
551 1847 646 1894 ταῖς
673 1842 942 1913 ὁμολογίαις
989 1842 1160 1898 ε’φησαν
1200 1840 1364 1893 αὐτούς
1400 1841 1480 1898 μὲν

99 1914 157 1966 μη
190 1895 399 1969 ὑπάρχειν
428 1901 612 1955 κυρίους
631 1904 716 1956 ,τῆς
747 1917 836 1944 των
865 1899 1036 1943 πόλεων
1064 1898 1368 1970 παραδόσεως,
1406 1901 1480 1943 ι’να

101 1954 148 1996 δὲ
175 1960 266 2006 τοῖς
295 1956 478 2026 ἄρχουσι
508 1959 793 2028 διαλεχθεῖσι
807 1958 907 2011 περὶ
935 1954 1129 2008 τούτων,
1169 1953 1362 2012 ἠξίωσαν
1401 1955 1480 2000 τόν
1509 1964 1564 2003 80

97 2010 342 2055 Διονύσιον
371 2011 528 2082 ὀλίγας
565 2012 731 2084 ἡμέρας
768 2012 929 2085 ἀνοχὰς
965 2012 1250 2083 ποιήσασθαι.
1317 2025 1481 2070 συγχω-

98 2065 310 2137 ρὴσαντος
341 2067 388 2112 δε
418 2075 499 2121 τοῦ
528 2070 770 2122 δυνάστου,
799 2073 872 2114 καὶ
900 2074 990 2114 τῶν
1020 2068 1194 2141 άνοχων
1220 2071 1481 2140 γενομένων,

95 2122 119 2167 6
159 2124 238 2179 μὲν
271 2126 512 2179 Διονύσιος
553 2127 790 2197 περιχαρὴς
827 2144 904 2184 ην,
949 2126 1007 2179 ὦς
1052 2126 1207 2171 αὐτίκα
1243 2126 1358 2183 μάλα
1400 2127 1481 2184 τήν

94 2183 305 2225 Σικελίαν
349 2189 496 2228 πᾶσαν
547 2183 942 2241 παραληψόμενος,
991 2201 1034 2228 οι
1083 2184 1129 2229 δε
1180 2184 1478 2255 Καρχηδόνιοι

93 2236 293 2295 Μάγωνα
321 2239 401 2297 μὲν
437 2241 517 2286 τόν
551 2243 731 2299 βασιλέα
767 2244 1107 2299 μεγαλοπρεπῶς
1145 2241 1343 2296 ἔθαψαν,
1381 2240 1476 2286 ἀντὶ
1508 2241 1560 2283 85

183 2420 240 2456 15.
267 2421 324 2456 47.
361 2419 401 2458 δ’
435 2421 534 2469 ἓμφρ
540 2425 575 2469 ]
613 2422 653 2460 δε
685 2422 794 2466 εἰιφρ.
821 2423 855 2457 Κ
1063 2420 1120 2458 49.
1144 2425 1477 2470 προχειρισάμενος

90 2467 260 2519 πλῆθος]
285 2467 428 2504 invertit
450 2471 480 2504 F
689 2470 745 2504 53
771 2468 808 2512 ἐξ
842 2466 1056 2528 ἀμφοτέρας
1087 2471 1171 2504 uses
1175 2472 1363 2517 selingiusz
1393 2473 1477 2507 libri

93 2508 308 2557 ἀμφοτέρας
492 2515 549 2551 58.
585 2517 715 2561 μικραὶ
751 2516 836 2560 καὶ]
871 2519 1002 2560 μικραί
1036 2529 1073 2550 τε
1104 2518 1167 2551 καὶ
1204 2517 1475 2553 1161.

96 2557 346 2613 &avum-1039]
373 2564 547 2607 λαμπρῶς
569 2564 598 2597 L
760 2562 817 2596 62.
852 2561 1072 2607 ἐπροτέρησε
1096 2563 1177 2596 WVes
1181 2563 1368 2606 selingius.
1392 2565 1475 2600 libri

91 2601 312 2658 προετέρησε
515 2609 572 2644 70.
599 2606 844 2654 ἀπεφήνατο]
874 2612 926 2655 τῷ
949 2621 1053 2652 super
1075 2620 1117 2644 το
1143 2609 1239 2653 ponit
1263 2611 1292 2643 F

92 2648 265 2684 σύλλυσιν
288 2650 449 2696 AFffiL,
475 2656 601 2690 caeteri
627 2660 844 2710 praeponunt
867 2656 1075 2698 articulum,
1101 2660 1207 2699 quem
1228 2655 1391 2712 asferfisco
1414 2668 1476 2690 no

90 2694 180 2730 tavit
203 2694 399 2750 Stephanus
583 2701 642 2735 71.
675 2699 742 2741 τήν
767 2712 836 2735 om.
861 2702 893 2734 F
1068 2701 1132 2736 71.
1155 2702 1221 2746 τῆς
1248 2697 1477 2747 αποκρίσεως

89 2746 168 2785 post
192 2735 371 2787 απάρχειν
391 2745 490 2788 ponit
510 2745 539 2780 L
678 2746 736 2781 77
762 2744 902 2789 αὐτούς
923 2747 1005 2783 libri

1141 2809 1198 2848 62
