1820 3249
278 112 389 154 1588
800 109 917 150 LlB.
971 108 1152 151 xvlll.

278 225 539 262 Macedoniam
570 225 680 261 rediit
710 223 812 275 [394.
843 227 1050 273 Antigonus
1083 238 1172 263 cum
1200 227 1367 262 exercitu
1407 227 1446 261 in
1476 227 1668 273 Cappado-

279 285 380 318 ciam
421 282 618 329 ablegatur
659 284 707 317 ad
752 285 960 318 Eumenem
1005 284 1104 318 bello
1141 284 1441 331 opprimendum.
1497 291 1669 319 conserto

281 340 423 387 proelio
454 341 640 375 Eumenes
669 347 820 386 propter
848 341 1079 386 Apollonidis
1116 342 1365 388 proditionem
1393 341 1545 376 foedam
1574 341 1673 376 acci-

282 398 338 444 pit
365 396 512 432 cladem
544 394 644 446 [40.].
679 398 889 444 Antigonus
916 399 1146 442 Eumenem,
1178 399 1242 445 qui
1272 401 1413 434 Noram
1452 399 1672 444 confugerat

283 454 416 490 relicto
449 454 636 500 praesidio
674 455 842 489 clausum
871 461 985 491 tenet.
1026 456 1140 491 simul
1169 468 1265 490 nova
1293 456 1450 490 consilia
1479 456 1518 489 in
1548 455 1672 501 ipsum

283 511 523 557 Antipatrum
552 511 651 558 capit
681 507 769 560 [41]
799 511 975 547 Eumenis
1002 512 1199 560 singularis
1230 508 1435 548 constantia
1457 508 1556 560 [42].
1586 512 1673 546 Pto-

194 589 261 626 115
284 568 467 612 lemaeus,
498 569 699 615 profligato
728 569 903 604 Perdicca
931 569 1059 614 tutior,
1087 570 1187 604 ultra
1216 570 1434 617 Aegyptum,
1462 569 1609 614 Syriam
1636 574 1674 602 et

183 650 206 685 2
228 616 272 693 *)·
285 626 495 661 Phoenicen
532 626 571 659 in
609 626 789 660 ditionem
822 638 929 661 suam
964 626 1100 673 redigit
1131 624 1218 674 [43]
1259 633 1341 672 post
1376 628 1585 661 Eumenem
1618 625 1675 660 vi-

209 675 217 684 ·
285 675 628 729 ctum‘Antigonus
655 683 822 718 Alcetam
853 690 890 717 et
920 683 1087 717 Attalum
1115 681 1271 729 aggredi
1302 684 1505 718 constituit.
1552 682 1674 728 primo

283 747 415 775 contra
451 740 621 774 Alcetam
660 740 700 774 in
741 740 916 776 Pisidiam
956 741 1087 776 movit.
1132 741 1233 774 venit
1269 741 1316 774 ad
1357 752 1524 787 pugnam
1565 751 1675 785 eque-

283 805 417 841 strem,
460 809 531 843 qua
562 798 708 831 Alcetas
746 803 899 843 accepta
930 808 1067 842 magna
1107 798 1211 831 clade
1253 809 1364 844 aegre
1402 797 1599 831 defunctus
1628 796 1676 830 ad

284 855 455 901 peditum
495 866 628 901 agmen
670 854 820 900 aufugit
853 851 952 902 [44.].
994 855 1088 889 inito
1117 866 1214 888 novo
1254 854 1397 901 proelio
1437 853 1576 888 Attalus
1615 864 1676 887 ca-

282 911 404 958 pitur;
445 911 590 945 Alcetas
633 916 758 945 autem
794 913 1031 946 Termessum
1068 912 1258 958 confugit,
1306 911 1372 946 ubi
1407 911 1550 945 Pisidae
1590 921 1678 944 eum

285 975 439 1004 tuentur
472 965 574 1017 [45.].
605 968 670 1002 diu
698 975 913 1003 recusantes
944 968 1084 1003 Pisidae
1123 969 1224 1015 quod
1258 969 1465 1015 Antigonus
1494 967 1677 1014 postulas-

286 1033 362 1069 set,
403 1025 555 1060 tandem
584 1023 776 1069 Alcetam,
808 1026 878 1060 sibi
913 1032 1075 1061 mortem
1107 1026 1422 1069 consciscentem,
1454 1037 1540 1059 cum
1571 1035 1676 1070 cape-

284 1089 403 1127 retur,
425 1089 618 1117 mortuum
647 1083 832 1129 Antigono
855 1083 1005 1117 tradunt
1036 1080 1138 1132 [46,].
1169 1084 1340 1118 iuventus
1362 1082 1679 1117 Termessensium

287 1152 330 1174 ea
361 1152 402 1173 re
431 1141 651 1174 exacerbata
680 1140 720 1174 in
758 1141 852 1175 urbe
885 1141 1067 1175 tumultus
1104 1147 1142 1174 et
1170 1141 1209 1174 in
1240 1141 1467 1187 Antigonum
1497 1138 1681 1173 excursio-

289 1208 353 1231 nes
386 1197 488 1231 facit.
528 1197 735 1242 Antigonus
763 1196 802 1230 in
832 1197 1035 1244 Phrygiam
1063 1197 1252 1241 concedit,
1289 1198 1353 1232 ubi
1384 1196 1577 1231 nuntiatur
1606 1198 1680 1230 An-

289 1255 473 1301 tipatrum
502 1254 579 1288 vita
608 1255 782 1288 functum
814 1266 888 1289 esse
923 1251 1023 1303 [47.].
1052 1266 1111 1288 res
1141 1261 1327 1288 extremae
1357 1253 1562 1298 Antipatri:
1606 1254 1679 1287 De-

290 1311 441 1345 madem
464 1311 742 1346 Atheniensium
762 1312 808 1344 ad
826 1312 948 1357 ipsum
973 1313 1141 1359 legatum
1163 1313 1209 1345 ob
1231 1311 1398 1357 cognitas
1421 1309 1573 1345 insidias
1591 1321 1681 1355 sup-

289 1368 404 1414 plicio
433 1368 578 1410 affecit;
609 1367 963 1413 Polysperchontem
981 1381 1174 1403 summum
1193 1370 1326 1403 ducem
1352 1379 1562 1415 regumque
1580 1372 1680 1400 tuto⁴

290 1437 392 1469 rem,
432 1426 554 1460 filium
596 1431 720 1459 autem
756 1425 1004 1460 Cassandrum
1047 1426 1296 1461 chiliarchum
1345 1425 1537 1459 constituit
1579 1420 1683 1472 [48.].

292 1482 494 1517 Cassander
522 1482 775 1528 principatum
805 1490 982 1529 appetens
1013 1484 1128 1529 patris
1158 1484 1465 1518 constitutionem
1493 1481 1684 1527 reprobat,

291 1545 328 1574 et
358 1551 447 1573 cum
480 1540 694 1574 Ptolemaeo
725 1540 882 1586 aliisque
919 1552 1026 1576 arma
1064 1541 1282 1575 consociare
1317 1546 1437 1586 parat.
1489 1539 1682 1585 Polysper-

292 1597 390 1631 chon
420 1608 507 1631 vero
536 1597 738 1643 imperium
769 1609 813 1631 ac
842 1597 1000 1632 tutelam
1029 1598 1120 1642 adit,
1142 1604 1178 1632 et
1209 1586 1543 1644 Olympiadem-ex
1567 1595 1681 1640 Epiro

290 1660 443 1688 revocat
475 1650 576 1702 [494.
619 1654 792 1701 Antigoni
820 1654 866 1689 ad
895 1656 1104 1691 Eumenem
1134 1656 1294 1701 legati0‚
1327 1662 1363 1688 et
1393 1654 1483 1688 inita
1517 1652 1683 1696 consilia,

293 1717 336 1745 ut
380 1722 571 1745 summum
615 1711 657 1746 in
705 1711 787 1746 Asia
827 1713 1031 1758 imperium
1078 1713 1262 1758 arriperet
1303 1708 1405 1760 [50.]‚
1461 1709 1685 1745 Arrhidaeus

292 1768 474 1815 Phrygiae
503 1775 685 1813 satrapes,
717 1775 759 1802 ut
787 1770 857 1804 sibi
887 1776 1018 1804 contra
1045 1770 1277 1817 Antigonum
1305 1768 1545 1815 prospiceret,
1579 1766 1684 1812 Cyzi-

295 1837 382 1859 cum
408 1825 442 1859 vi
471 1837 653 1871 occupare
685 1831 861 1870 conatur3
890 1828 955 1862 sed
986 1827 1252 1874 Cyzicenorum
1282 1826 1377 1860 dolis
1407 1821 1684 1860 circumventus

290 1882 435 1917 infecta
474 1894 515 1917 re
553 1882 676 1917 redire
717 1884 864 1930 cogitur
905 1881 1007 1933 [51.].
1045 1891 1127 1919 tum
1166 1885 1371 1930 Antigonus
1406 1883 1604 1929 Cyzicenos
1643 1880 1683 1914 in

291 1951 373 1974 suas
409 1947 531 1986 partes
560 1940 707 1974 trahere
737 1941 888 1975 studens
916 1942 1032 1976 simili
1073 1941 1183 1976 modo
1215 1941 1402 1975 eluditur:
1427 1951 1520 1974 'mox
1548 1939 1585 1972 in
1615 1939 1683 1973 Ar-

292 1997 490 2032 rhidaeum
522 1997 647 2043 copias
676 1997 815 2041 mittit3
855 1999 933 2044 ipse
966 2000 1155 2045 Ephesum
1190 2011 1259 2044 per
1288 1998 1540 2044 proditionem
1570 1995 1685 2042 capit,

294 2055 565 2101 pecuniamque
605 2054 748 2100 regiam
787 2066 806 2088 e
838 2056 969 2090 Cilicia
1007 2057 1048 2090 in
1077 2055 1340 2091 Macedoniam
1377 2053 1685 2089 transvehendam
1743 2048 1747 2049 ⁷

294 2112 488 2158 intercipit
518 2107 618 2160 [52.].
658 2112 715 2146 his
744 2112 918 2158 expositis
947 2114 994 2147 ad
1033 2113 1208 2147 Eumenis
1236 2124 1297 2146 res
1329 2111 1600 2158 persequendas
1629 2108 1687 2142 hi-

295 2169 454 2203 storicus
483 2168 592 2203 redit.
628 2168 802 2203 mirabile
840 2170 1003 2205 hominis
1039 2170 1234 2217 ingenium
1264 2175 1301 2203 et
1329 2169 1509 2203 mirabilis
1535 2169 1688 2202 fortuna

298 2225 539 2268 describitur,
574 2237 647 2272 qua
674 2237 718 2260 ex
746 2226 936 2261 obsidione
966 2228 1142 2263 diuturna
1169 2227 1347 2262 liberatus
1372 2231 1426 2260 est
1456 2222 1558 2275 [53.].
1604 2225 1687 2259 Iam

296 2282 337 2317 iu
365 2284 555 2329 Europam
582 2284 717 2318 transit
745 2283 952 2323 historicus.
982 2285 1209 2331 Cassander,
1241 2283 1400 2318 consiliis
1430 2294 1497 2328 per
1525 2282 1688 2329 speciem

298 2340 506 2374 venationis
546 2339 609 2375 diu
638 2339 894 2385 dissimulatis,
924 2342 1079 2377 tandem
1115 2342 1213 2376 clam
1242 2340 1463 2375 Macedonia
1490 2340 1621 2374 relicta
1649 2338 1689 2372 iu

298 2396 420 2432 Asiam
459 2397 700 2442 transmittit,
743 2403 780 2432 et
819 2398 910 2432 belli
939 2398 977 2433 in
1006 2398 1358 2445 Polysperchontem
1390 2397 1544 2444 gerendi
1573 2395 1688 2431 socie—

296 2460 411 2488 tatem
449 2465 537 2488 cum
578 2454 763 2501 Antigono
802 2455 925 2502 iungit
968 2452 1070 2505 [54.].
1107 2451 1434 2501 Polysperchomis
1470 2453 1686 2489 deliberatio

296 2511 342 2545 de
370 2510 470 2545 bello
508 2511 546 2545 in
578 2511 828 2546 Cassandrum
857 2513 1034 2560 gerendo.
1075 2519 1161 2548 ante
1190 2512 1315 2547 omnia
1348 2511 1539 2548 constituit
1568 2511 1687 2546 Grae-

298 2748 322 2778 Β
392 2701 420 2743 ⁸)
447 2706 539 2734 Ante
563 2704 659 2734 hunc
682 2713 816 2735 annum
836 2706 972 2745 aliquot
994 2703 1162 2737 foliorum
1186 2705 1313 2735 lacuna
1336 2704 1471 2736 biennii
1497 2713 1550 2735 res
1573 2708 1688 2742 gestae

324 2754 439 2780 austae
462 2755 556 2783 aunt.
