1820 3249
333 146 444 186 1⁰30
724 140 836 181 Lm.
867 139 956 181 XV.
1000 139 1132 181 CAP.
1159 143 1227 183 88.
1247 144 1320 184 89

335 269 426 298 νων
456 252 516 296 ε’τι
542 253 590 296 δὲ
612 253 807 323 Χαβρίας
834 266 879 294 τε
908 250 980 294 καὶ
994 249 1242 319 Ἰφικράτης
1271 252 1314 295 οἵ
1333 250 1568 320 Ἀθηναῖοι,
1598 252 1709 306 πρός

339 312 384 355 δὲ
413 309 587 360 τούτοις
621 308 872 363 Ἀγησίλαος
909 305 932 350 ὁ
965 306 1265 376 Σπαρτιάτης,
1302 307 1442 364 βραχυ
1483 312 1576 358 τοῖς
1603 307 1710 363 χρό-

340 383 434 418 νοις
461 370 700 420 προτερῶν,
733 365 778 407 ἐν
808 364 853 407 δὲ
884 369 976 414 τοῖς
1012 364 1096 419 πρὸ
1127 363 1286 407 τούτου
1314 365 1491 420 χρόνοις
1524 365 1592 407 ἐπὶ
1620 368 1710 407 τῶν

289 428 420 479 5ηΜ
424 425 558 467 δικῶν
587 423 658 465 καὶ
688 424 917 493 Περσικῶν
949 424 1115 474 καιρῶν
1140 419 1295 463 Σόλων
1325 422 1397 464 καὶ
1424 425 1713 478 Θεμιστοκλῆς

342 481 417 525 καὶ
447 477 689 534 Μιλτιαδης
726 478 784 520 ε’τι
818 477 863 520 δὲ
893 478 1046 532 Κίμων
1071 478 1144 520 καὶ
1174 479 1442 533 Μυρωνίδης
1480 479 1552 520 καὶ
1585 481 1714 532 Περι-

343 540 448 592 κλῆς
476 537 550 579 καί
577 550 688 585 τινες
711 533 848 605 ἕτεροι
877 534 993 588 παρὰ
1014 539 1105 585 τοῖς
1130 532 1390 589 Ἀθηναίοις,
1417 533 1526 576 κατά
1557 536 1602 578 δὲ
1630 534 1714 589 τὴν

343 595 549 637 Σικελίαν
579 591 729 634 Γέλων
772 591 796 634 ὁ
827 589 1120 660 Δεινομένους
1160 593 1235 634 καί
1262 607 1376 641 τινες
1404 589 1554 644 ἕτεροι.
1614 590 1710 634 ἀλλ’

345 649 463 705 ὅμως
492 650 531 692 εἴ
548 665 611 699 τις
632 648 861 703 συγκρίναι
886 647 963 697 τοὶς
991 646 1158 691 τούτων
1178 646 1330 717 ἀρετὰς
1349 664 1400 703 τη
1426 645 1715 702 Ἐπαμεινών-

269 720 319 758 10
348 708 431 750 δου
462 707 693 761 στρατηγία
725 720 769 747 τε
797 704 870 747 καὶ
899 704 1023 760 δόξῃ,
1056 700 1169 747 πολὺ
1198 704 1254 747 ἄν
1282 705 1561 773 προέχουσαν
1593 704 1718 758 εὕροι

349 762 429 819 τὴν
455 762 553 816 περὶ
579 763 657 804 τὸν
684 761 1035 831 Ἐπαμεινώνδαν
1066 759 1238 831 αρετῄν.
1278 760 1421 816 παρὰ
1415 761 1492 803 ιιὲν
1511 759 1594 816 γὰρ
1619 759 1718 804 ἕκα-

350 830 436 876 στῳ
465 823 554 861 τῶν
582 817 724 861 ἄλλων
751 819 801 860 ἓν
830 816 884 860 ἂν
913 817 1033 870 εύροι
1053 817 1299 887 προτέρημα
1326 822 1401 873 τῆς
1432 817 1572 889 δόξης,
1600 817 1718 871 παροὲ

350 863 420 919 δὲ
426 874 566 918 τούτω
595 873 735 924 πάσας
763 875 838 924 τὰς
867 873 1019 927 ἀρετας
1048 872 1353 944 ἠθροισμένας.
1392 874 1464 916 καὶ
1492 875 1572 928 γὰρ
1594 874 1720 930 ἳσόμῃ

271 941 321 983 15
351 920 552 986 σώματος
588 932 662 974 καὶ
703 930 840 987 λόγου
870 930 1115 1002 δεινότητι,
1141 931 1250 983 πρὸς
1287 930 1332 973 δὲ
1372 929 1545 981 τούτοις
1557 935 1722 1000 ψυχῆς

351 988 617 1059 λαμπρότητι
656 988 728 1031 καὶ
757 989 1019 1046 μισαργυρία
1047 987 1121 1030 καὶ
1148 987 1372 1043 ἐπιεικείᾳ,
1412 987 1483 1029 καὶ
1522 985 1570 1031 τὸ
1609 988 1723 1042 μέγι-

352 1056 481 1096 στον,
533 1044 714 1101 ἀνδρείᾳ
750 1045 823 1088 καὶ
868 1046 1128 1115 στρατηγικῇ
1166 1045 1335 1087 συνέσει
1373 1042 1487 1087 πολύ
1516 1042 1724 1113 διήνεγκε

351 1117 539 1145 παντων.
596 1105 832 1156 τοιγαροῦν
861 1101 888 1158 ἡ
917 1103 1071 1171 πατρὶς
1109 1097 1248 1144 αὐτοῦ
1285 1104 1445 1153 ζῶντος
1483 1116 1563 1155 μεν
1599 1099 1724 1154 ἐκτή-

351 1169 458 1201 σατο
484 1158 563 1214 τὴν
589 1157 826 1213 ηγεμονίαν
854 1162 929 1213 τῆς
950 1156 1162 1208 Ἑλλαδος,
1191 1155 1526 1225 τελευτήσαντος
1548 1156 1595 1199 δε
1623 1156 1725 1199 ταύ-

268 1231 323 1271 20
351 1231 426 1270 της
456 1214 694 1285 εστερηθη,
708 1215 782 1257 καὶ
807 1219 880 1270 τῆς
909 1215 978 1257 ἐπὶ
1007 1213 1056 1257 τὸ
1085 1219 1232 1283 χεῖρον
1260 1212 1326 1256 ἀεὶ
1354 1215 1593 1281 μεταβολῆς
1618 1213 1725 1255 ἐπει-

353 1271 491 1341 ραθη,
530 1273 602 1314 καὶ
643 1271 778 1324 πέρας
814 1271 887 1315 διοὶ
925 1287 1005 1326 την
1043 1269 1308 1343 αφροσύνην
1344 1275 1434 1312 τῶν
1468 1267 1726 1340 ηγουμὲνων

353 1327 717 1386 ἀνδραποδισμοῦ
743 1329 817 1371 καὶ
845 1331 1128 1397 κατασκαφῆς
1158 1326 1280 1382 ε’λαβε
1310 1331 1479 1379 πεῖραν
1531 1323 1727 1380 Ἐπαμει-

351 1384 522 1435 νώνδας
551 1401 629 1439 μεν
662 1387 745 1428 οὐν
781 1383 899 1439 παρὰ
935 1388 1041 1426 πᾶσι
1070 1383 1330 1450 περιβόητον
1371 1383 1478 1436 ε’χων
1511 1381 1592 1437 τὴν
1631 1382 1726 1437 ἀρε-

267 1491 324 1531 89
352 1441 838 1571 ζην’ἇῖιὲῗτίὲιῖξῖἲξξ
863 1443 1286 1568 κέεῑῒῗῖἓὲζῒηῖιιὲῗῇ
1307 1439 1728 1565 βέιῗξιζιςβηωυμινην

269 1546 366 1588 25²
352 1554 518 1610 ε’χοντες
548 1553 629 1610 τήν
656 1557 806 1608 νίκην,
836 1571 909 1598 και
937 1557 1032 1603 ταῖς
1061 1569 1115 1595 αν
1120 1553 1378 1608 δραγαθίαις
1407 1552 1634 1607 ἐφάμιλλοι
1657 1568 1729 1594 κα-

350 1615 583 1662 θεστῶτες,
612 1611 673 1654 ε’τι
703 1611 750 1654 δε
779 1628 830 1667 τη
863 1611 1060 1680 συνεχείᾳ
1089 1612 1178 1651 τῶν
1207 1609 1429 1653 κινδύνων
1457 1607 1731 1651 καταπονού-

351 1672 496 1738 μενοι,
537 1667 791 1711 διελύσαντο
821 1666 931 1720 πρὸς
969 1665 1196 1735 ἀλλήλους.
1256 1664 1519 1719 συνθέμενοι
1556 1664 1601 1707 δε
1639 1681 1729 1707 κοι-

269 1742 322 1782 30
351 1741 433 1779 νην
464 1723 642 1780 εἰρήνην
668 1725 741 1767 καὶ
774 1724 1022 1778 συμμαχίαν
1051 1720 1308 1765 κατέταττον
1343 1721 1389 1763 ἐν
1425 1737 1477 1776 τῃ
1510 1722 1728 1790 συμμαχία

351 1781 427 1824 καὶ
468 1781 572 1830 τούς
609 1780 1018 1850 Μεσσηνίους.οί
1059 1779 1104 1821 δε
1141 1775 1483 1832 Λακεδαιμόνιοι
1531 1779 1603 1820 διὰ
1647 1776 1727 1832 τὴν

351 1836 462 1907 πρὸς
490 1836 673 1887 τούτους
705 1835 1032 1880 ἆκατόιλλακτον
1063 1833 1373 1889 ἀλλοτριότητα
1405 1837 1492 1876 τῶν
1522 1835 1726 1876 σπονδων

317 1893 407 1941 οὐ
433 1895 688 1947 προείλοντο
719 1897 948 1936 κοινωνεῖν
992 1890 1064 1934 διιὶ
1094 1890 1197 1940 τούς
1226 1891 1508 1959 Μεσσηνίους
1549 1891 1623 1934 καὶ
1652 1890 1726 1944 μό-

350 1966 420 1993 νοι
448 1953 536 1992 τῶν
561 1948 778 2005 Ἐλληνων
803 1949 1007 2020 ὑπῆρχον
1038 1947 1281 1990 ε’κσπονδοι.
1340 1951 1428 1990 τῶν
1459 1946 1504 1989 δὲ
1532 1959 1729 2002 συγγρα-

270 2017 324 2061 35
354 2006 476 2075 φέων
515 2008 729 2060 Ξενοφῶν
770 2023 848 2061 μεν
896 2005 919 2049 6
955 2004 1190 2060 Ἀθηναῖος
1227 2003 1307 2058 τὴν
1346 2007 1435 2046 τῶν
1467 1999 1729 2074 Ἑλληνικῶν

357 2062 560 2114 σύνταξιν
600 2064 659 2113 εἰς
692 2067 852 2106 τοῦτον
881 2060 958 2106 τὸν
987 2061 1189 2104 ἐνιαυτὸν
1220 2060 1513 2129 κατέστροφεν
1554 2060 1623 2102 ἐπὶ
1651 2058 1735 2113 τὴν.

353 2117 703 2190 Ἐπαμεινώνδου
731 2118 956 2190 τελευτήν,
992 2115 1263 2186 Ἀναξιμένης
1304 2116 1349 2159 δε
1381 2112 1404 2157 ὁ
1431 2115 1731 2185 Λαμψακηνός

353 2193 433 2232 την
461 2174 638 2232 πρώτην
670 2180 757 2219 τῶν
789 2174 1051 2242 Ελληνικῶν
1089 2171 1355 2243 ἀνέγραψεν
1371 2170 1612 2225 αρξαμενος
1643 2170 1729 2216 απὸ

353 2235 586 2289 θεογονίας
615 2233 688 2276 καὶ
718 2231 804 2277 ἀπὸ
834 2235 916 2275 τοῦ
946 2229 1126 2285 πρώτου
1154 2228 1310 2285 γένους
1345 2244 1432 2288 των
1465 2227 1728 2284 ἀνθρώπων,

355 2392 436 2426 100.
458 2391 510 2427 ἔτι
535 2392 576 2427 δὲ
599 2405 668 2427 om.
694 2393 758 2426 FK
943 2391 976 2424 1.
1001 2402 1038 2424 τε
1061 2387 1144 2431 καὶ]
1170 2386 1231 2422 καὶ
1255 2386 1285 2419 Α
1465 2385 1500 2420 3.
1523 2384 1729 2429 προτερων]

354 2436 538 2493 πρότερον
561 2451 682 2473 omnes
863 2437 898 2471 4.
923 2436 1108 2481 Μηδικῶν
1133 2434 1217 2477 καὶ]
1245 2432 1429 2489 Μηδικῶν
1451 2443 1489 2465 τε
1513 2431 1574 2466 καὶ
1599 2431 1627 2464 Ι

355 2484 390 2518 7.
417 2481 437 2519 6
463 2486 638 2529 Δεινομέι
643 2498 708 2524 ους
730 2496 798 2519 om.
823 2483 906 2517 FIK
1089 2481 1123 2513 8.
1149 2479 1334 2522 συγκρῖναι
1361 2479 1436 2519 AL,
1469 2477 1662 2522 συγκρίνας
1681 2476 1730 2531 Κ,

355 2531 483 2564 caeteri
509 2532 709 2576 συγκρίνειε
914 2529 970 2562 12.
996 2524 1120 2572 εὕροι]
1155 2524 1280 2568 εὕροις
1302 2525 1377 2557 FIL
1585 2523 1640 2556 16.
1667 2519 1733 2554 ἅν·-

355 2577 498 2657 δρίᾳιξ
679 2578 733 2611 19.
759 2573 814 2612 οἷεὶ
841 2586 912 2610 om.
936 2575 967 2608 F
1160 2571 1219 2605 21.
1243 2570 1505 2615 κατασκαφῆς]
1530 2579 1731 2612 καταστρο-

357 2635 431 2669 ‘pm
448 2679 504 2714 73.
527 2679 585 2713 34.
609 2675 826 2723 Ἑλληνικῶν
844 2676 1060 2731 Stephanus:
1084 2674 1168 2708 libri
1188 2668 1369 2719 Ελλήνων
1549 2671 1606 2706 35.
1629 2669 1732 2705 κατέ-

359 2737 518 2770 στροφεν
542 2725 756 2807 SAtephauus:
779 2723 862 2759 libri
884 2720 1124 2766 κατέστρεφεν
1307 2720 1366 2755 39.
1386 2717 1637 2762 κατέστροφε]
1668 2729 1731 2751 κα-

359 2772 528 2818 τέστρεφε
