1820 3249
505 145 628 188 LIB.
667 144 766 187 XV.
821 144 955 186 GAP.
984 147 1051 187 77
1082 146 1531 188 78.1019

150 258 387 302 διακοσίων
414 268 689 311 στρατιωτων
720 254 953 326 ἀπέβαλον.
1011 253 1172 309 ταύτης
1213 255 1259 298 δὲ
1289 255 1422 311 αρχῆς
1449 258 1530 298 τοῦ

146 315 340 371 πολέμου
365 313 599 386 γενομένης
628 312 800 385 συνέβη
817 311 896 365 τήν
921 310 1151 380 διαφορὰν
1171 310 1239 353 ἐπὶ
1265 312 1398 354 πλέον
1418 327 1528 365 προ-

179 376 281 442 ῆναι
306 376 398 423 τοῖς
424 369 601 424 Ἀρκάσι
627 370 701 413 καὶ
729 373 821 420 τοῖς
846 367 1043 418 Ἠλείοις.
1102 365 1236 418 εὐθυς
1265 368 1346 422 γὰρ
1377 369 1420 410 οἱ
1448 368 1528 422 μὲν
1556 369 1612 410 50

147 426 361 499 Αρκάδες
388 425 745 498 μετεωρισθέντες
788 428 850 482 τῷ
899 424 1192 479 προτερήματι
1239 423 1529 478 ἐστράτευσαν

145 484 214 528 ἐπὶ
240 483 321 556 τὴν
350 481 540 535 Ἠλείαν,
583 482 657 527 καὶ
694 470 831 526 εἷλον
851 480 998 532 πόλεις
1036 480 1261 549 Μάργανα
1295 480 1368 523 καὶ
1407 480 1529 534 Κρό-

143 556 266 591 νιον,
293 539 355 583 ε’τι
383 540 430 584 δὲ
459 542 766 594 Κυπαρισσίαν
794 539 868 582 καὶ
898 536 1202 592 Κορυφάσιον.
1231 534 1322 591 α’μα
1352 536 1398 579 δὲ
1428 535 1527 579 τού-

142 613 236 647 τοις
262 596 577 652 πραττομένοις
603 596 714 640 κατὰ
741 594 822 650 τὴν
842 596 1127 638 Μακεδονίαν
1153 597 1422 646 Πτολεμαῖος
1451 593 1529 647 μὲν
1558 592 1612 635 55

143 651 167 696 ὁ
188 651 413 723 Ἀλωρίτης
431 651 740 709 ἐδολοφονήθη
761 652 850 696 ὑπὸ
870 656 952 696 τοῦ
981 650 1184 720 αδελφοῦ
1198 652 1432 703 Περδίκκα,
1457 653 1530 703 βα-

141 708 341 761 σιλεύσας
377 710 448 766 ε’τη
476 712 598 763 τρία·
637 710 716 766 τήν
753 710 799 753 δὲ
838 707 972 765 ἀρχήν
1009 705 1314 761 διαδεξαμενος
1353 704 1377 750 ὁ
1410 709 1526 762 Περ-

142 767 293 816 δίκκας
320 765 566 839 ἐβασίλευσε
601 771 683 838 τῆς
703 768 982 817 Μακεδονίας
1012 765 1083 821 ε’τη
1112 764 1250 808 πέντε.
1557 789 1613 827 73

249 820 346 866 Ἐπ’
390 822 602 894 α’ρχοντος
642 821 683 868 δ’
719 821 926 879 Ἀθήνησι
968 820 1268 875 Τιμοκράτους
1305 819 1353 863 έν
1384 817 1527 874 Ῥωμῃ
1559 847 1613 886 60

141 895 220 933 μεν
242 877 340 924 ἀντὶ
367 884 457 924 τῶν
481 880 660 924 ὑπάτων
688 882 905 948 χιλίαρχοι
927 884 1041 934 τρεῖς
1070 876 1424 932 κατεσταθησαν,
1459 878 1528 918 Τί-

139 951 215 987 τος
243 939 470 989 Κοΐντιος,
506 936 723 1006 Σερούιος
752 935 1000 1007 Κορνήλιος
1036 935 1110 979 καὶ
1140 933 1357 989 Σερούιος
1385 936 1528 976 Σουλ-

141 993 308 1046 πικιος,
345 993 582 1064 Ὀλυμπιάς
615 994 661 1037 δε
695 992 781 1036 ὑπὸ
813 997 1021 1036 Πισατῶν
1062 992 1135 1035 καὶ
1161 990 1385 1059 Ἀρκαδων
1413 988 1527 1045 ἤχθη

140 1049 319 1122 τετάρτη
345 1051 456 1104 πρὸς
483 1056 576 1102 ταῖς
602 1049 777 1097 ἑκατόν,
814 1049 922 1093 καθ’
961 1049 1017 1105 ἢν
1052 1049 1174 1092 ἐνίκα
1215 1046 1394 1090 σταδιον
1430 1050 1526 1089 Φω-

138 1106 262 1162 κίδης
287 1105 530 1177 Ἀθηναῖος.
588 1107 656 1151 ἐπὶ
686 1106 732 1150 δὲ
760 1106 929 1150 τούτων
957 1109 1145 1149 Πισᾶται
1173 1121 1253 1160 μεν
1281 1102 1526 1147 ἀνανεωσά-
1556 1100 1610 1141 65

139 1178 265 1219 μενοι
299 1162 348 1207 τὸ
386 1163 578 1207 παλαιὸν
624 1161 791 1218 ἀξίωμα
829 1167 906 1219 τῆς
941 1164 1148 1216 πατρίδος
1177 1163 1251 1204 καί
1279 1172 1365 1203 τισι
1395 1165 1527 1215 μυθι-

137 1224 234 1270 καῖς
269 1220 344 1264 καὶ
389 1225 596 1272 παλαιαῖς
641 1220 883 1272 ἀποδείξεσι
918 1219 1133 1287 χρώμενοι
1166 1217 1247 1288 τήν
1286 1217 1412 1261 θέσιν
1451 1221 1526 1271 τῆς

135 1273 430 1349 Ὀλυμπιακης
461 1277 745 1348 πανηγύρεως
773 1276 922 1328 αὐτοῖς
950 1274 1181 1346 προςήκειν
1214 1272 1524 1345 ἀπεφαίνοντο.

139 1333 361 1387 κρίνοντες
388 1333 436 1378 δὲ
472 1334 551 1378 τὸν
580 1333 778 1389 παρόντα
806 1332 966 1389 καιρὸν
1005 1332 1189 1376 εὔθετον
1222 1332 1334 1387 ε’χειν
1373 1329 1523 1386 ἀμφις
1553 1328 1608 1367 70

139 1392 326 1459 βητῆσαι
352 1394 435 1434 τοῦ
457 1388 642 1445 αγιόνος,
665 1393 917 1460 συμμαχίαν
945 1389 1204 1445 ἐποιήσαντο
1234 1388 1347 1442 πρὸς
1375 1387 1526 1441 Ἀρκα-

141 1447 221 1495 δας
254 1444 385 1497 ὄντας
411 1449 647 1517 πολεμίους
665 1445 863 1490 Ἠλείων·
895 1446 1219 1515 συναγωνιστάς
1245 1445 1290 1489 δὲ
1312 1445 1527 1516 λαβόντες

140 1501 325 1554 τούτους
352 1502 639 1557 ἐστράτευσαν
667 1503 736 1547 ἐπὶ
757 1520 860 1554 τους
878 1502 1074 1554 Ἠλείους
1102 1501 1201 1558 α’ρτι
1228 1501 1427 1553 τιθέντας
1447 1501 1528 1544 τόν

142 1557 305 1613 ἀγῶνα.
357 1558 649 1604 ἀντισταντων
679 1559 725 1603 ὁε
756 1565 844 1603 τῶν
878 1558 1059 1603 Ἠλείων
1087 1559 1310 1627 πανδημει
1341 1570 1444 1601 συνε
1436 1558 1526 1628 στη

140 1614 254 1684 μάχη
282 1615 491 1682 καρτερά,
530 1617 764 1670 θεωμένων
797 1615 876 1672 τὴν
905 1616 1046 1672 μάχην
1075 1632 1164 1658 των
1192 1613 1445 1686 παρόντων
1458 1614 1525 1657 επὶ
1555 1625 1609 1666 75

71 1684 74 1692 '
138 1671 219 1725 τὴν
247 1671 495 1743 πανήγυριν
518 1672 735 1743 Ἐλλήνων
765 1673 1135 1743 ἐστεφανωμένων
1165 1672 1237 1715 καὶ
1277 1670 1381 1726 μεθ’
1419 1670 1526 1726 ήσυ-

63 1955 109 1994 64

138 1729 235 1784 χίας
261 1727 508 1782 ακινδύνως
530 1729 843 1785 ε’πισημαινομε
826 1731 937 1773 ἑνων
963 1731 1039 1780 τὰς
1068 1729 1309 1783 ἑκατέρωθε
1312 1745 1338 1771 ν
1366 1726 1527 1781 ανδρα-

138 1785 310 1840 γαθίας.
362 1785 486 1837 τέλος
522 1789 708 1830 Πισᾶται
747 1786 1000 1841 νικήσαντες
1040 1787 1203 1856 ε’θηκαν
1243 1785 1323 1829 τὸν
1361 1783 1525 1840 ἀγῶνα,

139 1841 215 1885 καὶ
252 1841 333 1898 τὴν
375 1839 649 1912 Ὀλυμπιάδα
693 1842 857 1900 ταύτην
904 1843 1088 1898 ὕστερον
1135 1859 1219 1886 ουκ
1272 1840 1527 1911 ἀνέγραψαν

138 1896 298 1942 Ἠλεῖοι
339 1897 412 1942 δια
441 1900 491 1943 τό
522 1901 668 1943 δοκεῖν
697 1902 771 1972 βία
798 1901 872 1944 καὶ
911 1899 1073 1951 οἷδίκως
1111 1902 1376 1954 διατεθηναι.
1436 1897 1526 1954 ἅμα
1555 1904 1608 1944 80

140 1955 186 1999 δὲ
209 1953 384 2007 τούτοις
406 1957 718 2012 πραττομένοις
745 1956 1095 2030 Ἐπαμεινώνδας
1120 1957 1143 2001 ὁ
1172 1959 1379 2012 Θηβαῖος,
1410 1956 1524 2011 μέγι-

139 2022 246 2055 στον
275 2011 384 2067 ἔχων
411 2029 501 2057 των
529 2017 720 2057 πολιτῶν
751 2013 938 2070 αξίωμα,
968 2015 1287 2086 συναχθείσης
1296 2013 1524 2084 ἐκκλησίας

139 2068 337 2125 διελέχθη
372 2074 466 2121 τοῖς
503 2073 719 2122 πολίταις,
759 2071 1125 2144 προτρεπόμενος
1151 2069 1317 2122 αὐτους
1346 2068 1522 2125 ἀντέχε-

139 2131 248 2169 σθαι
274 2129 352 2195 τῆς
388 2142 497 2170 κατα
526 2126 748 2171 θάλατταν
775 2127 1017 2200 ἡγεμονίας.
1076 2127 1263 2172 διελθων
1300 2127 1346 2171 δε
1387 2127 1522 2181 λόγον
1552 2126 1604 2168 85

139 2198 188 2225 εκ
216 2182 379 2252 χρόνου
407 2184 784 2254 πεφροντισμένον
812 2185 1002 2229 ἐδείκνυε
1023 2202 1104 2257 την
1126 2183 1332 2240 ἐπιβολήν
1358 2183 1523 2239 ταύτην

141 2238 458 2309 συμφέρουσαν
485 2257 530 2284 τε
557 2243 631 2285 καὶ
660 2242 864 2298 δυνατήν,
899 2260 951 2286 τα
981 2259 1024 2286 τε
1054 2242 1163 2286 α’λλα
1192 2240 1524 2297 προφερόμενος

139 2295 214 2339 καὶ
241 2295 353 2340 διότι
379 2302 471 2350 τοῖς
498 2302 604 2356 πεζῇ
630 2303 840 2356 κρατοῦσι
861 2299 1016 2359 ῥᾴδιόν
1044 2299 1134 2345 ἐστι
1153 2300 1524 2355 περιποιήσασθαι

140 2463 198 2499 51.
218 2465 271 2513 τῷ
290 2466 370 2512 oto-J
396 2465 456 2503 ἐπὶ
478 2469 530 2514 τῷ
553 2481 613 2512 πρ.
637 2470 667 2504 Ia
835 2469 893 2505 53.
918 2471 1192 2515 Κυπαρισσίαν]
1216 2470 1464 2514 Κυπαρησίαν
1486 2468 1522 2502 1:

143 2511 224 2545 fort.
246 2501 513 2557 Κνπαριττίαν
727 2517 982 2559 κορυφοὶσσιον
1008 2518 1038 2551 F
1231 2517 1287 2552 55.
1320 2515 1522 2560 Ἀλωρίτης]

139 2552 389 2603 ’ΛλωρέίτηςΑ
523 2573 590 2597 του
616 2560 782 2605 ἀδελφοῦ
800 2560 1292 2608 AF1{L‚caeter1w3÷2‹po²5
1367 2564 1523 2607 περδίκια

145 2607 179 2636 ⁰¹⁵
201 2605 375 2658 ἵῑδρδίκᾱς
396 2606 428 2640 F
611 2609 669 2642 61.
703 2609 897 2653 Κοιντιος]
929 2611 1112 2653 κοΐγκτιος
1143 2613 1174 2645 F
1357 2609 1421 2644 καὶ
1448 2611 1524 2644 Σε-

146 2646 275 2691 ρουϊος
297 2652 521 2694 Σουλπίκιος
543 2665 613 2688 om.
636 2655 702 2688 AR.
883 2657 941 2691 62.
967 2657 1162 2702 Πισατων]
1195 2658 1391 2693 Πισσατιόν
1414 2656 1464 2697 L,
1489 2659 1524 2691 et

145 2695 196 2729 sic
213 2695 318 2730 etiam
338 2697 395 2731 65.
532 2700 588 2735 67.
612 2697 877 2758 Ὀλυμπιακῆς]
896 2700 1120 2749 Ὀλυμπικῆς
1142 2705 1226 2746 ΑΚ,
1249 2700 1470 2771 όλυμπικαῖς
1490 2706 1522 2740 F

322 2742 380 2777 68.
404 2741 546 2789 αὐτοῖς]
573 2746 700 2786 αὐτοῖς
722 2748 768 2781 IL

233 2787 290 2823 64.
311 2788 370 2824 86.
393 2788 580 2838 ἐδείκνυε]
605 2795 806 2830 διεδείκνυε
828 2794 911 2830 FIK
