1820 3249
278 158 390 199 1558
647 153 762 196 LlB.
793 153 884 194 XX.
946 153 1076 194 GAP.
1110 156 1205 197 107.
1237 157 1330 197 1⁰8.

278 284 324 312 τε
353 266 571 322 Σύνναδα
586 264 815 337 παρέλαβε
845 265 925 309 διὰ
947 263 1112 318 τούτου
1145 267 1220 338 καὶ
1249 270 1338 310 τῶν
1368 264 1669 338 ὀχυρωμάτων

193 331 248 374 85
279 325 375 369 ε’νια
404 327 495 368 τῶν
539 323 728 397 ἐχόντων
763 321 817 366 τὰ
846 322 1050 379 βασιλικοὶ
1080 322 1286 397 χρήειατα.
1359 322 1382 366 ὁ
1422 321 1463 366 δ’
1497 323 1566 366 ἐπὶ
1592 326 1669 379 τῆς

280 374 489 452 Αἰολίδος
510 382 584 425 καὶ
609 383 708 438 τῆς
717 376 881 431 Ἰωνίας
909 382 1123 454 πεμφθεὶς
1152 381 1239 426 ὑπὸ
1260 379 1519 436 Λυσιμάχου
1543 390 1670 450 στρα-

278 438 409 496 τηγὸς
441 432 694 492 Πρεπέλαος
718 435 1011 497 Ἀδραμυτιου
1038 454 1116 507 μεν
1158 436 1409 492 ἐκυρίευσεν
1451 437 1498 480 ἒν
1525 435 1669 491 παρό-

280 499 367 567 6120,
414 495 496 552 τήν
540 493 581 539 6’
611 483 808 566 Ἔφεσον
844 491 1146 565 πολιορκήσας
1181 496 1254 539 καὶ
1291 493 1673 549 καταπληξάμενος

279 552 386 605 τούς
415 553 563 608 ε’νδον
575 555 795 622 παρελαβε
816 550 905 607 τήν
936 550 1079 594 adm.
1138 553 1211 605 καὶ
1241 552 1345 603 τούς
1375 552 1453 608 μὲν
1484 551 1672 606 ἔγκατα-

195 618 250 657 90
280 605 534 682 ληφθέντας
573 609 668 655 τῶν
688 605 874 653 Ροδίων
915 607 1070 651 ἑκατὸν
1094 606 1300 678 ὁμήρους
1332 607 1581 652 ἀπέστειλεν
1612 609 1674 658 εἰς

280 684 363 723 την
388 668 592 720 πατρίδα,
619 665 725 736 τοὺς
754 663 797 710 δ’
823 664 1053 720 Ἐφεσίους
1073 664 1248 734 ἀφῆκε·
1279 666 1357 716 τάς
1387 666 1432 708 δὲ
1461 669 1573 716 ναῦς
1598 664 1676 715 τάς

282 725 331 769 ἐν
368 742 428 785 τῳ
470 725 613 780 λιμένι
652 722 797 774 πάσας
838 722 1049 791 ἐνέπρησε
1089 721 1162 765 διὰ
1210 721 1258 765 τὸ
1302 722 1676 776 θαλαττοκρατεῖν

280 781 385 833 τούς
403 764 657 853 πολεμίους
694 781 766 825 καὶ
803 778 884 834 τὴν
914 778 1021 835 ὅλην
1057 781 1202 833 κρίσιν
1231 782 1312 821 τοῦ
1332 779 1542 850 πολέμου
1574 778 1675 835 άδη-

196 843 250 887 95
281 844 362 884 λον
399 837 626 894 ὑπάρχειν.
688 853 794 892 μετα
832 835 879 879 δὲ
917 840 1056 879 ταῦτα
1099 838 1260 906 Τηίους
1298 852 1377 891 μεν
1416 836 1491 878 καὶ
1531 837 1676 878 Κολο-

280 897 478 965 φωνίους
508 893 828 963 προςηγάγετο,
864 891 1145 947 Ἐρυθραίοις·
1178 893 1225 936 δὲ
1261 894 1334 936 καὶ
1367 894 1679 962 Κλαζομενίοις

281 951 498 1007 ἐλθούσης
529 952 639 995 κατὰ
668 949 891 994 θάλατταν
922 952 1132 1020 βοηθείας
1162 967 1239 1000 τας
1279 967 1358 1005 μεν
1388 948 1537 1000 πόλεις
1565 949 1757 992 {statutis-1

283 1008 368 1054 οὐκ
394 1008 610 1078 ἠδυνήθη,
642 1007 723 1062 τὴν
751 1007 798 1051 δὲ
827 1005 977 1063 χώραν
1014 1006 1161 1050 αὐτῶν
1190 1006 1422 1063 πορθήσας
1455 1006 1681 1060 ἀνέζευξεν

283 1068 352 1111 ἐπὶ
396 1065 598 1121 Σάρδεις
668 1065 865 1109 ἐνταῦθα
917 1064 969 1121 δή
1008 1069 1095 1108 τῶν
1129 1062 1383 1119 Ἀντιγόνου
1424 1067 1680 1119 στρατηγῶν

172 1132 253 1171 100
289 1126 478 1167 Φοίνικα
516 1124 591 1167 καὶ
630 1121 831 1177 Δόκιμον
873 1123 1024 1172 πείσας
1064 1120 1310 1177 ἀποστῆναι
1344 1125 1427 1163 τοῦ
1467 1121 1679 1191 βασιλέως

280 1181 499 1237 παρέλαβε
536 1179 615 1236 τὴν
651 1179 783 1223 πόλιν
824 1177 948 1250 πλην
969 1182 1045 1234 τῆς
1077 1178 1237 1230 ἄκρας·
1285 1177 1451 1232 ταύτην
1480 1195 1565 1233 γαρ
1598 1195 1680 1232 φυ-

281 1238 450 1287 λάττων
482 1239 702 1288 Φίλιππος
733 1233 793 1286 εἷς
820 1239 911 1278 τῶν
929 1233 1191 1305 Ἀντιγόνου
1214 1236 1357 1289 φίλων
1371 1234 1608 1304 βεβαιαν’
1592 1251 1681 1291 ετη-

284 1312 351 1354 ρει
387 1294 487 1367 τήν
509 1293 693 1339 εὔνοιαν
731 1292 813 1348 τὴν
851 1290 964 1346 πρὸς
1000 1292 1079 1335 τὸν
1117 1290 1449 1335 πεπιστευκότα
1519 1309 1571 1336 τα
1604 1292 1683 1349 μὲν

284 1355 368 1397 οὐν
395 1351 493 1407 περὶ
527 1352 785 1408 Λυσίμαχον
812 1349 861 1393 ἐν
885 1347 1061 1401 τούτοις
1090 1351 1158 1406 ἠν.

172 1441 256 1482 108

229 1503 254 1544 5
395 1464 659 1536 Ἀντίγονος
685 1463 732 1507 δὲ
775 1462 1167 1519 προχειρισάμενος
1218 1460 1370 1535 ἀγῶνα
1418 1461 1557 1534 μέγαν
1609 1463 1686 1506 καὶ

285 1522 537 1579 πανήγυριν
564 1521 613 1565 ἐν
648 1520 916 1592 Ἀντιγονεία
955 1525 1200 1571 συντελεῖν,
1233 1518 1458 1563 πάντοθεν
1490 1518 1686 1575 άθλητάς

285 1596 330 1624 τε
359 1581 433 1624 καὶ
462 1580 657 1634 τεχνίτας
685 1578 792 1630 τούς
821 1577 1198 1649 επιφανεστάτους
1216 1577 1284 1621 ἐπὶ
1305 1575 1512 1646 μεγάλοις
1532 1576 1686 1629 ἄθλοις

285 1637 361 1681 καὶ
389 1641 569 1693 μισθοῖς
597 1635 812 1691 ἠθροίκει.
844 1633 904 1686 ὥς
934 1632 977 1679 6'
1000 1634 1172 1706 ἤκουσε
1203 1634 1284 1692 τήν
1314 1632 1572 1704 Λυσιμάχου
1595 1634 1684 1677 διά-

205 1701 257 1741 10
286 1698 434 1765 βασιν
447 1694 521 1738 καὶ
551 1697 641 1736 τῶν
670 1705 929 1748 στρατηγων
959 1691 1041 1747 τήν
1071 1691 1329 1736 ἀπόστασιν,
1360 1691 1440 1734 τόν
1468 1691 1547 1761 μὲν
1576 1690 1685 1747 dym-

286 1769 344 1795 να
371 1749 554 1797 διέλυσε,
581 1755 674 1801 τοῖς
703 1749 748 1793 6'
780 1749 992 1806 ἀθληταῖς
1021 1751 1095 1793 καὶ
1123 1755 1216 1801 τοῖς
1244 1750 1458 1819 τεχνίταις
1489 1746 1686 1792 ἀπέδωκε

288 1807 480 1880 μισθούς
520 1805 604 1850 οὐκ
645 1807 850 1857 ἐλάττους
888 1809 1127 1851 διακοσίων
1149 1805 1396 1879 ταλάντων.
1468 1803 1600 1855 αὐτὸς
1639 1807 1686 1850 δὲ

286 1864 368 1921 τὴν
397 1865 589 1920 δύναμιν
619 1863 880 1919 ἀναλαβών,
911 1863 1114 1936 ω’ρμησεν
1144 1864 1191 1908 ἐκ
1227 1867 1318 1919 τῆς
1332 1864 1503 1916 Συρίας
1532 1861 1687 1906 σύντο-

287 1939 369 1967 νον
397 1921 478 1979 τὴν
514 1924 699 1975 πορείαν
729 1920 997 1974 ποιούμενος
1025 1921 1095 1964 ἐπὶ
1123 1921 1229 1973 τούς
1233 1921 1504 1989 πολεμίους.
1551 1922 1611 1971 εἷς
1641 1920 1687 1963 δὲ

207 1984 258 2026 15
292 1980 472 2033 Ταρσὸν
501 1983 578 2036 τῆς
609 1980 811 2029 Κιλικίας
842 1977 1111 2034 ἀφικόμενος
1142 1979 1183 2030 ἐξ
1216 1981 1280 2021 ὠν
1309 1976 1565 2031 κατεκόμισε
1589 1993 1688 2046 χρη·

288 2036 440 2093 μάτων
470 2036 516 2079 ἐκ
554 2039 644 2079 τῶν
674 2038 885 2079 Κυΐνδων
911 2035 962 2079 τὸ
993 2035 1289 2090 στρατόπεδον
1321 2036 1381 2085 εἰς
1409 2039 1524 2087 τρεῖς
1549 2050 1690 2089 μηνας
1734 2056 1737 2057 ’

291 2092 619 2163 ἐμισθοδότησε.
683 2093 814 2162 χωρὶς
844 2091 889 2136 δὲ
919 2091 1091 2136 τούτων
1119 2094 1328 2147 τριςχίλια
1365 2090 1554 2133 τάλαντα
1584 2090 1690 2145 μετὰ

290 2155 368 2207 τῆς
400 2148 631 2205 δυνάμεως
651 2148 889 2223 ,εκόμιζεν,
930 2149 1050 2202 ὅπως
1086 2148 1298 2204 τοιαύτην
1337 2147 1410 2205 ἔχῃ
1448 2148 1528 2202 την
1556 2164 1689 2218 χορη-

206 2215 261 2255 20
293 2211 422 2265 γίαν,
454 2206 563 2251 ὅταν
605 2204 726 2264 αὐτῷ
764 2207 887 2263 χρεία
920 2206 1097 2264 γένηται
1134 2205 1378 2263 χρημάτων.
1437 2203 1582 2247 ε’πειτα
1613 2205 1692 2248 τὸν

290 2345 349 2380 84.
376 2343 441 2380 διοὶ
463 2341 601 2380 τούτου
626 2343 708 2389 καὶ]
735 2343 796 2378 καὶ
822 2340 887 2378 διά
910 2341 1048 2379 τούτου
1073 2343 1103 2377 F
1251 2341 1307 2376 87.
1331 2339 1571 2386 Ἀδραμυτίου
1598 2343 1691 2386 Bas„

326 2404 348 2426 τ

294 2436 530 2490 αδραμυτίου
567 2438 618 2478 F,
655 2436 784 2471 caetui
820 2433 1082 2481 Ἀδραμυττίου
1279 2435 1335 2470 92
1380 2437 1694 2477 θαλαττοκρατεῖν

293 2486 337 2530 F,
364 2483 496 2517 meteri
521 2484 844 2525 θαλασσοκρατεῖν
1029 2481 1085 2517 94.
1119 2481 1274 2536 Τηίους]
1306 2483 1469 2527 Τηνίους
1493 2482 1569 2514 Fw

385 2528 466 2563 484.
494 2529 552 2563 98.
577 2531 653 2564 τῶν
677 2549 723 2555 -μ
749 2541 962 2573 στρατηγῶν
987 2530 1045 2571 W,
1071 2528 1200 2562 caeteri
1224 2525 1288 2563 τὸν
1317 2549 1351 2554 -
1383 2540 1538 2572 στρατη)
1542 2527 1584 2563 ὸν

290 2577 326 2612 2.
353 2572 420 2618 τήν
445 2574 553 2620 πρὸς]
579 2573 673 2635 πρὸς
694 2577 780 2611 Bas.
920 2575 954 2609 5.
980 2573 1327 2633 προχειρισάμενος]
1354 2574 1697 2630 προκεχειρισμένος

293 2624 326 2658 Y
350 2623 435 2657 Bas.
576 2624 610 2658 6.
650 2621 892 2669 Αντιγονείᾳ]
926 2622 1011 2656 libri
1046 2620 1249 2670 ΜΑντιγονια
1388 2619 1599 2666 πάντοθεν]
1635 2622 1697 2656 καὶ

297 2666 488 2704 πάντοθεν
511 2669 541 2702 F
727 2669 784 2702 11.
818 2659 1042 2710 διἀκοσίων]
1069 2669 1120 2708 εἰς
1149 2658 1349 2704 διακοσίων
1374 2669 1452 2701 Bas.
1639 2668 1696 2703 13.

297 2714 497 2759 σύντονον]
523 2715 605 2748 libri
633 2713 818 2757 σύντομον
995 2715 1041 2750 16
1079 2714 1268 2759 Κυΐνδων]
1304 2714 1476 2750 Κυΐνδων
1501 2715 1544 2757 Q,
1571 2714 1698 2748 caeteri

301 2762 502 2799 Κουΐνδων
644 2762 700 2795 18.
734 2763 798 2807 τῆς
830 2773 900 2795 om.
931 2762 1012 2796 Bas.
1153 2760 1340 2807 ἐκόμιζεν]
1364 2759 1535 2807 ἐκόμισεν
1560 2761 1588 2794 F

391 2807 585 2852 τοιαύτην]
611 2808 733 2842 malim
758 2805 896 2853 ταύτην
