1820 3249
509 211 1221 256 LIB.XV11.CAP.111.112
1439 211 1553 254 1245

179 329 359 384 μέγεθος
396 329 478 371 τοῦ
513 325 710 381 πολέμου
741 324 839 379 περὶ
868 326 1003 367 ταῦτα
1033 323 1259 378 διέτριβεν.
1319 321 1343 365 ὁ
1373 320 1415 365 δ’
1444 321 1556 365 Ἀλέ-

179 389 360 440 ξανδρος
404 389 499 431 τῶν
528 383 770 426 Κοσσαίων
816 380 1123 424 ἀπειθούντων
1159 378 1444 435 ἐστράτευσεν
1481 377 1555 421 ἐπ’

180 441 345 492 αυτούς
383 439 557 496 εὐζώνῳ
594 456 647 496 τη
691 436 887 493 δυνάμει.
943 442 1074 481 τοῦτο
1115 438 1161 481 δὲ
1199 437 1250 480 τὸ
1280 436 1410 486 ἔθνος
1440 434 1553 491 ἄλκη

178 500 407 554 διαφέρον
414 501 611 541 κατοικεῖ
637 495 716 550 μὲν
744 499 822 551 τῆς
851 497 1028 551 Μηδίας
1056 493 1136 551 τὴν
1165 492 1362 549 ὀρεινήν,
1403 507 1553 536 πεποι-
1583 498 1638 538 90

178 555 263 605 θός
298 555 344 598 δὲ
379 557 432 610 τῆ
461 558 550 596 τῶν
580 553 725 596 τόπων
754 554 970 608 ὸυςχωρία
999 552 1072 594 καὶ
1100 556 1196 601 ταῖς
1224 550 1335 594 κατά
1363 549 1555 603 πόλεμον

178 610 349 664 ἀρεταῖς
377 611 585 654 οὐδέποτε
616 610 830 664 δεσπότην
869 610 1030 663 ε’πηλυν
1068 607 1411 677 προςεδέδεκτο,
1446 605 1556 650 ἀλλὰ

176 685 250 710 και
289 666 407 710 κατὰ.
433 665 512 735 τὴν
547 671 638 709 τῶν
668 668 852 720 Περσων
892 667 1116 734 βασιλείαν
1146 664 1357 718 διέμεινεν
1386 661 1556 706 ἀνάλω-

176 741 310 774 τον,
298 724 372 766 ,ιαὶ
398 722 494 767 τότε
512 722 992 793 πεφροιηματισμένον
1021 720 1076 764 ου’
1099 719 1344 781 κατεπλάγη
1365 719 1446 774 τήν
1466 724 1555 762 τῶν

179 779 456 823 Μακεδόνων
495 779 666 835 άρετην.
726 779 750 822 ὁ
790 780 843 822 δὲ
875 780 1076 834 βασιλεὺς
1114 776 1554 846 προκαταλαβόμενος
1584 776 1639 815 95

177 836 253 887 τοὶς
281 838 508 890 παρόδους
535 837 609 880 καὶ
628 839 714 904 τῆς
736 838 955 887 Κοσσαίας
983 836 1062 892 τὴν
1090 837 1293 890 πλείστην
1310 832 1556 903 πορθήσας

176 894 249 936 καὶ
278 893 389 937 κατά
416 892 558 944 πάσας
589 892 665 942 τὰς
694 891 946 946 συμπλοκάς
970 895 1218 945 προτερών,
1256 889 1448 940 πολλους
1476 905 1556 945 μεν

177 948 411 993 ἀπέκτεινε
425 954 515 992 τῶν
544 948 806 1006 βαρβάρων,
837 951 1192 998 πολλαπλασίους
1221 946 1271 991 δ’
1302 945 1552 1003 ἐζώγρησεν.

177 1023 221 1049 οι
251 1006 297 1049 δε
327 1009 541 1050 Κοσσαῖοι
569 1007 712 1062 πάντῃ
741 1005 976 1062 νικώμενοι
1003 1006 1077 1049 καὶ
1108 1005 1180 1048 δια
1209 1003 1258 1047 τὸ
1277 1008 1449 1058 πλῆθος
1465 1019 1554 1046 των
1589 1004 1667 1044 100

177 1061 434 1106 ἑαλωκότων
479 1067 673 1118 χαλεπως
714 1063 922 1131 φέροντες
967 1062 1311 1130 ἠναγκάσθησαν
1345 1064 1422 1115 τῆς
1463 1064 1554 1103 τῶν

178 1119 463 1191 αἰχμαλώτων
512 1120 725 1174 σωτηρίας
762 1135 844 1174 την
882 1120 1085 1162 δουλείαν
1127 1117 1409 1169 άλλάξασθαι.
1483 1116 1552 1160 διὸ

176 1177 252 1219 καὶ
293 1192 349 1218 τα
393 1175 501 1218 καθ’
541 1175 724 1225 ἑαυτους
763 1176 1065 1229 ἐπιτρέψαντες
1106 1173 1365 1244 ἐτύγχανον
1379 1173 1553 1245 εἰρηνης

177 1233 262 1276 σὺν
287 1236 350 1289 τῷ
374 1237 519 1276 ποιεῖν
544 1232 595 1276 τὸ
624 1231 1000 1287 προςταττόμενου
1027 1235 1089 1288 τῷ
1120 1234 1299 1286 βασιλεῖ.
1342 1229 1366 1274 ὁ
1386 1229 1427 1274 δ’
1447 1230 1554 1274 Ἀλέ-

178 1290 365 1358 ξανδρος
391 1288 440 1332 ἐν
467 1288 649 1345 ἡμέραις
675 1294 770 1338 ταῖς
801 1290 961 1339 πάσαις
981 1288 1299 1340 τετταράκοντα
1315 1291 1554 1331 καταπολε-

178 1343 321 1401 μήσας
344 1343 392 1388 τὸ
425 1345 597 1396 ἐΤθνος,
626 1347 697 1389 καὶ
728 1346 874 1396 πόλεις
903 1344 1160 1401 ἀξιολόγους
1189 1344 1236 1388 ἐν
1264 1349 1359 1396 ταῖς
1388 1346 1555 1400 δυςχω-

179 1404 295 1458 ρίαις
323 1402 486 1452 κτίσας,
516 1401 783 1473 ἀνελάμβανε
809 1402 890 1472 τήν
922 1402 1127 1457 δύναμιν.
1585 1429 1669 1469 Π2

293 1457 414 1526 [Ἐπ’
453 1457 664 1528 ἄρχοντος
703 1458 742 1502 δ’
773 1457 978 1530 Ἀθήνησι
1016 1457 1297 1510 Σωσικλέους
1332 1459 1380 1503 ἐν
1411 1457 1556 1516 Ῥώμῃ
1589 1489 1642 1527 10

178 1513 511 1570 κατεστάθησαν
546 1514 708 1558 ὕπατοι
742 1515 932 1566 Λεύκιος
971 1515 1218 1570 Κορνήλιος
1257 1516 1451 1567 Λέντλος
1483 1518 1557 1560 καὶ

179 1571 366 1623 Κόιντος
403 1573 628 1623 Ποπίλιος.
688 1572 756 1616 ἐπὶ
797 1574 843 1616 δὲ
880 1571 1074 1626 τούτων]
1113 1571 1393 1642 Ἀλέξανδρος
1429 1589 1558 1616 κατα-

177 1629 485 1697 πεπολεμηκώς
513 1630 561 1673 τὸ
591 1645 680 1672 των
704 1630 940 1672 Κοσσαίων
969 1629 1100 1679 ε’θνος
1130 1627 1325 1682 ἀνέζευξε
1338 1629 1458 1699 μετά
1481 1646 1560 1685 της

178 1684 417 1755 δυνάμεως,
445 1685 521 1729 καὶ
549 1689 745 1741 προῆγεν
774 1685 841 1728 ἐπὶ
874 1690 948 1742 τῆς
983 1688 1199 1741 Βαβυλωι
1203 1702 1264 1736 ος
1324 1683 1390 1729 ἀεὶ
1416 1685 1462 1729 δὲ
1487 1703 1561 1728 κα-

179 1744 232 1786 τὰ
267 1741 347 1791 τάς
383 1744 714 1796 στρατοπεδείας
754 1743 987 1786 διαλείπων
1016 1744 1090 1786 καὶ
1118 1742 1199 1798 τὴν
1229 1740 1418 1796 δύναμιν
1447 1740 1559 1785 άνα-
1590 1743 1643 1785 15

179 1798 416 1855 λαμβάνων
443 1797 584 1856 ἡσυχῇ
615 1802 820 1854 προῆγεν.
880 1798 1116 1855 ἀπέχοντος
1146 1799 1192 1842 δὲ
1222 1797 1360 1843 αὐτοῦ
1388 1815 1561 1852 τριακο·
1673 1797 1678 1804 ’

179 1857 304 1906 σίους
329 1857 533 1906 σταδίους
560 1858 636 1926 τῆς
667 1858 949 1927 Βαβυλωνος,
979 1858 1024 1900 οἱ
1042 1857 1257 1899 Χαλδαῖοι
1279 1855 1561 1912 καλούμενοι,

178 1914 384 1982 μεγίστην
412 1911 491 1967 μὲν
519 1910 654 1964 δόξαν
682 1912 729 1955 ἐν
759 1911 918 1965 άστρολ
923 1914 1021 1971 ογία
1048 1913 1455 1982 περιπεποιημένοι,
1487 1912 1560 1955 διά

179 1968 228 2012 δέ
266 1985 386 2018 τινος
423 1970 607 2012 αἰωνίου
644 1969 981 2025 παρατηρήσεως
1000 1969 1243 2040 προλέγειν
1272 1968 1477 2020 εἰωθότες
1505 1968 1558 2013 τά

178 2024 404 2080 μέλλοντα,
433 2027 787 2081 προεχειρίσαντο
816 2026 866 2081 μὶ
851 2043 894 2069 ν
922 2027 964 2078 ἐξ
993 2025 1162 2070 ἓαυτων
1189 2026 1294 2077 τούς
1321 2026 1557 2082 πρεσβυτά-
1586 2033 1641 2073 20

179 2097 286 2132 τους
322 2082 397 2124 καὶ
433 2084 638 2154 μεγίστην
675 2082 900 2152 ἐμπειρίαν
936 2084 1135 2139 ἔχοντας,
1178 2083 1252 2128 διὰ
1289 2083 1336 2127 δὲ
1364 2087 1440 2139 τῆς
1468 2087 1558 2125 τῶν

179 2136 376 2191 ἀστέρων
403 2155 491 2193 μαι
493 2139 607 2190 τείας
632 2137 812 2210 γνόντες
839 2157 921 2196 την
958 2141 1201 2195 μέλλουσαν
1240 2141 1441 2196 γίνεσθαι
1475 2143 1556 2183 τοῦ

181 2195 391 2250 βασιλέως
428 2195 627 2264 τελευτὴν
668 2195 716 2239 ἐν
753 2199 1010 2252 Βαβυλωνι,
1060 2197 1327 2251 προςέταξαν
1364 2200 1556 2253 μηνῦσαι

180 2253 253 2309 τῷ·
284 2253 456 2307 βασιλεῖ
480 2250 560 2296 τὸν
586 2253 800 2297 κίνδυνον
837 2254 912 2298 καὶ
946 2254 1368 2311 παρασκευάσασθαι
1405 2254 1557 2310 μηδενὶ
1585 2257 1641 2300 25

1584 1231 1609 1271 01

182 2441 240 2477 92.
272 2444 559 2491 προςεδὲδεκτο]
582 2445 804 2491 προςέδεκτο
828 2447 910 2482 Bae.
1062 2447 1120 2482 93.
1151 2447 1226 2481 ταῖν
1248 2446 1428 2493 Περσων]
1467 2447 1562 2490 Περ-

184 2489 261 2524 σῶν
284 2489 350 2524 FT
557 2493 614 2528 99.
662 2493 805 2539 πάντῃ]
831 2506 868 2534 ες
889 2505 992 2550 super
1013 2506 1037 2536 η
1063 2493 1158 2538 ponit
1180 2495 1210 2528 F
1415 2494 1450 2528 2.
1498 2495 1561 2529 καὶ

183 2532 255 2580 τά]
280 2535 343 2570 καὶ
365 2535 406 2572 τό
430 2538 490 2573 FI.
670 2540 705 2574 3.
752 2539 837 2574 κατ’
863 2553 1000 2581 αυτους
1024 2541 1052 2574 F
1232 2538 1266 2574 5.
1311 2536 1561 2584 Ἀλέξανδρος]

183 2578 352 2627 βασιλευς
374 2583 404 2616 L
593 2583 862 2629 τετταράκοντα
885 2588 939 2630 F,
971 2584 1248 2642 τεσσαράκοντα
1271 2587 1410 2622 caeteri.
1431 2598 1458 2629 μ
1478 2588 1560 2621 Bas.

367 2628 401 2662 9·
449 2631 680 2671 Σωσικλέους
702 2632 746 2676 Τ,
772 2644 852 2667 cum
875 2634 1000 2667 lacuna
1023 2633 1080 2674 F,
1076 2628 1153 2666 ἐπ’
1176 2652 1220 2657 -
1242 2631 1474 2672 Σωσικλέους
1490 2644 1559 2666 οιιι.

186 2673 319 2716 empus
507 2676 564 2713 11.
610 2678 810 2723 Ποπίλιος]
847 2681 1050 2718 Ποπίλλιος
1073 2679 1137 2713 FT
1161 2679 1266 2714 Bas:
1300 2682 1411 2712 totum
1434 2677 1560 2720 capitis

184 2718 326 2754 initium
346 2720 560 2764 suppositum
584 2734 658 2758 esse
679 2725 815 2759 monuit
837 2726 920 2759 Wes
922 2726 1088 2770 selingius
1269 2724 1326 2759 14.
1374 2723 1446 2759 αἰεὶ
1465 2725 1495 2757 F

277 2765 335 2799 16.
386 2769 621 2809 τριακοσίους
653 2770 854 2815 σταδίους]
885 2772 1026 2805 invertit
1057 2771 1087 2804 F
1288 2770 1344 2805 20.
1392 2769 1559 2812 εαντιόν]

182 2805 312 2846 αὗτῶν
333 2811 415 2847 Ba?
597 2814 655 2849 22.
702 2819 871 2861 γίνεσθαι
894 2818 945 2859 F,
976 2815 1103 2852 caeteri
1132 2816 1321 2862 γίγνεσθαι
1503 2815 1560 2849 23-

183 2854 224 2891 gv
248 2858 441 2904 Βαβυλωνι
467 2862 544 2903 post
572 2860 745 2906 βασιλέως
772 2863 870 2906 ponit
897 2863 927 2897 F
