1820 3249
278 175 387 216 101⁰
651 171 768 217 LIB.
797 171 889 216 XV.
949 173 1175 218 mmo-1.
1204 177 1273 218 68-

193 286 246 331 85
274 282 379 336 τούς
407 273 776 357 ἐπιφανεστάτους
802 288 894 329 τῶν
914 288 1221 341 Σπαρτιατῶν,
1240 286 1314 331 καὶ
1340 285 1417 336 τάς
1439 286 1519 342 μὲν
1548 284 1650 341 ὁμο-

272 343 422 398 λογίας
449 341 708 413 ἐποιήσαντο
738 343 838 396 περὶ
865 346 940 399 τῆς
969 342 1201 412 ἡγεμονίας
1232 343 1334 394 ω’ςτε
1362 348 1436 399 τῆς
1466 343 1544 398 μὲν
1572 348 1651 386 θα-

272 399 426 455 λάττης
468 397 616 454 ἄρχειν
641 397 925 471 Ἀθηναίους,
960 417 1055 470 της
1073 402 1118 443 δὲ
1147 405 1226 456 γῆς
1251 399 1356 451 τούς
1385 401 1652 454 Λακεδαιμο-

274 458 410 507 νίους,
433 457 538 512 μετὰ
568 455 614 498 δὲ
642 459 782 498 ταῦτα
813 456 858 499 ἐν
888 454 1155 528 ἀμφοτέραις
1184 462 1276 507 ταῖς
1305 457 1482 499 πόλεσιν
1511 455 1653 525 ε’ποιή

276 525 409 556 σαντο
444 511 598 562 κοινὰς
634 511 711 562 τὰς
747 511 994 568 ἡγεμονίας.
1058 511 1263 566 Ἀρκάδες
1304 513 1350 557 δὲ
1385 511 1655 568 Λυκοιιήδην

193 573 247 614 90
277 569 519 624 στρατηγὸν
559 569 957 639 προχειρισάμενοι,
994 569 1067 612 καὶ
1097 569 1366 624 παραδόντες
1404 569 1522 628 αὐτῷ
1552 570 1655 619 τούς

276 626 521 676 ἐπιλέκτους
549 623 912 694 ὀνομαζομένους,
943 624 1073 676 ὄντας
1102 627 1477 682 πεντακιςχιλίους,
1496 615 1656 677 ἐστρά-

275 696 435 726 τευσαν
465 681 532 725 ἐπὶ
553 681 780 751 Πελλήνην
797 686 884 752 τῆς
904 686 1185 738 Λακωνικῆς·
1216 685 1289 726 καὶ
1317 683 1396 738 τὴν
1421 698 1499 737 μεν
1526 683 1656 725 πόλιν

278 742 353 796 βίᾳ
382 738 707 807 χειρωσάμενοι
728 738 832 789 τούς
861 738 1266 808 ἐγκαταληφθέντας
1309 738 1537 795 φρουροὺς
1567 754 1657 782 των

193 797 248 840 95
278 798 641 850 Λακεδαιμονίων
680 793 960 847 ἀπέκτειναν,
999 793 1128 846 ὄντας
1155 798 1329 847 πλείους
1357 800 1447 839 τῶν
1475 801 1683 849 τριακο-“

278 854 406 904 σίων,
447 868 525 907 την
556 853 602 894 δὲ
638 851 767 894 πόλιν
797 850 1270 925 ἐξανδραποδισάμενοι
1297 853 1370 895 καὶ
1399 851 1481 909 τῆν
1508 867 1657 921 χωραν

277 908 522 977 δῃώσαντες
562 909 814 963 ἐπανῆλθον
851 910 911 959 εἰς
948 908 1027 978 τῆν
1067 911 1254 958 οἰκείαν,
1293 909 1542 964 φθάσαντες
1577 910 1657 964 την

275 965 395 1019 παρὰ
425 969 514 1007 τῶν
543 966 905 1018 Λακεδαιμονίων
936 963 1162 1020 βοήθειαν.
1222 966 1410 1008 Βοιωτοὶ
1441 966 1506 1015 δέ,
1536 982 1658 1021 μετα-

276 1021 565 1076 πεμπομένων
604 1021 766 1072 αὐτοὺς
798 1025 1020 1065 Θετταλῶν
1050 1022 1122 1065 ἐπ’
1153 1022 1432 1074 ἐλευθερώσει
1461 1038 1540 1077 μεν
1569 1026 1658 1066 τῶν

171 1085 250 1125 100
279 1079 464 1130 πόλεων,
494 1078 728 1121 καταλύσει
759 1079 806 1121 δὲ
834 1083 910 1135 τῆς
935 1077 1221 1134 Ἀλεξάνδρου
1250 1084 1331 1122 τοῦ
1364 1080 1558 1131 Φεραίου
1586 1096 1657 1122 τυ-

280 1112 509 1188 ραννίδός,
547 1134 845 1186 εξαπέστειλαν
886 1137 1138 1179 Πελοπίδαν
1178 1138 1237 1187 εἰς
1279 1138 1513 1179 Θετταλίαν
1552 1134 1658 1191 μετά

279 1191 526 1247 δυνάμεως,
565 1189 713 1243 δόντες
750 1190 929 1243 ἐντολάς
968 1190 1088 1236 αὐτό
1129 1194 1190 1243 εἰς
1218 1192 1268 1236 τὸ
1307 1192 1535 1249 συμφέρον
1573 1197 1660 1236 τῶν

280 1252 488 1293 Βοιωτῶν
520 1249 738 1304 διοικῆσαι
774 1265 827 1291 τα
864 1248 974 1291 κατὰ
1012 1250 1094 1321 τήν
1136 1251 1381 1293 Θετταλίαν.
1443 1250 1572 1318 οὗτος
1612 1249 1659 1293 δε

278 1304 549 1360 καταντήσας
579 1307 638 1355 εἰς
667 1305 913 1359 Λάρισσαν,
953 1306 1043 1348 καὶ
1047 1307 1318 1375 καταλαβων
1347 1304 1428 1362 τῆν
1458 1305 1660 1358 ἀκρόπο-

226 1366 251 1408 5
281 1366 352 1405 λιν
394 1362 736 1417 φρουρουμένην
784 1360 870 1406 ὑπὸ
913 1360 1201 1417 Ἀλεξάνδρου
1250 1367 1332 1405 τοῦ
1383 1363 1659 1413 ΛῙακεδόνος,

278 1418 441 1487 ταύτην
479 1434 556 1472 μεν
587 1419 853 1473 παρέλαβεν,
892 1419 951 1468 εἰς
988 1418 1033 1461 δὲ
1065 1420 1145 1476 τήν
1181 1421 1470 1462 Μακεδονίαν
1505 1424 1662 1474 παρελ-

278 1474 375 1518 θών
412 1475 486 1517 καὶ
520 1477 768 1543 συμμαχίαν
808 1474 1100 1544 ποιησάμενος
1136 1475 1248 1529 πρὸς
1275 1475 1578 1545 Ἀλέξανδρον
1585 1475 1664 1519 τὸν

278 1548 369 1574 των
407 1530 682 1574 Μακεδόνων
731 1533 933 1586 βασιλέα,
981 1531 1147 1587 ὅιιηρον
1185 1533 1311 1589 ἔλαβε
1359 1547 1447 1586 παρ
1521 1531 1663 1576 αὐτοῦ

199 1595 251 1635 10
280 1588 358 1631 τὸν
396 1585 590 1642 ἀδελφὸν
637 1590 879 1640 Φίλιππον,
921 1587 974 1632 ὃν
1011 1589 1243 1643 ἐξέπεμψεν
1285 1591 1344 1638 εἰς
1381 1588 1458 1638 τάς
1476 1588 1662 1660 Θηβας.

279 1644 332 1688 τὰ
362 1644 407 1687 δε
436 1644 545 1688 κατὰ
567 1661 654 1714 την
686 1647 921 1688 Θετταλίαν
953 1646 1282 1701 διοικησάμενος
1304 1645 1362 1696 ὥς
1382 1643 1487 1688 ποτ’
1517 1646 1664 1696 ἔδοξεν

282 1700 402 1760 αὐτῷ
433 1701 670 1756 συμφέρειν
688 1707 778 1752 τοῖς
799 1706 1012 1752 Βοιωτοῖς
1025 1703 1278 1772 ἐπανῆλθεν
1298 1704 1356 1753 εἰς
1366 1701 1461 1771 τὴν
1485 1705 1664 1746 οἰκείαν.

195 1763 253 1803 68
400 1757 581 1801 Τούτων
623 1759 668 1801 δὲ
704 1758 990 1813 πραχθέντων
1025 1757 1226 1813 Ἀρκάδες
1267 1760 1340 1802 καὶ
1366 1755 1551 1814 Ἀργεῖοι
1588 1760 1664 1802 καὶ

278 1812 438 1858 Ἠλεῖοι
486 1814 874 1870 συμφρονήσαντες
920 1815 1115 1869 ἔγνωσαν
1152 1815 1402 1869 στρατεύειν
1451 1816 1521 1858 ἐπὶ.
1559 1815 1664 1867 τούς

201 1875 252 1918 15
281 1872 670 1926 Λακεδαιμονίους,
689 1872 762 1914 καὶ
790 1871 1133 1926 πρεσβεύσαντες
1163 1871 1288 1942 πρὸς
1304 1872 1530 1924 Βοιωτοὺς
1557 1873 1664 1916 ε’πει-
1680 1881 1725 1915 56

281 1939 365 1970 σαν
394 1927 557 1978 αὐτοὺς
586 1934 815 1971 κοινωνεῖν
843 1932 924 1971 τοῦ
948 1926 1154 1999 πολέμου.
1186 1946 1227 1971 οι
1248 1926 1288 1971 6²
1309 1928 1664 1984 Ἐπαμεινώνδαν

281 1984 624 2039 καταστήσαντες
651 1984 845 2040 ηγεμόνα
885 1983 979 2040 μετ’
1012 1984 1155 2028 ἄλλων
1185 1988 1467 2040 βοιωταρχων
1498 1986 1665 2057 ἐξέπεμ-

284 2048 374 2089 ψαν
415 2041 679 2094 στρατιώτας
716 2040 873 2095 πεζούς
910 2042 990 2097 μὲν
1023 2041 1388 2113 ἑπτακιςχιλίους,
1439 2044 1581 2093 ἱππεῖς
1620 2041 1662 2086 δ’

200 2104 254 2144 20
285 2097 547 2149 ἑξακοσίους.
588 2097 812 2155 Ἀθηναῖοι
843 2098 887 2141 δὲ
917 2098 1164 2153 πυθόμενοι
1192 2100 1271 2154 τῆν
1300 2102 1510 2141 Βοιωτῶν
1539 2111 1667 2153 στρα-

280 2154 377 2198 τιὰν
407 2159 658 2208 παριοῦσαν
696 2158 756 2206 εἰς
776 2154 877 2226 τῆν
913 2154 1274 2227 Πελοπόννησον
1315 2155 1555 2214 ἐξέπεμψαν
1590 2155 1664 2199 δυ’-

279 2227 415 2266 ναμιν
459 2211 533 2254 καὶ
575 2211 817 2283 στρατηγὸν
856 2210 924 2255 επ’
964 2211 1127 2263 αὐτοὺς
1167 2213 1379 2265 Χαβρίαν.
1440 2215 1573 2263 οὑτος
1617 2212 1664 2256 δὲ

280 2253 513 2321 παρελθών
559 2271 619 2320 εἰς
651 2268 905 2324 Κόρινθον,
947 2270 1019 2312 καὶ
1057 2270 1410 2323 προςλαβόμενος
1438 2269 1512 2312 καὶ
1546 2270 1664 2323 παρὰ

283 2324 525 2380 Μεγαρέων
554 2326 627 2370 καὶ
653 2325 910 2382 Πελληνέων
939 2326 1000 2369 ε’τι
1029 2325 1075 2369 δὲ
1096 2328 1354 2381 Κορινθίων
1385 2338 1665 2381 στρατιωτας,

284 2436 340 2470 92.
369 2437 557 2481 Πελλήνην
580 2439 794 2474 Palmerius.
827 2438 909 2473 libri
935 2436 1152 2484 Παλλήνην,
1186 2436 1364 2484 Παλήνην
1392 2439 1423 2473 F
1603 2440 1663 2476 93.

280 2494 348 2526 μεν
371 2495 430 2526 pos
417 2489 446 2517 t
469 2497 558 2524 τους
583 2497 669 2527 pone
786 2484 1131 2530 ἐγκαταληφθέντας
1148 2486 1165 2519 Ι
1185 2490 1217 2519 et
1231 2487 1259 2518 F
1282 2496 1387 2529 supra
1409 2497 1560 2527 versum,
1584 2498 1664 2521 cae-

281 2528 348 2562 teri
363 2528 726 2586 ἐγκαταλειφθέντας
864 2530 921 2565 98.
953 2533 1147 2568 θεσσαλων
1174 2532 1203 2565 F
1296 2533 1328 2565 1.
1354 2532 1404 2570 εἰς
1433 2533 1474 2567 Θ.
1498 2531 1590 2575 μετὰ
1614 2533 1662 2576 δ.]

280 2573 373 2630 μετα
397 2577 430 2610 ὃ.
457 2577 508 2617 εἰς
537 2577 578 2612 Θ.
602 2577 701 2620 IIxL,
727 2577 778 2617 εἰς
805 2577 847 2612 Θ.
872 2589 942 2612 om.
965 2579 996 2613 F
1131 2578 1166 2611 3.
1193 2571 1302 2618 οὗτος
1326 2578 1559 2613 Schaeferus:
1582 2579 1665 2613 libri

279 2633 396 2660 αντος

373 2666 430 2701 56.
479 2668 537 2704 16.
560 2665 601 2704 δ’
624 2669 668 2708 F,
694 2667 821 2703 caeteri
847 2665 887 2703 δε
1019 2668 1076 2705 17.
1101 2669 1352 2716 βοιωταρχῶν]
1380 2670 1462 2705 fort.
1485 2671 1665 2727 βοιωταρ-

280 2714 358 2758 χῶν
385 2711 429 2756 εξ
633 2714 691 2748 2⁰.
729 2711 927 2758 στρατιάν]
964 2719 1155 2773 στρατείαν
1178 2717 1207 2750 L
1413 2717 1471 2751 22.
1505 2715 1665 2760 αὐτους]

280 2760 360 2794 fort.
394 2757 510 2817 αυτῆς
670 2761 727 2795 23.
758 2761 821 2796 καὶ
852 2758 977 2805 παρά]
1009 2759 1111 2808 παρὰ
1141 2762 1171 2797 F
1337 2761 1555 2808 Πελληνέων
1576 2762 1664 2806 ML,

283 2806 470 2851 πεληνέων
501 2807 544 2852 F,
576 2806 705 2842 caeteri
739 2808 980 2854 Πελληναίων
