1820 3249
387 133 498 175 1⁰68
766 130 800 172 L
813 129 883 172 113.
914 128 1024 174 xvi.
1055 129 1182 174 GAP.
1202 132 1269 174 28.
1289 133 1357 173 29.

386 248 520 313 λογον
548 243 736 316 δύναμιν
763 244 1009 302 προήγαγεν
1037 246 1097 297 εἰς
1119 245 1358 299 ὕπαιθρον,
1388 245 1461 288 καὶ
1483 243 1673 299 φανερὸς
1692 261 1747 301 ην

330 303 357 346 5
387 300 563 356 ἑτοίμως
587 301 699 357 ἔχων
727 303 1056 357 διαγωνίζεσθαι
1085 303 1192 357 πρὸς
1219 301 1322 352 τούς
1343 300 1577 355 αλλοτρίως
1596 303 1748 344 διακει-

381 357 546 430 μένους
569 363 661 410 τοῖς
696 361 907 429 Φωκεῦσι.
966 363 1055 402 τῶν
1083 358 1129 402 δὲ
1159 363 1345 412 Λοκρῶν
1369 358 1748 412 στρατευσαμένων

380 412 458 457 ἐπ’
488 412 638 466 αὐτόν,
668 414 832 484 ἐγένετο
860 414 980 485 μάχη
993 415 1106 484 περὶ
1132 431 1207 465 τας
1238 413 1507 469 Φαιδριάδας
1535 413 1747 469 καλουμέ-

380 486 460 521 νας
488 470 658 524 πέτρας,
687 470 742 526 ἢν
771 470 952 542 νικήσας
982 467 1006 515 ὁ
1036 471 1281 542 Φιλόμηλος
1302 470 1492 521 πολλοὺς
1508 470 1586 525 μὲν
1609 471 1749 513 ανεῖλε

379 530 468 569 τῶν
496 529 735 596 πολεμίων,
767 526 849 570 οὐκ
874 526 1050 583 ὀλίγους
1081 525 1124 570 6'
1155 528 1383 583 ἐζώγρησε,
1415 543 1536 577 τινας
1567 526 1612 570 δε
1639 543 1750 570 κατα

300 588 352 628 10
381 586 457 637 τῆς
485 583 644 636 πέτρας
672 584 1009 655 συνηνάγκασεν
1031 583 1214 634 ἑαυτούς
1247 585 1600 655 κατακρημνίσαι.
1643 599 1749 639 μετα

382 639 429 683 δὲ
466 637 547 708 τήν
585 656 726 696 μαχην
764 639 948 711 ταύτην
965 642 1009 683 οἱ
1045 639 1124 695 μὲν
1165 644 1329 691 Φωκεῖς
1366 640 1622 696 ἐπήρθησαν
1657 644 1749 690 τοῖς
1763 646 1820 683 104

383 694 641 766 φρονήμασι
678 695 751 739 διὰ
786 696 866 767 τὴν
902 695 1171 768 εὐημερίαν,
1199 698 1240 740 οἱ
1268 697 1314 740 δὲ
1343 697 1510 750 Λοκροὶ
1539 712 1750 739 ταπεινω-

381 752 535 803 θέντες
563 752 760 821 πρέσβεις
788 752 1027 823 ἐξέπεμψαν
1045 753 1106 803 εἰς
1121 769 1197 803 τας
1219 752 1378 809 Θήβας,
1408 752 1627 805 ἀξιοῦντες
1648 752 1751 804 τούς

301 813 353 856 15
385 807 608 860 Βοιωτούς
636 811 821 878 βοηθεῖν
851 807 999 860 αὐτοῖς
1026 824 1072 852 τε
1099 809 1178 852 καὶ
1200 813 1260 865 τῷ
1289 813 1393 868 θεῷ.
1437 811 1481 853 οἱ
1497 810 1543 853 δε
1565 809 1752 852 Βοιωτοὶ

383 864 457 909 διά
486 881 529 908 τε
557 866 637 935 τὴν
667 865 778 919 πρὸς
806 865 909 917 τούς
936 865 1073 916 θεοὺς
1104 854 1326 935 ευσέβειαν
1353 854 1433 909 καὶ
1465 865 1537 909 δια
1565 864 1614 909 τὸ
1646 878 1752 920 συμη

384 921 536 977 φέρειν
580 920 730 973 αὐτοῖς
775 921 852 974 τὰς
889 925 978 964 τῶν
1011 920 1339 993 Ἀμφικτυόνων
1376 923 1537 977 κρίσεις
1576 924 1753 993 βεβαίας

383 975 496 1021 εἶναι
514 976 637 1048 ,πρός
665 994 709 1022 τε
737 977 841 1029 τούς
862 977 1103 1029 Θετταλούς
1131 977 1422 1036 ἐπρέσβευσαν
1450 979 1524 1022 καὶ
1551 978 1655 1029 τοὺς
1682 977 1751 1021 ἅλ-

383 1037 488 1085 λους
514 1032 843 1090 Ἀμφικτύονας,
872 1033 1091 1088 ἀξιοῦντες
1118 1051 1247 1107 κοινη
1276 1039 1513 1105 πολεμῆσαι
1541 1040 1632 1087 τοῖς
1659 1039 1752 1078 Φω-

299 1097 355 1136 20
385 1093 518 1134 κεῦσι
578 1092 895 1147 ψηφισαμένων
942 1091 988 1135 δε
1033 1095 1121 1134 τῶν
1155 1089 1483 1164 Ἀμφικτυόνων
1529 1091 1606 1135 τὸν
1643 1090 1754 1162 πρὸς

391 1150 555 1198 Φωκεῖς
591 1148 804 1219 πόλεμον,
850 1148 995 1218 πολλή
1016 1147 1190 1220 ταραχὴ
1208 1149 1281 1192 καὶ
1310 1148 1531 1199 διάστασις
1560 1150 1615 1204 ἠν
1643 1144 1751 1191 καθ’

387 1203 494 1275 ὅλην
522 1220 604 1259 την
628 1202 822 1248 Ἑλλάδα.
879 1206 924 1248 οἱ
949 1204 1029 1259 μὲν
1055 1204 1137 1259 γάρ
1167 1204 1343 1258 ἔκριναν
1370 1208 1550 1274 βοηθεῖν
1569 1208 1636 1262 τῷ
1662 1206 1753 1247 θεῶ

387 1261 462 1304 καὶ
490 1276 590 1311 τους
609 1264 775 1312 Φωκεῖς
804 1277 862 1311 ως
892 1260 1148 1315 ἱεροσύλους
1175 1261 1383 1316 κολάζειν,
1413 1263 1457 1306 οἱ
1478 1261 1523 1305 δὲ
1545 1262 1658 1318 πρός
1675 1248 1753 1316 τὴν

383 1320 473 1360 τῶν
502 1315 691 1360 Φωκέων
723 1317 935 1388 βοήθειαν
961 1316 1209 1360 ἀπέκλιναν.

496 1373 758 1445 Σχιζομένης
784 1374 830 1417 δὲ
858 1378 933 1431 τῆς
959 1377 1045 1416 τῶν
1073 1373 1217 1417 ἐθνῶν
1245 1374 1318 1417 καὶ
1347 1372 1515 1417 πόλεων
1548 1373 1752 1428 αἱρέσεως

383 1433 444 1488 τῷ
482 1446 561 1484 μεν
596 1431 700 1502 ἱερῷ
737 1433 917 1485 βοηθεῖν
945 1430 1140 1484 ἔγνωσαν
1168 1431 1356 1474 Βοιωτοὶ
1384 1431 1458 1474 καὶ
1487 1430 1652 1485 Λοκροὶ
1680 1431 1753 1473 καὶ

386 1474 588 1529 Θετταλοὶ
627 1487 700 1530 καὶ
739 1487 1000 1558 Περραιβοί,
1051 1486 1163 1558 πρός
1198 1487 1262 1530 δὲ
1274 1486 1445 1538 τούτοις
1471 1491 1656 1540 Δωριεῖς
1681 1488 1754 1530 καὶ

383 1543 593 1595 Δόλοπες,
624 1542 684 1586 ἔτι
713 1544 759 1587 δε
783 1542 1023 1597 Ἀθαμᾶνες
1050 1544 1123 1586 καὶ
1147 1542 1303 1599 Ἀχαιοὶ
1331 1548 1528 1587 Φθιῶται
1556 1543 1629 1586 καὶ
1657 1544 1752 1585 Μά-

300 1606 353 1645 30
382 1615 555 1668 γνητες,
605 1599 668 1642 ἔτι
697 1599 743 1642 δὲ
772 1601 974 1651 Αἰνιᾶνες
1001 1602 1076 1643 καί
1107 1616 1220 1651 τινες
1249 1600 1407 1654 ἕτεροι,
1457 1605 1548 1650 τοῖς
1577 1600 1622 1643 δὲ
1657 1603 1751 1643 Φω-

383 1660 507 1700 κεῦσι
536 1654 809 1711 συνεμάχουν
831 1653 1054 1712 Ἀθηναῖοι
1082 1656 1156 1700 καὶ
1177 1656 1514 1711 Λακεδαιμόνιοι
1541 1658 1614 1698 καί
1641 1671 1753 1707 τινες

384 1713 521 1768 ἕτεροι
550 1717 637 1755 τῶν
670 1714 1049 1783 Πελοποννησίων.
1092 1694 1410 1782 προθυμότατα
1440 1714 1484 1756 δὲ
1515 1712 1752 1766 συνέπρατ-

382 1786 461 1812 τον
491 1770 533 1813 οι
562 1769 899 1824 Λακεδαιμόνιοι
930 1769 1001 1813 διοὶ
1032 1768 1235 1819 τοιαύτας
1269 1770 1419 1821 αἰτίας.
1479 1769 1526 1812 ἐν
1554 1773 1615 1811 τῶ
1645 1773 1751 1812 Λευ-

300 1830 354 1873 35
383 1829 544 1882 κτρικῷ
581 1811 761 1882 πολέμῳ
793 1829 977 1896 Θηβαῖοι
1014 1823 1440 1896 καταπολεμήσαντες
1476 1826 1580 1877 τούς
1610 1829 1750 1869 Λακε-

383 1883 641 1936 δαιμονίους
671 1883 796 1951 δίκην
826 1881 1066 1937 ἐπήνεγκαν
1094 1884 1153 1933 εἷς
1181 1880 1498 1951 Ἀμφικτύονας
1526 1898 1636 1926 κατα
1664 1886 1751 1925 τῶν

383 1942 690 1992 Σπαρτιατῶν,
723 1937 789 1981 ’ότι
819 1941 1028 1994 Φοιβίδας
1050 1938 1074 1982 ὁ
1093 1937 1372 2009 Σπαρτιάτης
1395 1939 1650 1995 κατελάβετο
1671 1939 1752 1996 τὴν

386 1997 629 2050 Καδμείαν,
668 1995 740 2037 καὶ
771 1995 1069 2050 διετιμήσαντο
1098 1995 1146 2038 τὸ
1179 1993 1367 2051 αδίκημα
1396 1996 1620 2039 ταλάντων
1648 2011 1752 2039 πεν-

383 2054 614 2095 τακοσίων.
652 2051 1059 2095 καταδικασθέντων
1090 2052 1136 2095 δὲ
1163 2056 1251 2095 τῶν
1278 2054 1645 2106 Λακεδαιμονίων,
1675 2068 1751 2095 και

303 2113 357 2156 40
386 2125 466 2178 την
495 2110 621 2164 δίκην
651 2124 734 2151 ουκ
762 2107 1023 2151 ἐκτινύντων
1052 2107 1162 2151 κατὰ
1200 2107 1278 2151 τὸν
1311 2108 1554 2163 ὡρισμένον
1584 2108 1631 2151 ἐκ
1662 2113 1750 2151 τῶν

384 2164 533 2219 νόμων
572 2163 755 2218 καιρόν,
804 2167 847 2208 οἱ
877 2166 1065 2235 Θηβαίοι
1097 2164 1227 2208 πάλιν
1266 2166 1392 2220 δίκην
1419 2165 1659 2221 ἐπηνεγκαν
1689 2167 1751 2208 60-

384 2225 497 2265 πλοῦ
516 2225 596 2264 τοῦ
615 2219 888 2276 ἀδικήματος.
916 2224 1005 2264 τῶν
1024 2220 1065 2264 δ’
1076 2220 1409 2291 Ἀμφικτυόνων
1424 2223 1579 2276 χιλίοις
1596 2220 1750 2264 ταλάν-

384 2295 477 2330 τοις
504 2277 912 2329 καταδικασοὲντων,
951 2294 994 2321 οι
1022 2276 1360 2334 Λακεδαιμόνιοι
1389 2277 1462 2321 διὰ
1492 2278 1542 2322 τό
1570 2279 1753 2335 μέγεθος

299 1352 355 1391 29

299 1406 355 1448 25

381 2447 415 2481 9.
461 2447 526 2490 τῆς
548 2446 700 2491 πέτρας]
739 2446 807 2488 τᾶς
829 2445 961 2490 πέτρας
984 2447 1016 2491 Q

475 2493 723 2528 10÷.11.02
745 2492 833 2539 μὲν]
874 2493 911 2528 οι
934 2494 965 2528 F
989 2494 1071 2527 Bas.
1252 2491 1310 2525 24.
1357 2488 1556 2528 ἀπέκλιναν
1572 2493 1648 2534 FL,
1672 2505 1749 2528 cae—

383 2537 449 2572 teri
472 2536 667 2573 οἷπέκλινον
848 2539 905 2573 28.
948 2536 1086 2582 Ἀχαιοὶ
1112 2538 1282 2573 Φθιῶται
1297 2538 1573 2591 wesselingius‚
1599 2518 1749 2583 C6spu1n

381 2595 450 2618 non
466 2589 558 2617 recte
575 2595 637 2627 pro
652 2596 687 2618 se
703 2585 861 2641 affqrens,
886 2584 944 2628 qui
969 2585 1110 2628 copulas
1133 2594 1250 2618 omnes
1270 2583 1328 2617 hic
1347 2585 1473 2627 omisit,
1504 2586 1671 2619 Φθιῶται
1688 2586 1750 2620 καὶ

381 2626 434 2673 'Ax
436 2629 512 2665 αιοὶ
537 2629 584 2670 F,
617 2630 745 2663 caeteri
765 2629 897 2674 Ἀχαιοὶ
920 2629 981 2665 καὶ
1011 2631 1180 2664 Φθιῶται
1359 2630 1417 2664 32.
1465 2631 1501 2665 οὶ
1523 2630 1749 2675 1ακεδαιμό-

382 2687 461 2710 νιοι
486 2675 751 2720 Wcsselingius:
775 2677 857 2710 libri
881 2675 917 2711 οἳ
941 2673 1227 2717 Λακεδαιμόνιοι
1250 2676 1313 2709 καί
1336 2688 1431 2716 τινες
1453 2675 1567 2720 ἕτεροι

383 2721 441 2756 34.
487 2721 802 2777 Λακεδαιμονίους
833 2723 917 2765 QX,
960 2722 1086 2756 caeteri
1109 2721 1305 2764 πολεμίους
1484 2723 1541 2758 39.
1588 2720 1748 2759 ἐκτινύν-

384 2767 483 2812 των]
516 2765 759 2804 ἐκτιννύντων
783 2767 909 2804 FIAT?
931 2767 1035 2812 Bas„
1070 2767 1196 2803 caeteri
1219 2765 1433 2803 ἐκτινόντων
