1820 3249
534 117 649 159 LIB.
679 115 806 158 XVII.
867 114 1000 157 GAP.
1028 117 1096 157 69.
1126 115 1197 158 70.
1445 111 1558 160 1203

175 245 285 282 των,
326 228 510 301 μάλιστα
541 228 587 272 δὲ
618 227 757 272 αὐτὸν
783 225 862 272 τὸν
886 225 1174 281 Ἀλέξανδρον
1202 230 1413 285 συμπαθῆ
1440 230 1553 284 γενέ-
1585 234 1638 277 55

176 293 283 331 σθαι
310 291 401 338 τοῖς
429 284 665 357 ἠτυχηκόσι
692 286 767 329 καὶ
795 284 856 356 μὴ
885 282 1109 328 δύνασθαι
1137 289 1378 357 κατασχεῖν
1397 302 1450 329 τα
1481 288 1555 329 δα-

174 360 305 398 κρυα.
365 341 706 414 ἀναβοησάντων
744 342 790 386 δὲ
828 341 917 398 ἅμα
958 340 1137 384 πάντων
1164 341 1239 384 καὶ
1266 340 1345 385 τὸν
1366 339 1554 395 Ἀλέξαν-

173 403 282 455 δρον
310 398 551 452 ἀξιούντων
581 398 746 455 ἀμῦναι
774 415 827 442 τε
832 416 870 450 ις
889 399 1019 449 ἰδίαις
1046 403 1305 470 συμφοραῖς,
1336 395 1360 441 ὁ
1380 398 1459 453 μὲν
1477 403 1555 455 βα-

171 456 316 507 σιλεύς
343 456 747 528 προςκαλεσοὲμευος
776 455 881 507 τούς
921 453 1242 524 προεστηκότας
1270 455 1552 510 ἐπηγγείλατο

169 514 336 584 πολλὴν
363 513 580 567 πρόνοιαν
608 513 903 569 ποιήσασθαι,
933 513 1006 556 καὶ
1035 516 1111 567 τῆς
1141 510 1278 555 αὐτου
1308 517 1550 583 μεγαλοψυ-
1580 518 1636 558 60

167 572 263 626 χίας
295 568 422 623 ἀξίως
450 570 632 641 τιμήσας
664 571 880 639 φροντίδα
916 568 1187 624 ποιήσασθαι
1222 572 1299 638 τῆς
1326 567 1397 611 ἐπ’
1426 567 1551 614 οἷκον

167 628 450 698 ἀνακομιδης.
511 630 554 670 οἱ
586 627 631 671 δὲ
654 626 942 678 συνελθόντες
973 626 1045 670 καὶ
1073 624 1418 696 βουλευσάμενοι
1445 643 1549 680 προ-

167 682 347 754 ε’κριναν
385 700 468 741 την
509 682 668 728 αὐτόθι
708 700 870 754 μονην
891 686 966 739 τῆς
1005 684 1065 734 εἰς
1104 687 1229 726 οικον
1269 679 1550 754 ανακομιδῆς.

167 737 482 793 ανασωθέντας
511 757 588 797 μεν
617 741 702 797 γοὲρ
735 740 899 792 αὐτούς
929 738 1302 794 διασπαρήσεσθαι
1330 737 1430 783 κατ’
1463 738 1550 783 όλί-
1579 743 1633 786 65

166 813 301 869 γους,
321 798 394 841 καὶ
423 798 674 853 περιιόντας
705 798 753 842 ἐν
783 803 878 849 ταῖς
906 796 1084 842 πόλεσιν
1113 796 1411 840 ἐπονείδιστον
1441 795 1552 848 ἕξειν

166 853 248 910 τήν
284 870 331 898 εκ
354 859 448 925 τῆς
479 854 612 911 τύχης
647 853 876 924 ἐπήρειαν·
929 851 1022 910 μετ’
1067 851 1268 909 αλλήλων
1312 852 1359 896 δὲ
1403 856 1551 924 βιοῦν-

165 927 267 964 τας,
315 911 397 966 τὴν
427 910 584 982 ὁμοίαν
613 911 853 968 συμφοράν
882 911 1106 982 ε’χοντας,
1125 910 1422 980 παραμύθιον
1443 909 1552 962 ε’ξειν

165 971 242 1023 τῆς
271 969 385 1019 ἰδίας
415 966 625 1040 ακληρίας
657 969 737 1024 τὴν
764 971 854 1011 τῶν
883 968 1028 1011 α’λλων
1056 969 1131 1022 τῆς
1161 964 1382 1038 ακληρΗίας
1400 965 1552 1021 ὁμοιό-

164 1040 282 1080 τητα.
327 1024 394 1068 διὸ
412 1025 485 1068 καὶ
505 1025 638 1068 πάλιν
659 1024 907 1081 εντυχόντες
934 1027 994 1094 τῷ
1023 1026 1203 1092 βασιλεῖ,
1235 1024 1310 1066 καὶ
1325 1039 1413 1093 την
1432 1024 1550 1066 ἰδίαν
1577 1025 1633 1065 70

163 1082 310 1154 κρίσιν
340 1079 634 1137 δηλώσαντες,
664 1082 836 1125 ἐδέοντο
867 1080 977 1136 πρὸς
1006 1078 1171 1151 ταύτην
1201 1096 1282 1135 την
1309 1078 1552 1124 ὑπόστασιν

163 1138 331 1180 οἰκείαν
359 1138 514 1194 παρὲχε
497 1144 622 1182 εσθαι
650 1155 731 1194 την
755 1137 984 1194 βοήθειαν.
1044 1136 1067 1180 ὁ
1088 1136 1134 1180 δὲ
1149 1134 1433 1192 Ἀλέξανδρος
1448 1148 1550 1205 συγ-

162 1193 458 1249 καταθέμενος
507 1200 597 1246 τοῖς
642 1195 926 1265 δεδογμένοις
971 1195 1206 1249 τριςχιλίας
1254 1208 1334 1263 μεν
1381 1191 1549 1265 εκάστῳ

164 1250 358 1306 δραχμὰς
401 1252 650 1322 εδωρήσατο
687 1252 761 1296 καὶ
799 1250 956 1302 στολὰς
986 1251 1190 1304 ανδρείας
1218 1250 1344 1293 πέντε
1372 1250 1446 1294 καὶ
1474 1267 1549 1318 γυ-

163 1309 358 1358 ναικείας
386 1310 503 1359 ἴσας,
556 1308 682 1365 ζεύγη
714 1310 760 1352 δὲ
791 1307 945 1363 βοϊκοὲ
952 1306 1035 1351 δύο
1065 1308 1138 1351 καὶ
1167 1305 1369 1363 πρόβατα
1396 1323 1549 1379 πεντη-
1577 1308 1632 1350 75

163 1380 300 1407 κοντα
330 1365 405 1407 καὶ
437 1369 594 1419 πυρῶν
623 1367 862 1435 μεδίμνους
890 1364 1183 1433 πεντήκοντα·
1213 1364 1388 1419 ἐποίησε
1414 1363 1459 1407 δὲ
1476 1363 1552 1407 καὶ

164 1420 325 1472 α’τελεῖς
354 1421 517 1472 αὐτούς
544 1421 707 1472 παντός
737 1425 969 1477 βασιλικοῦ
989 1419 1153 1492 φόρου,
1181 1421 1362 1471 καὶτοῖς
1382 1420 1551 1464 ἐπιστα-

164 1495 259 1529 ταις
297 1478 530 1530 προςὲταξε
567 1480 817 1538 φροντίζειν
845 1479 964 1529 ὅπως
993 1475 1098 1548 μηδ’
1125 1476 1211 1534 ὑφ’
1241 1476 1339 1527 ενὸς
1369 1475 1552 1520 ἀδικῶν-

153 1551 245 1577 ται.
311 1532 591 1590 Ἀλέξανδρος
631 1536 711 1591 μὲν
748 1539 831 1578 οὐν
871 1533 1130 1585 ἀκολούθως
1158 1550 1221 1604 τη
1260 1532 1370 1577 καθ’
1412 1533 1550 1576 αὑτὸν

164 1591 367 1661 ἐπιεικείᾳ
395 1591 618 1642 τοιαύταις
648 1592 916 1649 εὐεργεσίαις
936 1591 1012 1642 τὰς
1031 1607 1121 1634 των
1141 1588 1422 1647 ἠτυχηκότων
1444 1601 1549 1647 συμ-
1577 1592 1632 1632 80

161 1647 308 1706 φορας
337 1636 640 1701 διωρθώσατο.

280 1704 370 1761 Τὴν
398 1707 444 1749 δὲ
476 1705 765 1760 Περσέπολιν,
796 1703 1068 1772 μητρόπολιν
1097 1698 1238 1748 οὖσαν
1268 1707 1343 1760 τῆς
1365 1706 1549 1758 Περσων
1576 1704 1633 1744 70

163 1763 408 1832 βασιλείας,
459 1761 653 1814 ἀπέδειξε
689 1767 782 1813 τοῖς
811 1761 1041 1805 Μακεδόσι
1080 1763 1294 1816 πολεμίαν
1322 1764 1408 1803 τῶν
1437 1759 1547 1804 κατοὲ

162 1817 244 1874 τήν
287 1817 434 1862 Ἀσίαν
472 1819 676 1891 πόλεων,υ
716 1819 793 1863 καὶ
829 1823 923 1869 τοῖς
962 1817 1245 1873 στρατιώταις
1284 1818 1444 1860 ε’δωκεν
1489 1819 1548 1868 εἰς
1577 1815 1632 1858 85

164 1874 429 1945 διαρπαγὴν
445 1876 577 1931 χωρὶς
615 1892 704 1919 των
732 1877 975 1931 βασιλείων.
1033 1874 1364 1930 πλουσιωτάτης
1393 1871 1437 1917 δ’
1469 1871 1549 1918 οὕ-

162 1943 259 2000 σης
276 1936 366 1975 τῶν
401 1930 490 1983 υπὸ
523 1933 602 1977 τὸν
633 1931 782 1988 ἥλιον,
824 1933 898 1976 καὶ
922 1935 1012 1975 τῶν
1042 1934 1276 1975 ἰδιωτικων
1311 1933 1448 1975 οἴκων
1476 1945 1548 1974 πε-

159 1984 461 2060 πληρωμένων
502 1990 548 2033 ἐκ
582 1993 760 2033 πολλῶν
796 1988 981 2059 χρόνων
1006 1990 1218 2040 παντοίας
1247 1986 1545 2043 ευδαιμονίας,

164 2047 209 2089 οἱ
252 2045 510 2117 Μακεδόνες
556 2044 744 2118 ἐπῄεσαν
793 2044 900 2097 τούς
936 2045 1016 2099 μὲν
1055 2044 1218 2101 α’νδρας
1261 2061 1428 2096 παντας
1469 2061 1547 2101 φο-

160 2100 378 2154 νεύοντες,
406 2103 485 2154 τὰς
515 2104 562 2147 δὲ
589 2102 761 2173 κτήσεις
789 2102 1121 2157 διαρπαζοντες,
1153 2101 1320 2154 πολλας
1349 2118 1429 2158 μεν
1457 2106 1548 2153 τοῖς
1575 2106 1629 2147 90

162 2158 378 2215 πλήθεσιν
413 2158 721 2233 ὑπαρχούσας,
763 2164 1033 2215 κατασκευῆς
1063 2159 1109 2203 δὲ
1137 2160 1210 2204 καὶ
1239 2158 1411 2214 κόσμου
1440 2174 1546 2202 παν-

163 2218 288 2260 τοίου
315 2216 548 2273 γεμούσας.
607 2217 718 2261 ε’νθα
748 2217 800 2272 δὴ
822 2216 960 2268 πολύς
974 2216 1054 2273 μὲν
1069 2215 1264 2274 ἄργυρος
1284 2218 1543 2273 διεφορεῖτο,

164 2350 223 2386 56.
271 2349 348 2396 αμα
376 2351 526 2389 παντων
549 2355 631 2398 ΙΤ,
669 2353 797 2388 caeteri
820 2348 892 2396 ἅμ’
917 2349 1093 2388 ἁπάντων
1285 2351 1339 2386 59.
1385 2350 1546 2407 ποιήσα-

167 2399 280 2442 σθαι]
292 2401 538 2456 ποιησεσθαι
562 2402 611 2435 F:
643 2401 790 2435 fortasse
817 2399 1037 2433 scribendum
1068 2412 1157 2439 τους
1184 2396 1461 2443 προεστηκότας
1482 2396 1545 2431 καὶ

166 2445 232 2488 τῆς
255 2457 370 2480 αυτον
395 2466 439 2472 -
441 2447 619 2502 τιμήσας
642 2445 879 2501 ἐπηγγείλατο
903 2443 1041 2490 πολλὴν
1071 2444 1253 2502 πρόνοιαν
1276 2445 1334 2478 vol
1357 2444 1545 2490 φροντίδα

165 2488 391 2534 ποιήσεσθαι
412 2494 478 2538 τῆς
635 2493 692 2527 61.
741 2491 996 2549 ποιήσασθαι]
1028 2490 1197 2536 ποιήσειν
1221 2492 1251 2526 Υ
1277 2492 1358 2525 Bas.

167 2536 226 2573 65.
262 2535 470 2595 περιιόντας
492 2540 710 2595 Stephanus.
742 2539 823 2573 libri
847 2536 1045 2582 περιόντας
1229 2537 1287 2574 66.
1321 2535 1436 2581 ἕξειν]
1462 2535 1544 2570 libri

167 2595 235 2627 μεν
260 2581 353 2626 ε’ξειν
534 2586 590 2619 72.
636 2583 704 2630 τήν
726 2584 932 2631 βοήθειαν]
965 2584 1149 2631 βοήθειαν
1173 2584 1266 2617 FLT
1458 2594 1543 2626 συγ-

165 2628 442 2686 καταθέμενος]
480 2629 704 2676 συνθέμενος
727 2633 786 2666 ῈῚι
981 2631 1038 2665 7¹).
1085 2627 1181 2665 καθ’
1207 2626 1322 2664 αυτὸν
1346 2628 1430 2670 FL,
1464 2639 1543 2661 cae-

164 2676 230 2710 teri
257 2673 341 2710 noet’
366 2673 484 2711 av'z·6v
667 2678 724 2714 83.
771 2676 970 2722 πολεμίαν]
996 2675 1151 2721 μάλιστα
1174 2688 1214 2710 π.
1238 2676 1294 2709 vel
1315 2670 1544 2718 nonquam«-

163 2733 230 2765 την
254 2722 438 2756 Reiskius:
458 2734 546 2767 prae
569 2725 721 2758 omuibus
744 2725 824 2759 aliis
846 2725 994 2758 maxime
1017 2734 1149 2768 semper
1171 2723 1303 2766 eospus
1485 2717 1542 2754 86.

167 2769 280 2803 οἴκων
304 2780 372 2805 om.
397 2769 479 2803 Bas.
662 2770 719 2804 88.
751 2770 828 2815 οὶ]
853 2769 890 2805 οὶ
911 2767 979 2814 μὲν
1003 2770 1033 2803 F

1167 2826 1267 2867 77*
