1820 3249
5 1433 23 2073 ἓ

6 2105 14 2200 3

8 3057 20 3249 7-—0-—0—
8 2898 13 3041 0-——r—
8 2775 15 2885 Ἧ-Ἷ
7 2595 15 2760 ·—··-·’-·0—-*—

495 132 610 200 [ΑΒ.
642 129 769 171 XVll.
822 129 973 172 CAP
1002 133 1164 172 1020
1411 137 1521 179 1153

144 250 342 319 ἱππεῖς,
355 244 507 289 πολλοὶ
542 242 621 299 μὲν
666 241 745 295 τόνΙ
761 239 977 309 ἀριθμὸν
1024 238 1166 293 ὄντες,
1214 243 1426 290 ἐπίλεκτοι
1472 249 1519 294 66

142 310 238 356 ταῖς
284 302 473 358 ἀρεταῖς·
510 301 575 343 οἱ
619 299 683 343 66
713 296 870 348 πάντες
907 299 1049 347 ἱππεῖς
1094 298 1293 363 ὑπῆρχον
1340 305 1517 357 πλείους

143 366 233 405 τῶν
271 356 452 416 μυρίων.
513 357 557 399 οί
597 357 643 399 δὲ
678 356 808 408 πεζοὶ
834 358 924 398 τῶν
961 357 1144 408 Περσῶν
1177 354 1292 412 ἦσαν
1319 359 1399 412 μὲν
1430 360 1515 404 οὐκ

141 416 346 466 ἐλάττους
371 417 460 457 τῶν
488 414 591 456 δέκα
621 411 871 483 μυριάδων,
912 408 1095 454 ὄπισθεν
1125 411 1166 455 δ’
1194 414 1513 483 ἐπιτεταγμένοι

139 473 243 532 τήν
249 472 433 540 ἡσυχίαν
458 464 592 526 ἦγον,
631 485 690 520 ως
717 472 808 511 τῶν
835 467 1000 510 ἱππέων
1029 469 1191 512 ἱκανῶν
1219 468 1361 515 ὄντων
1389 490 1513 517 κατα
1543 479 1598 518 20

141 533 337 598 πονῆσαι
359 527 463 578 τοὺς
483 525 759 576 Μακεδόνας.
800 528 889 567 τῶν
919 522 961 567 δ’
993 524 1156 567 ἱππέων
1183 525 1295 580 παρ’
1325 527 1513 583 α’μφοτέ-

141 590 239 656 ροὶς
261 583 503 654 προθύμως
533 585 592 634 εἰς
619 582 697 626 τὸν
726 582 936 625 κίνδυνον
972 581 1398 634 συμπεσόντων,τό
1434 587 1514 640 μὲν

139 640 376 697 ε’ὕωνυμον
395 639 526 711 μέρος
555 638 774 694 ἐπέχοντες
804 640 847 682 οί
872 641 961 681 τῶν
983 642 1246 682 Θετταλῶν
1229 646 1372 693 ιππεῖς
1391 646 1513 699 Παρ-

138 700 349 768 μενίωνος
387 695 633 769 ἡγουμένου
667 694 997 751 τεθαρρηκότως
1013 695 1223 765 ἐδέχοντο
1252 697 1333 754 τὴν
1364 699 1513 754 έπιφο-
1543 705 1598 746 25

139 755 221 826 ρὰν
248 771 337 797 των
366 751 473 798 καθ’
503 752 687 803 ἑαυτοὺς
715 752 1002 822 τεταγμένων·
1018 749 1307 821 Ἀλέξανδρος
1338 756 1384 798 66
1410 756 1514 808 τούς

138 809 346 882 αρίστους
380 814 470 854 τῶν
507 808 672 853 ἱππέων
706 810 814 865 ἔνων
843 825 954 852 κατα
989 825 1038 851 το
1079 810 1220 861 δεξιὸν
1248 812 1377 866 κέρας
1406 813 1511 868 μεθ’

137 867 299 912 ἑαυτοῦ
327 871 502 922 πρῶτος
530 867 769 937 έφίππευσε
796 870 888 917 τοῖς
919 865 1123 918 Πέρσαις,
1154 867 1226 909 καὶ
1251 871 1514 924 συμπλακεὶς
1541 900 1597 938 20

135 930 228 976 τοῖς·
276 926 498 995 πολεμίοις
536 923 679 966 πολὺν
726 922 863 965 έποίει
910 921 1083 989 φόνον.
1136 939 1225 966 των
1264 925 1309 968 66
1349 927 1495 982 βαρβά
1542 958 1596 996 30

137 998 229 1035 ρων
268 980 504 1050 εὐρώστως
535 978 863 1049 ἀγωνιζομένων
906 979 980 1022 καὶ
1009 977 1113 1029 τοὺς
1143 979 1310 1024 έαυτων
1337 983 1513 1052 θυμοὺς

135 1043 230 1088 ταῖς
277 1042 366 1082 τῶν
408 1035 680 1084 Μακεδόνων
721 1033 892 1090 α’ρεταῖς
930 1033 1290 1090 ἀντιταττόντων,
1340 1037 1367 1094 ἡ
1406 1039 1512 1110 τύχη

137 1093 382 1150 συνήγαγεν
419 1095 480 1144 εἰς
517 1092 593 1136 ἕνα
617 1092 772 1162 τόπον
812 1092 913 1142 τούς
951 1091 1155 1145 αρίστους
1195 1096 1254 1144 εἰς
1292 1095 1373 1150 τήν
1400 1096 1511 1150 ὑπὲρ

135 1155 211 1206 τῆς
238 1153 368 1221 νίκης
388 1152 544 1205 κρίσιν.
607 1148 630 1192 6
645 1148 743 1204 γὰρ
771 1152 848 1204 τῆς
874 1147 1040 1198 Ἰωνίας
1070 1149 1292 1218 σατράπης
1312 1155 1511 1206 Σπιθρο-

136 1208 305 1276 βάτης,
322 1206 438 1277 γένει
465 1206 544 1262 μὲν
573 1206 635 1249 ὢν
667 1206 859 1261 Πέρσης,
888 1208 1085 1258 Δαρείου
1116 1206 1162 1248 66
1192 1212 1272 1250 τοῦ
1301 1210 1512 1262 βασιλέως
1541 1209 1615 1250 35·

134 1262 352 1321 γαμβρός,
382 1261 563 1318 ἀνδρείᾳ
593 1262 638 1305 66
667 1262 912 1330 διαφέρων,
941 1278 1045 1316 μετα
1073 1262 1260 1319 μεγάλης
1288 1266 1513 1322 δυνάμεως

134 1320 539 1376 ἱππέων’έπε’ῤῥαξε
575 1324 683 1371 τοῖς
705 1317 978 1362 Μακεδόσιν.
1036 1318 1144 1373 ε’χων
1183 1321 1228 1363 66
1265 1332 1512 1378 συναγωνκ

133 1377 241 1428 στοὶς
278 1377 561 1432 τεταγμένους
598 1374 915 1429 τετταράκοντα
952 1381 1171 1431 συγγενεῖς
1209 1375 1381 1430 αρεταῖς
1421 1382 1510 1423 δια-

134 1433 311 1490 φόρους
339 1434 522 1477 ἐνέκειτο
551 1437 639 1483 τοῖς
669 1430 975 1502 ἄνθεστηκόσι,
1017 1432 1087 1475 καὶ
1115 1435 1316 1486 θρασέως
1351 1453 1509 1490 αγωνι-
1540 1433 1596 1474 40

137 1491 315 1559 ζόμενος
346 1489 425 1541 οὺς
455 1490 534 1546 μὲν
564 1487 725 1558 ανήρει
742 1505 832 1531 των
859 1487 1192 1542 ἀνθισταμένων
1223 1490 1300 1541 οὓς
1323 1492 1368 1534 66
1390 1510 1514 1536 κατε-

15 1532 406 1628 175τραυματιζε.
477 1543 806 1596 δυςυποστατου
856 1546 902 1588 66
946 1550 1022 1600 τῆς
1059 1547 1159 1618 περὶ
1199 1546 1334 1591 αὐτὸν
1368 1549 1517 1620 οὔσης

136 1605 235 1672 βίας
273 1603 296 1648 ὁ
334 1603 610 1656 Ἀλέξανδρος
646 1601 906 1655 ἐπιστρέψας
943 1603 1023 1644 τόν
1062 1603 1195 1644 ἵππον
1235 1603 1302 1646 ἐπὶ
1332 1604 1411 1648 τὸν
1441 1611 1513 1648 σαὲ

135 1660 305 1717 τράπην
342 1661 576 1715 έφίππευσε
614 1663 675 1717 τῷ
712 1657 933 1727 βαρβάρῳ.
992 1657 1016 1701 ὁ
1056 1660 1101 1701 δὲ
1132 1660 1302 1716 Πέρσης
1329 1664 1514 1717 νομίσας

130 1718 256 1771 παρὰ
282 1733 371 1760 των
399 1721 517 1759 θεῶν
549 1705 668 1771 αὐτῷ
698 1703 907 1758 δεδόσθαι
934 1714 1014 1757 τόν
1035 1719 1109 1770 τῆς
1130 1719 1400 1772 μονομαχίας
1421 1737 1511 1762 και
1542 1717 1595 1758 45

139 1772 235 1827 ρόν,
266 1776 302 1817 εἰ
331 1771 593 1830 συμβησεται
622 1770 694 1815 δια
722 1776 798 1826 τῆς
827 1773 938 1822 ι’δίας
945 1769 1258 1842 ἀνδραγαθίας
1280 1774 1515 1829 ἐλευθερω-

136 1833 274 1901 θηναι
301 1834 389 1873 τῶν
419 1831 631 1896 μεγίστων
659 1828 813 1884 φόβων
841 1828 921 1884 τήν
945 1826 1095 1871 Ἀσίαν
1124 1830 1197 1872 uc),
1218 1829 1297 1886 τὴν
1312 1834 1514 1888 περιβόη

137 1903 217 1929 τον
244 1884 533 1940 Ἀλεξάνδρου
565 1884 731 1940 τόλμαν
767 1889 860 1935 ταῖς
898 1886 1029 1936 ἰδίαις
1065 1887 1184 1940 χερσὶ
1211 1893 1515 1944 καταλυθῆναι

139 1943 214 1986 καὶ
243 1942 322 1999 τήν
350 1946 438 1986 τῶν
468 1945 655 1995 Περσῶν
684 1941 816 1993 δόξαν
845 1940 903 1996 μὴ
931 1947 1318 1999 καταισχυνθῆναι,
1349 1945 1514 2000 φθανει

138 2000 285 2056 βαλών
311 1999 361 2074 τὸ
390 2000 574 2043 σαυνίον
603 1998 671 2042 ἐπὶ
708 1999 788 2042 τὸν
812 1996 1110 2054 Ἀλέξανδρον,
1156 2001 1230 2043 καὶ
1259 2000 1377 2044 οὕτω
1407 2003 1511 2059 μετα
1542 2000 1596 2042 50

137 2134 195 2170 19.
242 2131 354 2178 δέκα]
382 2132 524 2170 δωδεκα
547 2134 607 2168 FL
789 2131 946 2170 ὄπισθεν
971 2135 1041 2178 FL,
1068 2135 1195 2169 caeteri
1221 2132 1353 2171 ὄπισθε

136 2179 434 2237 ἐπιτεταγμένοι]
469 2179 620 2222 ἑστῶτες
640 2179 852 2224 τεταγμένοι
875 2182 933 2214 FL
1092 2177 1298 2226 267332011]
1334 2181 1430 2227 εἶχον
1454 2195 1512 2219 su-

137 2226 331 2272 prascrffpto
362 2239 386 2271 η
417 2227 448 2260 F
653 2228 936 2282 καταπονῆσαι]
967 2226 1237 2271 καταπονήσειν
1269 2229 1329 2262 FL

136 2273 193 2308 22.
240 2272 520 2318 συμπεσόντων]
545 2271 778 2330 ἐμπεσόντων
802 2274 833 2306 F
1016 2274 1072 2308 25.
1121 2273 1299 2328 έαυτους]
1327 2273 1464 2329 αὐτοις
1480 2278 1510 2309 F

322 2319 379 2354 26.
427 2319 462 2364 {¹2
467 2332 518 2353 ων
541 2319 635 2354 notro}
656 2317 699 2355 2¹6
733 2318 854 2363 δεξιόν
882 2332 913 2353 κ.
926 2319 939 2362 ]
981 2319 1074 2355 κατὰ
1095 2317 1135 2355 τὸ
1162 2318 1281 2363 δεξιὸν
1305 2334 1336 2354 n.
1362 2334 1453 2365 ,ἒχων
1478 2323 1511 2359 'J

138 2365 221 2400 Bas.
357 2365 414 2399 29.
440 2365 557 2408 ἐποίει
577 2367 617 2404 F
642 2366 772 2400 caeteri
794 2365 952 2400 ἐποιεῖτο
1090 2367 1145 2400 30.
1170 2365 1360 2410 εὐρώστως
1387 2379 1457 2402 om.
1482 2369 1512 2401 F

318 2411 376 2445 34.
424 2406 687 2467 σ’πιθ-ρωβάτης
718 2413 749 2445 F
942 2411 999 2446 36.
1046 2411 1158 2457 μετὰ]
1192 2413 1254 2448 καὶ
1276 2426 1368 2457 μετα
1391 2415 1421 2447 F

164 2496 165 2499 Ἴ
228 2455 285 2490 38.
334 2458 397 2492 δια
399 2457 566 2502 φόρους]
591 2459 839 2515 διαφέροντας
861 2458 892 2491 F

230 2501 310 2537 175.
336 2503 402 2537 ·.43
449 2506 501 2549 τῷ
522 2503 746 2560 βαρβάρῳ]
749 2504 816 2538 τὸν
839 2501 1031 2551 βάρβαρον
1054 2504 1085 2537 F
1251 2504 1309 2538 47.
1355 2501 1513 2547 Ἀλεξάν-

141 2548 234 2591 δρου
258 2567 302 2573 -
328 2548 383 2583 48.
419 2539 484 2585 uoci
515 2550 581 2594 τήν
611 2550 648 2585 ῐιι
677 2551 839 2595 margine
860 2551 996 2593 supplet
1017 2549 1088 2583 alia
1110 2560 1216 2583 manu
1237 2551 1285 2583 F.
1315 2550 1364 2583 sic
1388 2556 1421 2584 et
1455 2550 1514 2584 49.

141 2592 284 2637 φθάνει
306 2612 352 2620 -—
375 2595 431 2631 50.
453 2591 703 2640 Ἀλέξανδρον,
717 2607 815 2640 quae
837 2597 919 2629 dum
942 2606 1068 2640 margo
1090 2607 1143 2628 res
1138 2596 1239 2630 tituit
1261 2600 1371 2631 totum
1396 2598 1512 2629 lomm

139 2639 284 2683 apponit
307 2640 481 2674 devectum
505 2642 548 2676 iis
571 2655 659 2686 quae
681 2654 716 2675 v.
741 2642 800 2677 48.
824 2647 859 2676 et
882 2642 937 2676 50.
963 2654 1032 2676 om.
1056 2642 1088 2673 Χ
1112 2642 1193 2677 Bas.
1348 2643 1406 2676 48.
1447 2655 1513 2675 κα-

139 2687 258 2720 ταλυθ
261 2686 372 2730 ῆναιΪ
395 2687 633 2732 διαλυθῆναι
660 2690 744 2730 Ba‘s.
936 2688 998 2722 καὶ
1019 2684 1085 2732 τὴν
1108 2700 1183 2721 των
1207 2690 1254 2723 Π
1274 2707 1320 2712 -
1350 2699 1511 2730 καταισχ-

139 2741 208 2765 om.
234 2732 294 2765 Lx
317 2732 416 2772 Bae„
439 2733 574 2778 Cospus
730 2734 786 2802 50.
828 2733 892 2770 καὶ
916 2732 1015 2770 οὕτω
1038 2752 1084 2758 -
1106 2733 1164 2769 51.
1183 2731 1419 2778 Ἀλεξάνδρου
1444 2745 1513 2768 om.

139 2777 205 2811 ΤΧ
221 2775 320 2821 Bas„
342 2779 478 2821 Cospus
628 2799 630 2801 v
743 2811 751 2814 ..
936 2812 939 2815 Δ

1186 2841 1242 2880 74
