1820 3249
398 668 774 710 ΔΙΟΔΩΡΟΤ
814 668 950 710 ΤΟΥ
983 667 1458 710 ΣΙΚΕΛΙῼΤΟΤ
1629 664 1694 699 257

243 772 942 821 ΒΙΒΛΙΟΘΗΚΗΣ
1039 775 1625 821 ΙΣΤΟΡΙΚΗΣ

509 883 746 920 ΒΙΒΛΟΣ
787 882 1353 918 οΚΤιιΚΑΙΛΕΚΑΤΗ.

192 1094 215 1132 1
246 1052 553 1140 Πυθαγόρας
592 1084 616 1130 ὁ
655 1085 829 1142 Σάμιος
865 1088 940 1131 καί
975 1104 1088 1139 τινες
1126 1088 1265 1143 ἕτεροι
1303 1103 1394 1131 των
1422 1091 1621 1131 παλαιῶν

245 1146 445 1195 φυσικων
484 1141 766 1214 ἀπεφήναντο
804 1142 883 1195 τοὶς
919 1144 1061 1214 ψυχας
1089 1148 1177 1187 τῶν
1206 1144 1458 1215 ἀνθρώπων
1484 1142 1620 1200 ὑπάρ-

192 1206 217 1247 5
246 1214 338 1253 χειν
374 1196 648 1251 ἀθανάτους·
694 1199 955 1251 ακολούθως
992 1201 1038 1244 δὲ
1068 1205 1129 1258 τῷ
1161 1201 1345 1271 δόγματι
1372 1199 1517 1271 τούτῳ
1549 1202 1623 1245 καὶ

248 1254 567 1325 προγινωσκειν
607 1255 743 1308 αὐτὰς
780 1257 834 1301 τὰ
875 1258 1088 1313 μέλλοντα
1127 1258 1238 1301 καθ’
1279 1257 1332 1301 ὃν
1371 1257 1430 1300 ἂν
1463 1258 1622 1312 καιρὸν

247 1310 294 1353 έν
330 1329 384 1368 τῃ
421 1317 598 1380 τελευτῇ
633 1313 712 1357 τὸν
750 1312 834 1358 ἀπὸ
875 1319 956 1357 τοῦ
985 1315 1185 1370 σώματος
1195 1315 1444 1386 χωρισμὸν
1462 1319 1622 1358 ποιῶν-

247 1384 331 1410 ται.
389 1368 562 1420 τούτοις
603 1371 650 1413 δὲ
690 1371 803 1414 εόικε
842 1376 1097 1441 συμφωνεῖν
1135 1371 1210 1414 καὶ
1239 1370 1262 1415 ὁ
1294 1386 1366 1414 πο’
1356 1370 1473 1427 ητὴς
1489 1370 1624 1428 ”Ομη-

167 1439 218 1478 10
248 1440 337 1479 ρος,
366 1426 642 1495 παρειςοὲγων
665 1425 746 1470 τόν
763 1426 955 1482 Ἐκτορα
983 1427 1092 1471 κατοὶ
1122 1427 1201 1471 τὸν
1219 1431 1295 1484 τῆς
1313 1431 1512 1496 τελευτῆς
1532 1445 1624 1471 και-

247 1480 328 1534 ρόν
359 1482 626 1538 προλέγοντα
653 1487 716 1542 τῷ
740 1483 921 1540 Ἀχιλλεῖ
948 1484 1027 1528 τὸν
1056 1484 1265 1538 μέλλοντα
1295 1483 1521 1540 συντόμως
1550 1483 1624 1528 αὖ

246 1541 308 1596 τῷ
338 1529 746 1608 συνακολουθήσειν
774 1542 986 1584 θάνατον.
1044 1542 1205 1597 ὁμοίως
1228 1541 1274 1584 δὲ
1293 1542 1368 1584 καὶ
1392 1557 1501 1584 κατα
1519 1542 1624 1593 τοὺς

244 1583 488 1649 νεωτέρους
515 1595 705 1652 χρόνους
735 1597 803 1641 ἐπὶ
823 1602 998 1641 πολλῶν
1017 1596 1408 1666 καταστρεφόντων
1427 1597 1506 1641 τὸν
1514 1601 1624 1669 βίον

247 1652 481 1722 ἱστορεῖται
518 1653 744 1709 γεγονέναι
780 1655 830 1698 τὸ
869 1655 1207 1723 προειρημένον,
1246 1655 1320 1698 καὶ
1349 1653 1524 1725 μαλιστ’
1555 1655 1625 1698 ἐπὶ

168 1714 219 1755 15
248 1711 325 1763 τῆς
361 1706 644 1766 Ἀλεξάνδρου
680 1714 763 1754 τοῦ
807 1710 1067 1762 Μακεδόνος
1103 1715 1311 1766 τελευτῆς.
1370 1712 1512 1782 οὐτ’ρς
1531 1711 1624 1781 γὰρ

249 1764 296 1807 ἐν
335 1768 572 1820 Βαβυλωνι
612 1765 912 1821 μεταλλαττων
948 1766 1026 1811 τὸν
1065 1770 1166 1822 βίον
1197 1767 1305 1811 κατοὲ
1331 1766 1415 1836 τὴν
1445 1767 1625 1825 ἐσχάτην

250 1820 478 1890 ἀναπνοήν
514 1822 748 1884 ἐρωτηθεὶς
776 1822 861 1867 ὑπὸ
891 1828 981 1868 τῶν
1009 1826 1151 1880 φίλων
1180 1826 1266 1867 τίνι
1295 1823 1374 1893 τῂν
1402 1827 1625 1877 βασιλείαν

249 1876 468 1922 ἀπολείπει
505 1885 596 1923 εἰπε
642 1885 712 1938 Τῷ
752 1878 938 1951 οἷρίστῳ·
983 1884 1243 1936 προορῶμαι
1279 1881 1361 1936 γὰρ
1392 1881 1624 1951 ἐπιτάφιον

247 1935 384 2004 μέγαν
424 1934 571 1990 οἷγῶνοι
611 1926 904 1993 γενησόμενόν
948 1955 1023 1993 μοι
1064 1942 1153 1980 τῶν
1189 1939 1341 1992 φίλων.
1406 1936 1510 1992 ὅπερ
1551 1939 1624 1982 καὶ

166 1995 221 2034 20
249 1990 360 2044 πρὸς
389 1990 598 2047 ἀληθειαν
629 1994 772 2050 ἐξέβη·
805 1996 849 2037 οἱ
876 1993 960 2050 γαρ
992 1994 1328 2063 ἐπιφανέστατοι
1360 1998 1448 2037 τῶν
1481 1997 1623 2050 φίλων

250 2045 362 2117 νπὲρ
403 2053 482 2092 τοῦ
521 2052 740 2103 πρωτείου
771 2051 1060 2120 διενεχθέντες
1088 2050 1278 2101 πολλοὺς
1306 2050 1522 2121 πολέμους
1549 2051 1625 2094 καὶ

250 2103 464 2159 μεγαλους
506 2104 681 2175 ἅγωνας
720 2107 1038 2162 συνεστήσαντο
1079 2106 1185 2178 μετὰ
1225 2106 1303 2160 τὴν
1339 2106 1623 2161 Ἀλεξάνδρου

249 2162 462 2233 τελευτήν.
521 2161 598 2214 τοὶς
634 2163 681 2206 δὲ
718 2165 1071 2213 συντελεσθείσας
1104 2162 1185 2207 ὑπ’
1218 2163 1364 2206 αὐτῶν
1392 2163 1565 2218 πράξεις
1594 2165 1622 2220 ἦ

251 2218 404 2273 βίβλος
451 2217 561 2275 αὕτη
609 2219 868 2275 περιέχουσα
903 2220 1091 2289 ποιήσει
1139 2221 1334 2274 φανερόν
1382 2220 1430 2263 τό
1484 2221 1621 2276 ῥηθὲν

168 2277 221 2318 25
252 2280 343 2325 τοῖς
383 2279 832 2330 φιλαναγνωστοῦσιν.
890 2275 916 2332 ἡ
963 2293 1042 2331 μεν
1089 2293 1173 2330 γαρ
1215 2276 1301 2329 πρό
1358 2276 1515 2332 ταύτης
1561 2280 1621 2331 βί

249 2333 352 2386 βλος
389 2333 467 2386 τοὶς
502 2331 788 2388 Ἀλεξανδρου
833 2333 1012 2388 πραξεις
1053 2331 1224 2384 ἁπάσας
1261 2335 1510 2390 περιείληφε
1553 2334 1621 2390 μέ-

340 2523 421 2558 257,
471 2523 571 2559 inser.
597 2529 643 2560 Δ.
668 2543 709 2553 -·
738 2523 956 2570 ὄκτωκαιδ.]
993 2537 1063 2560 om.
1083 2526 1141 2566 lv,
1167 2530 1209 2560 A.
1239 2527 1283 2560 Σ.
1306 2524 1480 2570 ιστοριων
1504 2539 1542 2571 ιη
1567 2527 1625 2563 λό-

251 2579 315 2613 γος
345 2569 428 2604 Bas.
610 2571 644 2607 5.
692 2573 743 2616 τῷ
768 2583 836 2605 om.
862 2573 943 2606 Bas.
1125 2570 1391 2616 προγινώσκειν
1415 2573 1462 2615 F,
1496 2573 1624 2608 caeteri

248 2614 533 2659 προγιγνώσκειν
716 2618 772 2652 12.
820 2614 860 2651 δὲ
884 2616 966 2660 και]
1002 2614 1044 2652 δὲ
1066 2618 1094 2651 V
1120 2622 1153 2652 et
1175 2619 1323 2652 fortasse
1346 2619 1376 2652 F
1560 2633 1624 2654 κοι-

249 2661 555 2717 τοιστρεφόντων]
583 2661 916 2719 καταστραφέντων
938 2663 969 2696 F
1153 2664 1210 2698 14.
1257 2659 1406 2707 μάλιστ’
1429 2665 1472 2706 F,
1496 2666 1622 2699 caeteri

247 2705 405 2750 μάλιστα
586 2709 641 2744 16.
689 2707 789 2755 υπὸ]
814 2706 916 2752 παρὰ
939 2709 968 2741 F
972 2708 1045 2743 VW
1229 2711 1287 2745 22.
1335 2708 1618 2755 συνεστήσαντοΙ

249 2753 474 2799 συνέστησαν
500 2755 529 2789 F
713 2756 772 2791 25.
820 2759 897 2800 post
920 2752 1054 2800 ταύτης
1078 2755 1191 2790 delevi
1215 2758 1491 2793 συντελεσθεῖσα
