1820 3249
360 141 468 181 1062
721 138 831 180 [ΑΒ.
873 137 980 179 XVI.
1039 138 1166 181 GAP.
1196 138 1262 181 22.
1292 142 1356 183 23.

275 254 327 294 (30
357 250 586 306 μέλλοντος
616 248 778 319 ὀλίγοις
808 248 1089 320 στρατιώταις
1117 250 1224 305 πρὸς
1250 250 1354 302 τούς
1383 249 1603 305 σατράπας
1631 255 1720 298 δια-

357 307 611 361 γωνίζεσθαι
640 306 855 372 μυριάδας
885 306 989 350 ἑπτα
1017 311 1293 374 στρατιωτῶν
1324 309 1525 363 ἔχοντας,
1554 321 1719 378 συμμα-

291 413 296 418 .
354 362 564 418 χήσαντος
593 363 711 417 αὐτῷ
741 361 940 418 Χάρητος
969 360 1086 420 πάση
1115 367 1167 419 τῇ
1198 363 1390 433 δυνάμει,
1419 365 1493 408 καὶ
1518 364 1718 419 νικήσαν-

353 436 441 471 τος
454 419 532 476 τὴν
559 423 640 462 τοῦ
667 419 875 491 βασιλέως
905 418 1106 487 δύναμιν,
1137 420 1161 463 ὁ
1190 420 1269 489 μὲν
1295 420 1551 476 Ἀρτάβαζος
1571 421 1718 465 ἀποδι-

272 479 324 520 65
356 474 459 527 δούς
489 480 563 531 τῆς
591 474 835 533 εὐεργεσίας
871 473 1049 532 χάριτας
1078 475 1324 532 ἐδωρήσατο
1354 482 1526 547 πλῆθος
1554 478 1717 534 χρημά-

352 548 460 584 των,
503 532 545 584 ἐξ
574 534 637 575 ὠν
667 532 858 576 δυνατὸν
886 533 943 588 ἠν
971 537 1115 576 πασαν
1145 533 1229 588 τήν
1258 533 1448 604 δύναμιν
1478 532 1717 587 οψωνιάζε-

352 593 469 631 σθαι.
531 589 573 631 οἱ
610 586 654 631 δ’
689 587 917 659 ᾌθηναῖοι
948 589 998 632 τὸ
1036 590 1115 645 μὲν
1133 593 1318 658 πρῶτον
1348 589 1606 642 ἀπεδέξαντο
1638 591 1717 646 την

350 645 506 698 πρᾶξιν
536 648 617 687 τοῦ
645 645 859 700 Χάρητος,
889 644 1075 699 ὕστερον
1105 645 1150 689 δὲ
1178 651 1257 691 τοῦ
1286 647 1495 703 βασιλέως
1517 646 1717 703 πρέσβεις

351 699 681 752 ἀποστείλαντος
729 703 802 745 καὶ
844 706 1224 771 κατηγοροῦντος.
1239 707 1321 746 τοῦ
1360 704 1605 773 Χάρητοςζ,
1633 704 1716 760 τήν

268 757 320 797 70
352 757 551 800 ἐναντίαν
580 757 705 829 ἔσχον
732 755 931 814 γνιόμην·
963 759 1142 828 διεδόθη
1171 758 1254 814 γάρ
1284 758 1412 815 λόγος
1442 759 1508 804 ότι
1528 764 1620 811 τοῖς
1640 776 1717 804 πο-

319 815 510 868 λεμίοις
537 829 626 857 των
651 812 896 883 Ἀθηναίων
924 815 1127 886 βασιλεύς
1145 815 1420 870 ἐπηγγείλατο
1446 818 1716 874 τριακοσίαις

347 870 476 913 ναυσὶ
506 871 957 942 συγκαταπολεμήσειν
984 871 1088 922 τούς
1115 871 1381 927 Ἀθηναίους.
1427 871 1550 916 ταῦτ’
1586 875 1669 916 οὑν
1689 871 1714 917 5

348 928 484 994 δῆμος
524 927 780 995 εὐλαβηθεὶς
819 928 959 982 ἔκρινε
997 928 1327 974 καταλύσασθαι
1362 928 1440 972 τὸν
1477 928 1585 984 πρὸς
1613 927 1719 980 τούς

346 980 641 1051 ἀφεστηκότας
669 983 880 1039 πόλεμον·
912 984 1054 1040 εὑρων
1072 985 1119 1028 δε
1137 984 1366 1035 κάκείνους
1391 986 1716 1055 ἐπιθυμοῦντας

264 1039 315 1088 75
345 1042 421 1092 τῆς
450 1037 635 1110 εἰρήνης,
653 1041 831 1111 ραδίως
860 1041 973 1095 πρὸς
1003 1041 1164 1092 αὐτους
1192 1041 1432 1088 διελύσατο.
1480 1040 1504 1085 ὁ
1529 1042 1608 1096 μὲν
1631 1045 1714 1085 οὐν

329 1096 611 1150 συμμαχικός
640 1095 906 1152 όνομασθὲὶς
934 1097 1120 1154 πόλεμος
1150 1102 1354 1141 τοιοῦτον
1385 1098 1477 1152 ἔσχε
1507 1098 1556 1141 τὸ
1578 1099 1714 1149 τέλος,

345 1152 608 1206 διαμείνας’
595 1153 666 1208 ε’τη
694 1156 821 1209 τρία.-
826 1195 833 1200 ,
862 1156 974 1201 κατὰ
1002 1157 1047 1199 δὲ
1076 1155 1168 1212 τήν
1184 1156 1469 1203 Μακεδονίαν
1498 1159 1610 1208 τρεῖς
1639 1157 1714 1209 βα-

345 1212 474 1258 σιλεΐς
505 1209 772 1280 συνέστησαν
802 1211 870 1255 ἐπὶ
898 1211 977 1257 τόν
1009 1213 1238 1261 Φίλιππον,
1269 1210 1294 1253 ὅ
1330 1227 1374 1254 τε
1403 1215 1491 1254 τῶν
1525 1215 1713 1267 Θρᾳκῶν

261 1268 312 1310 80
342 1265 414 1306 καὶ.
434 1265 648 1310 Παιόνων
672 1268 748 1310 καὶ
764 1266 993 1354 Ἰλλυριῶν.
1034 1269 1157 1311 οὗτοι
1186 1267 1270 1331 γάρ
1300 1266 1421 1318 ὄντες
1443 1267 1602 1322 ὅμοροι
1620 1271 1713 1318 τοῖς

314 1323 592 1375 Μακεδόσι,
624 1324 722 1372 καὶ
720 1322 809 1393 τὴν
838 1323 1018 1394 αὔξησιν
1047 1323 1335 1394 ὑφορωιιενοι
1359 1328 1442 1367 τοῦ
1475 1326 1712 1396 Φιρίππου,

336 1376 447 1420 καθ’
486 1378 672 1430 ἑαυτούς
719 1380 809 1435 μὲν
839 1379 922 1424 οὐκ
961 1383 1072 1435 ἦσαν
1111 1379 1338 1435 ἀξιόμαχοι
1379 1396 1711 1449 προηττημένοι,

337 1437 465 1491 κοινῇ
506 1435 559 1483 δε
591 1439 882 1490 πολεμοῦντες
921 1436 1141 1491 ὑπέλαβον
1171 1437 1343 1493 ραδίως
1362 1434 1496 1479 αὐτοῦ
1523 1437 1711 1489 περιέσε-

335 1495 451 1534 σθαι.
494 1491 644 1546 διόπερ
672 1491 973 1547 άθροιζόντων
992 1510 1068 1544 τας
1086 1492 1306 1561 δυνάμεις,
1338 1492 1562 1547 ἐπιφανεὶς
1581 1492 1711 1536 άσυν-
1729 1506 1772 1540 99

258 1549 309 1591 75
337 1546 508 1598 τάκτοις
543 1549 618 1591 καὶ
653 1549 1031 1606 καταπληξάμενος
1063 1547 1282 1606 ἠνάγκασε.
1311 1549 1584 1605 προςθέσῧαι
1620 1555 1711 1601 τοῖς

276 1638 277 1641 ,
339 1601 607 1649 Μακεδόσιν.

253 1664 307 1703 ‘23
360 1697 362 1699 .
448 1659 540 1704 Ἐπ’
568 1661 793 1716 άρχοντος
831 1660 878 1706 δ’
905 1661 1116 1731 Ἀθηνησι
1144 1661 1475 1730 Καλλιστράτου
1507 1660 1710 1717 Ῥωμαῖοι

337 1715 602 1772 κατέστησαν
639 1718 837 1769 ὑπάτους
871 1718 1068 1771 Μάρκον
1108 1717 1278 1773 Φάβιον
1309 1719 1384 1762 καὶ
1414 1716 1550 1761 Γάϊον
1585 1719 1710 1762 Πλώ-

255 1778 308 1816 {30
337 1789 445 1817 τιον.
505 1774 576 1818 ἐπὶ
611 1774 658 1817 δὲ
693 1773 863 1818 τούτων
892 1774 914 1818 ὁ
945 1775 1128 1843 κληθεὶς
1150 1775 1266 1828 ἱερός
1294 1773 1482 1843 πόλεμος
1512 1776 1709 1843 συνέστη,

335 1831 416 1900 καὶ
440 1829 656 1885 διέμεινεν
696 1831 767 1887 ἔτη
808 1830 945 1874 ἐννέα.
1022 1829 1267 1899 Φιλόμηλος
1308 1848 1393 1886 γαρ
1440 1829 1463 1874 ὁ
1515 1830 1709 1885 Φωκεύς,
1742 1841 1755 1847 ‘

336 1884 459 1955 ἀνὴρ
482 1886 639 1940 θράσει
676 1903 751 1930 και
779 1889 1031 1955 παρανομία
1061 1887 1312 1942 διαφέρων,
1344 1886 1600 1941 κατελάβετο
1630 1888 1710 1943 μὲν

334 1941 398 1989 τὸ,
419 1942 473 1985 ἐν
485 1947 676 1999 Δελφοῖς
705 1942 839 1997 ἱερόν,
868 1944 1066 1996 ἐξέκαυσε
1097 1944 1143 1987 δὲ
1171 1943 1250 1987 τόν
1279 1943 1400 1998 ἱερὸν
1427 1942 1614 1998 πόλεμον
1636 1945 1707 1989 διοὲ

335 1998 539 2050 τοιαύτας
575 2000 694 2051 τινας
732 2001 882 2051 αἰτίας.
941 2002 1303 2054 Λακεδαιμονίων
1343 1999 1455 2056 πρὸς
1483 1987 1709 2052 Βοιωτους

253 2056 304 2098 35
336 2055 770 2127 διαπολεμησάντων
783 2055 860 2100 τὸν
891 2056 1161 2111 Λευκτρικὸν
1189 2055 1390 2127 πόλεμον
1419 2056 1489 2099 καὶ
1519 2073 1708 2101 καταπο-
1734 2082 1737 2083 ’

336 2112 623 2167 λεμηθέντων,
652 2115 696 2156 οἱ
724 2112 802 2167 μὲν
835 2116 1041 2182 Θηβαιοι
1052 2113 1125 2157 δια
1147 2129 1228 2169 την
1258 2096 1499 2168 κατάληψιν
1526 2130 1601 2168 της
1618 2117 1708 2157 Κα-

335 2171 485 2238 δμείας
504 2170 625 2220 δίκας
645 2169 866 2225 μεγαλας
851 2169 1137 2238 επαγαγόντες
1166 2174 1256 2220 τοῖς
1276 2171 1675 2224 Λακεδαιμονίοις’
1658 2187 1707 2214 εν

334 2223 634 2280 Ἀμφικτύοσι,
665 2227 952 2270 κατεδίκασαν
982 2225 1143 2277 αὐτούς
1168 2226 1345 2275 πολλοῖς
1376 2225 1602 2281 χρημασιν.
1660 2229 1706 2270 οἱ

253 2286 305 2323 90
337 2282 382 2324 δὲ
418 2285 582 2331 Φωκεῖς
619 2283 956 2337 ἐπεργασάμενοι
998 2282 1164 2337 πολλὴν
1202 2286 1277 2336 τῆς
1317 2284 1434 2352 ἱερᾶς
1462 2282 1602 2337 χώρας
1631 2288 1707 2339 τῆς

333 2336 655 2407 ὀνομαζομένης
692 2340 906 2409 Κιρραίας
946 2341 1068 2390 δίκας
1103 2338 1293 2393 υπέσχον
1332 2338 1380 2381 5v
1408 2336 1703 2393 Ἀμφικτύοσι,

331 2394 404 2436 καὶ
443 2400 620 2444 πολλοῖς
661 2395 889 2446 ταλάντοις
926 2397 1259 2468 κατεκρίθησαν
1323 2392 1406 2437 οὐκ
1447 2396 1704 2440 ἐκτινόντων

333 2448 378 2492 δ’
410 2449 555 2492 αὐτων
585 2450 636 2493 τά
668 2450 780 2506 όφλ
759 2469 919 2507 ηιιατα,
964 2469 1006 2496 οι
1036 2453 1113 2505 μὲν
1144 2449 1452 2522 ἱερομνήμονες
1485 2452 1530 2494 ἐν
1558 2451 1703 2508 Ἀμφι-

332 2504 484 2550 κτύοσι
528 2507 806 2563 κατηγόρουν
852 2514 940 2551 τῶν
996 2508 1211 2559 Φωκέων,
1267 2509 1340 2549 καὶ
1381 2507 1429 2550 τὸ
1471 2509 1702 2564 συνέδριον

334 2663 390 2697 6⁴3.
439 2661 548 2700 ἆπεδε
537 2663 684 2710 ξαντο]
714 2665 928 2721 έπεδὲξοιντο
959 2666 1040 2699 Bas
1225 2666 1280 2701 77.
1327 2668 1410 2710 τρία
1435 2668 1587 2711 Cospus,
1625 2678 1702 2701 cae-

335 2709 398 2743 mi
421 2711 574 2755 τέτταρα
757 2714 814 2747 83.
861 2708 1069 2756 υπέλαβον]
1099 2723 1168 2746 vn:-
1161 2710 1283 2755 ἔβαλον
1309 2713 1388 2749 Bas.

425 2767 479 2802 51³9.
512 2767 566 2802 87.
615 2768 867 2814 ἐπαγαγόντες]
902 2765 1196 2813 έπάγοντεςῦίθι
