1820 3249
491 135 748 179 LlB.XV1.
806 136 1030 180 cAP.48
1057 140 1488 181 49.1⁰87

117 252 234 308 η’ξειν
270 251 358 311 τὴν
394 250 601 306 Μέμφιν,
625 249 805 319 ἔκρινε
823 247 982 306 ταύτης
1017 246 1202 319 μάλιστα
1241 249 1485 306 προνοήσα-

119 316 244 353 σθαι·
303 312 431 358 οὑτος
466 307 547 362 ’μὲν
586 308 670 349 οῦν
705 304 809 361 μετὰ
849 309 925 374 τῆς
963 307 1062 375 περὶ
1098 304 1236 349 αὐτὸν
1283 312 1486 360 στρατιᾶς

117 364 368 409 ἐπανελθων
405 365 465 414 εἰς
494 361 677 419 Μέμφιν
714 362 765 405 τοὶ
799 361 909 418 πρὸς
944 361 1025 419 τήν
1060 363 1318 417 πολιορκίαν
1347 379 1483 419 παρε-

118 420 354 473 σκευάζετο.
1511 444 1567 482 4«,

221 476 270 520 ‘0
309 477 355 520 65
388 477 464 531 τῆς
500 474 674 530 πρώτης
708 475 882 528 μερίδος
919 472 1221 530 ἀφηγούμενος
1248 474 1479 530 Λακράτης
1510 502 1536 540 5

114 532 138 576 6
172 536 359 589 Θηβαῖος
387 533 456 575 ἐπὶ
485 531 564 588 τὴν
589 536 670 575 τοῦ
703 532 954 586 Πηλουσίου
979 533 1237 586 πολιορκίαν
1266 531 1480 601 ὥρμησεν

114 589 388 642 ἀποστρέψας
418 588 463 631 δὲ
491 592 565 643 τῆς
595 586 810 642 διώρυγος
839 587 886 631 τό
899 589 1056 657 ρεῦμα
1085 587 1195 656 πρὸς
1214 587 1338 651 ἕτερα
1362 589 1485 657 μέρη,

115 647 190 690 καὶ
216 645 293 689 τὸν
323 643 678 716 ἀναξηρανθέντα
693 644 829 688 τόπον
848 643 1000 700 χώσας,
1027 645 1218 699 μηχανάς
1238 645 1481 700 προςήγαγε

114 707 168 759 τῇ
197 702 333 745 πόλει.
394 701 462 745 ἐπὶ
500 700 613 744 πολὺ
650 701 695 744 65
734 700 865 756 μέρος
894 701 1115 744 πεσόντων
1143 705 1231 743 τῶν
1260 717 1410 757 τειχων
1438 703 1482 744 οἱ

112 761 162 802 τὸ
172 757 449 831 Πηλούσιον
477 762 777 827 φρουροῦντες
806 757 937 810 ὀξέως
965 756 1341 829 ἀντωκοδόμησαν
1362 758 1483 812 ἕτερα
1518 756 1566 794 10

113 815 184 858 καὶ
225 816 422 870 πύργους
461 815 663 866 ξυλίνους
702 813 956 869 αξιολόγους
1004 813 1259 871 ἀνέστησαν.
1324 814 1394 857 ἐπὶ
1437 813 1482 857 δέ

111 888 232 923 τινας
258 871 422 928 ἡμέρας
451 875 659 941 συνεχοῦς
677 871 907 942 γινομένης
923 875 997 926 τῆς
1018 872 1301 926 τειχομαχίας,
1332 871 1380 915 τὸ
1392 871 1482 942 μὲν

43 932 291 984 ιθοπριότον
320 945 362 972 οι
390 927 498 971 κατὰ
527 929 575 971 τὸ
607 927 877 997 Πηλούσιον
877 927 1079 999 Έλληνες
1099 929 1354 982 έρῤωμένως
1375 926 1482 984 η’μύ-

110 1001 245 1029 ναντο
284 984 388 1034 τούς
430 988 793 1037 πολιορκοῦντας·
843 1001 901 1035 ως
940 984 984 1028 6'
1023 984 1242 1028 ἐπύθοντο
1281 985 1360 1040 τὴν
1397 988 1481 1028 τοῦ
1511 982 1563 1025 15

111 1041 321 1111 βασιλέως
363 1040 639 1096 ἀναχώρησιν
667 1042 727 1091 εἰς
756 1040 964 1096 Μέμφιν,
1011 1042 1352 1096 καταπλαγέντες
1380 1042 1481 1095 περὶ

110 1096 345 1148 διαλύσεως
374 1097 701 1168 ἐπρεσβεύοντο.
747 1101 828 1141 τοῦ
858 1098 904 1141 65
933 1098 1189 1150 Λακράτους
1219 1098 1372 1148 δόντος
1404 1097 1480 1141 αύ-

110 1160 202 1206 τοῖς
230 1154 303 1197 διὰ
329 1157 417 1197 τῶν
453 1153 599 1208 όρκων
630 1156 793 1204 πίστεις
829 1171 898 1198 οτι
934 1153 1230 1223 παραδόντων
1253 1154 1401 1198 αὐτῶν
1429 1155 1478 1197 τὸ

112 1212 367 1281 Πηλούσιον
410 1208 842 1282 ἅποκομισθήσονται
886 1209 1044 1262 πάντες
1081 1212 1142 1261 εἰς
1180 1211 1261 1281 τήν
1297 1211 1480 1255 Ἑλλάδα

110 1265 215 1337 μεθ’
242 1284 308 1311 ων
337 1266 394 1310 ἂν
422 1266 688 1338 ἐξενέγκωσι,
726 1268 975 1337 παρέδοσαν
998 1267 1048 1311 τό
1079 1267 1312 1323 φρούριον.
1372 1268 1478 1324 μετα
1508 1262 1563 1301 20

113 1324 157 1368 65
184 1328 321 1368 ταῦτα
351 1323 375 1367 6
394 1323 472 1393 μὲν
485 1321 760 1379 Ἀρταξέρξης
779 1323 996 1367 ἀπέστειλε
1017 1324 1204 1379 Βαγώαν
1226 1341 1332 1378 μετα
1357 1337 1482 1380 στρα-

110 1384 276 1424 τιωτῶν
304 1379 539 1447 βαρβάρων
567 1379 936 1450 παραληψόμενον
963 1380 1011 1424 τὸ
1046 1381 1409 1450 Πηλούσιον·οί
1437 1382 1483 1425 65

112 1441 370 1491 στρατιῶται
397 1436 622 1490 παριόντες
651 1438 709 1488 εἰς
737 1436 786 1480 τὸ
816 1439 976 1507 χωρίον
1004 1441 1092 1480 τῶν
1121 1437 1323 1489 ἐξιόντων
1340 1437 1482 1509 Ελλή-

111 1510 206 1538 νων
243 1492 499 1562 ἀφῃροῦντο
537 1493 675 1537 πολλὰ
711 1510 799 1536 των
834 1493 912 1536 ὑπ’
952 1494 1098 1537 αὐτῶν
1126 1494 1480 1566 ἐκκομιζομένων.
1512 1488 1567 1528 25

111 1549 476 1619 ἀγανακτούντων
505 1550 550 1594 65
578 1554 666 1593 τῶν
697 1549 996 1606 ἀδικουμένων
1024 1551 1096 1594 καὶ
1115 1552 1249 1620 θεούς
1265 1553 1366 1604 τοὺς
1386 1551 1483 1595 ἐπό-

111 1623 220 1657 πτας
247 1610 336 1649 τῶν
366 1605 510 1659 ὅρκων
535 1606 853 1675 ἐπιβοωμένων,
883 1608 1174 1660 παροξυνθεὶς
1199 1607 1221 1651 6
1254 1609 1483 1664 Λακράτης

68 1709 72 1718 ,
111 1661 281 1732 τροπὴν
319 1662 490 1718 ἐποίησε
527 1667 617 1706 τῶν
658 1663 912 1718 βαρβάρων,
956 1666 1029 1707 καί
1064 1680 1186 1714 τινας
1226 1668 1484 1734 καταβαλών

113 1717 381 1791 ἐπεκούρησε
404 1724 496 1770 τοῖς
514 1720 990 1789 παρασπονδουμένοις.
1029 1725 1109 1763 τοῦ
1128 1722 1174 1764 65
1194 1720 1383 1776 Βαγώου
1404 1739 1482 1792 φυ

113 1775 287 1847 γόντος
296 1775 406 1829 πρὸς
434 1775 511 1819 τόν
538 1775 718 1846 βασιλέα
745 1777 819 1819 καὶ
849 1781 1199 1832 κατηγοροῦντος
1216 1782 1294 1820 τοῦ
1313 1778 1483 1848 Λακρα-
1514 1775 1568 1814 30

113 1849 232 1885 τους,
263 1831 287 1876 6
311 1831 625 1904 Ἀρταξέρξης’
611 1832 750 1888 ε’κρινε
777 1835 924 1876 δίκαια
953 1834 1221 1877 πεπονθέναι
1253 1833 1357 1886 τοὺς
1385 1838 1484 1891 περὶ

114 1888 192 1933 τὸν
227 1888 437 1960 Βαγώαν,
483 1890 557 1933 καὶ
585 1893 674 1932 τῶν
705 1893 891 1947 Περσῶν
919 1906 1024 1941 τους
1054 1892 1216 1942 αἰτίους
1245 1896 1318 1948 τῆς
1348 1892 1483 1948 ἁρπα-

113 1950 194 2002 γῆς
223 1944 454 1989 απέκτεινε.
509 1945 559 1989 τὸ
587 1945 665 2001 μὲν
694 1948 777 1989 οῦν
813 1946 1066 2003 Πηλούσιον
1094 1951 1253 1992 τοῦτον
1280 1949 1358 1993 τὸν
1388 1949 1482 2005 τρό-

113 2017 201 2046 πον
227 2001 452 2058 παρεδόθη
481 2007 571 2053 τοῖς
600 2003 802 2057 Πέρσαις.

225 2059 412 2114 Μέντωρ
441 2059 487 2102 65
518 2057 541 2102 6
569 2063 649 2102 τοῦ
676 2061 827 2114 τρίτου
854 2059 1012 2117 μέρους
1039 2059 1287 2133 ἡγούμενος
1313 2063 1482 2121 Βούβα-
1509 2062 1565 2105 35

115 2125 222 2158 στον
255 2115 329 2159 καὶ
367 2114 529 2167 πολλας
569 2113 702 2167 ἄλλας
740 2118 884 2186 πόλεις
917 2119 1232 2187 χειρωσάμενος
1261 2118 1486 2176 νπηκόους

115 2172 293 2242 ἐποίησε
317 2176 376 2230 τῷ
405 2175 574 2229 βασιλεῖ
603 2171 662 2216 δι’
689 2173 785 2224 ενὸς
815 2173 1174 2245 στρατηγήματος.
1225 2183 1379 2221 πασῶν
1401 2196 1483 2234 γαρ

114 2231 202 2272 τῶν
239 2218 407 2273 πόλεων
445 2228 792 2286 φρουρουμένων
828 2229 914 2274 υπὸ
954 2233 1082 2274 δυοῖν
1119 2233 1284 2287 ἐθνῶν,
1333 2233 1484 2293 Ελλή-

113 2361 149 2397 8.
195 2359 262 2410 τήν
284 2364 529 2410 πολιορκίαν]
561 2363 629 2411 τήν
652 2375 721 2399 om.
744 2364 840 2399 FL'r
861 2366 963 2407 Bas„
994 2367 1157 2403 asterisco
1180 2371 1314 2405 notavit
1336 2371 1485 2416 Stepha-

116 2419 182 2443 nus
361 2411 416 2446 12.
461 2412 529 2468 τῇς
548 2412 800 2468 τειχομαχίας]
825 2414 1057 2458 τειχομαχίας
1078 2415 1109 2449 F
1111 2415 1139 2449 L
1163 2416 1244 2450 Bas.

207 2454 376 2497 12o.14.
422 2454 634 2502 ἠμύναντο]
659 2455 848 2503 ἠμύνοντο
872 2459 930 2492 1⁸1.
932 2459 965 2492 T
1146 2462 1201 2496 15.
1250 2462 1301 2504 εἰς
1324 2462 1480 2519 Μέμφιν

116 2509 187 2533 om·
211 2501 240 2535 Ia
427 2505 484 2539 16.
531 2504 749 2548 διαλύσεως]
787 2502 988 2540 διαλύσεων
1011 2505 1043 2540 Y
1225 2504 1281 2542 17
1331 2507 1478 2557 ὅρκων]
1514 2505 1523 2512 ’

717 2562 769 2590 εις

114 2588 238 2626 οπλων
260 2591 289 2625 L
453 2594 609 2640 πίστεις]
633 2595 755 2631 πίστιν
778 2596 808 2630 F
973 2597 1031 2632 20.
1064 2597 1272 2643 παρέδοσαν
1298 2601 1359 2635 ἙΙι
1382 2603 1460 2636 Bas.
1454 2629 1476 2647 .‚

113 2637 238 2671 caeteri
262 2638 480 2683 παρέδωκαν
658 2641 715 2676 28.
763 2641 981 2689 καταβαλών
1003 2644 1062 2677 FI
1086 2645 1185 2687 Bas„
1217 2648 1343 2680 caeteri
1367 2661 1477 2682 κατα-

110 2680 236 2728 λαβών
418 2686 474 2720 35.
524 2686 735 2729 Βούβαστον
763 2690 848 2732 1:1¹,
883 2689 1007 2723 caeteri
1031 2696 1245 2743 praeponunt
1269 2695 1348 2735 καί,
1383 2695 1473 2737 quod

107 2729 273 2763 asterisco
301 2731 433 2767 notavit
455 2733 648 2778 Stephanus
851 2735 908 2771 38.
953 2732 1131 2781 Ελλήνων
1165 2738 1348 2773 Reiskius:
1389 2740 1472 2774 libri

106 2769 326 2820 Ἑλληνικῶν
