1820 3249
245 246 355 288 1232
629 240 901 283 LIB.XV11.
958 238 1221 283 GAP.100.

242 372 344 406 κεν,
374 352 621 411 ἀπέστησαν
655 350 741 397 ἀπὸ
771 355 860 396 τῶν
885 350 1172 403 Μακεδόνων.
1233 349 1545 407 ἀθροισθέντες
1573 352 1620 395 δὲ

244 415 306 464 εἰς
346 414 626 479 τριςχιλίους,
673 409 782 453 κατὰ
821 409 900 478 τὴν
929 412 988 460 εἰς
1017 408 1142 452 οἶκον
1172 407 1444 479 άνακομιδήν
1479 409 1619 452 πολλά

243 470 510 538 πονήσαντες
547 467 733 518 ὕστερον
771 464 861 509 ὑπὸ
895 471 981 509 τῶν
1011 464 1288 512 Μακεδόνων
1317 464 1620 522 κατεκόπησαν

158 536 213 575 90
243 543 360 597 μετα
375 526 454 581 τὴν
482 521 766 594 Ἀλεξάνδρου
796 522 1008 594 τελευτήν.

131 592 215 630 100
349 581 398 625 Ο
428 581 473 625 δὲ
501 579 654 631 Ἀλέξα
649 582 777 632 16909
803 579 1032 630 διασωθεὶς
1063 578 1109 622 ἐκ
1137 582 1217 622 τοῦ
1246 575 1515 633 τραύματος,
1546 576 1620 619 καὶ

241 638 386 690 θύσας
413 642 505 688 τοῖς
533 641 655 687 θεοῖς
686 634 891 690 σωτήρια,
921 635 1105 705 μεγάλας
1135 634 1339 685 ἑστιάσεις
1360 639 1446 677 τῶν
1476 634 1619 688 φίλων

243 695 442 740 ἐποιεῖτο.
499 709 617 764 παρα
658 693 703 736 δὲ
742 693 820 736 τὸν
848 692 984 736 πότον
1013 691 1130 735 ἴδιόν
1158 710 1199 735 τι
1228 692 1387 747 συνέβη
1414 690 1620 745 γενέσθαι

156 759 211 803 95
244 753 319 797 καὶ
348 750 537 820 μνήμης
547 750 681 802 ἄξιον.
730 750 776 791 ἐν
804 748 887 804 γάρ
915 754 1006 799 τοῖς
1026 748 1213 801 ἑταίροις
1232 749 1537 817 παραληφθείς
1556 762 1621 796 τις

242 809 481 860 Μακεδών,
513 806 652 861 ὄνομα
683 805 895 874 Κόραγος,
929 805 1054 862 ῥώμῃ
1082 804 1276 858 σώματος
1304 804 1526 874 διαφέρων
1547 803 1620 846 καὶ

241 864 451 916 πολλακις
481 865 527 907 ἐν
548 868 640 914 ταῖς
661 879 816 932 μαχαις
838 862 1198 918 η’νδραγαθηκώς,
1227 860 1516 915 παροξυνθεὶς
1532 858 1619 903 find
1668 867 1672 870 “

240 927 320 996 τῆς
358 921 494 977 μέθης
543 919 863 973 προεκαλέσατο
902 923 1204 974 μονομαχῆσαι
1250 916 1505 969 Διώξιππον
1543 916 1622 959 τὸν

133 989 213 1029 100
240 979 494 1049 Ἀθηναῖον,
539 975 732 1047 ἀθλητὴν
773 975 913 1030 ἄνδρα
942 976 1015 1018 καὶ
1048 980 1142 1025 ταῖς
1172 974 1528 1044 ἐπιφανεστάταις
1557 974 1621 1015 νί-

243 1054 340 1087 καις
376 1035 746 1089 ἐστεφανωμένον.
804 1036 891 1075 τῶν
931 1032 977 1075 δὲ
1017 1031 1409 1086 παρακεκλημένων
1445 1029 1515 1072 ἐπὶ
1543 1030 1621 1072 τὸν

244 1092 402 1143 πότον,
445 1090 503 1141 ὡς
533 1090 668 1141 εἰκός,
699 1088 1107 1144 συνεπιλαβομένων
1135 1092 1210 1144 τῆς
1240 1087 1511 1156 φιλοτιμίας,
1547 1086 1623 1129 καὶ

244 1153 325 1193 τοῦ
364 1149 443 1204 μὲν
472 1149 729 1198 Διωξίππου
767 1145 1171 1215 συγκαταθεμένου,
1210 1148 1289 1187 τοῦ
1329 1144 1374 1187 δὲ
1413 1141 1624 1211 βασιλέως

245 1204 414 1276 ἡμέραν
438 1207 513 1260 τῆς
541 1203 678 1259 μάχης
710 1202 939 1255 τάξαντος,
983 1201 1041 1253 ὠς
1071 1201 1094 1245 6
1125 1204 1200 1257 τῆς
1230 1202 1497 1270 μονομαχίας
1525 1199 1624 1268 χρό-

183 1266 218 1310 5
248 1280 322 1313 νος
357 1263 449 1319 ἠκε,
497 1262 653 1304 πολλαι
692 1259 898 1315 μυριάδες
928 1258 1102 1314 ἀνδρων
1133 1257 1414 1327 συνήχθησαν
1444 1256 1514 1300 ἐπι
1543 1255 1623 1311 τὴν

246 1319 370 1363 θέαν.
441 1317 514 1362 καὶ
551 1321 641 1360 τῶν
681 1333 758 1372 μεν
800 1316 1071 1360 ΝΙακεδόνων
1109 1316 1340 1384 ὁμοεθνῶν
1379 1312 1519 1356 ὄντων
1558 1330 1620 1368 τῳ

241 1373 460 1447 Κοράγῳ,
492 1375 565 1418 καὶ
596 1377 676 1417 τοῦ
708 1373 915 1428 βασιλέως
945 1371 1428 1427 συμφιλοτιμουμένου,
1456 1374 1545 1412 τῶν
1575 1358 1622 1412 6¹25

241 1432 460 1502 Ἑλλήνων
501 1435 563 1501 τῷ
592 1432 828 1486 Διωξίππῳ
861 1429 1267 1499 συναγωνιώντωνΖ
1303 1430 1525 1482 προηλθεν
1564 1428 1624 1477 εἰς

245 1489 323 1533 τὸν
354 1488 519 1558 άγωνα
532 1487 555 1531 ὁ
585 1487 664 1541 μὲν
694 1486 918 1530 Μακεδων
947 1485 1224 1529 πολυτελέσιν
1242 1482 1395 1535 ὅπλοις
1416 1494 1624 1555 κεκοσμη-

162 1554 216 1594 10
247 1546 388 1602 μένος,
422 1543 445 1588 6
476 1541 519 1588 6>
546 1543 780 1612 Ἀθηναῖος
808 1543 974 1598 γυμνὸς
1002 1540 1377 1613 ὑπαληλιμμένος,
1418 1540 1527 1596 ἔχων
1556 1544 1625 1583 πῖ-

244 1608 326 1647 λον
360 1601 621 1657 σύμμετρον.
681 1598 944 1656 ἀμφοτέρων
975 1599 1020 1643 δὲ
1048 1616 1099 1657 τη
1130 1615 1175 1642 τε
1203 1601 1283 1641 τοῦ
1313 1596 1515 1653 σώματος
1546 1597 1624 1651 ρώ-
1631 1607 1701 1642 233

393 1655 808 1673 ὶὶὶὶ

244 1677 303 1717 μῃ
334 1675 407 1702 και
435 1675 487 1715 τῃ
517 1674 593 1714 της
624 1662 755 1714 αλκης
783 1660 977 1714 υπεροχῆ
1005 1655 1364 1725 θαυμαζομένων,
1396 1655 1534 1698 οἱονεί
1560 1671 1626 1706 τις

191 1716 461 1783 θεομαχία
499 1715 716 1770 μέλλουσα
755 1715 956 1768 γίνεσθαι
993 1711 1310 1768 προςεδυκήθη
1371 1710 1395 1754 6
1433 1710 1514 1766 μὲν
1541 1728 1625 1766 γαρ

163 1781 216 1824 15
248 1771 472 1843 Μακεδων
511 1771 584 1815 διά
622 1788 666 1815 τε
703 1787 784 1828 την
813 1769 950 1825 φυσιν
979 1773 1060 1813 τοῦ
1090 1769 1289 1825 σώματος
1317 1768 1390 1811 καὶ
1418 1784 1497 1824 την
1515 1773 1626 1838 λαμ-

245 1828 440 1887 πρότητα
469 1844 560 1872 των
590 1827 736 1871 ὅπλων
767 1827 956 1896 μεγάλην
986 1826 1210 1894 ἐπιφέρων
1235 1825 1497 1895 κατάπληξιν
1504 1823 1625 1878 ’Ἀρει

245 1902 528 1957 παρεμφερης
565 1882 916 1953 ὑπελαμβάνετο,
969 1882 993 1926 6
1031 1884 1077 1926 δὲ
1116 1881 1367 1933 Διώξιππος
1404 1881 1627 1951 υπερέχων

247 1960 293 1988 τε
322 1961 373 2001 τῃ
407 1942 550 2012 ρωμῃ,
584 1942 657 1985 καὶ
688 1940 759 2011 ᾷιὰ
789 1956 869 1995 την
899 1939 945 1983 ἐκ
974 1956 1050 1994 της
1080 1938 1304 2008 ἀθλήσεως
1333 1940 1532 2009 μελέτην,
1564 1937 1626 1982 ἔτι

164 2021 221 2061 20
250 2001 297 2045 δὲ
328 1999 400 2044 διὰ
429 2015 509 2069 την
538 1999 633 2052 περὶ
654 1997 702 2042 τό
725 1996 918 2068 ρόπαλον
937 1996 1143 2052 ἰδιότητα,
1174 2013 1255 2052 την
1271 1994 1485 2049 πρόςοψιν
1498 1993 1626 2050 ”-Ηρα

247 2055 483 2112 κλεωτικήν
513 2060 636 2111 εἶχεν.
696 2053 755 2105 ὠς
786 2052 825 2097 δ’
861 2054 1021 2124 ἐπῆγον
1052 2051 1273 2122 ἀλλήλοις,
1317 2050 1340 2095 6
1372 2068 1451 2107 μεν
1480 2055 1629 2096 Μακε-

249 2114 338 2159 δών
374 2113 421 2157 ἐκ
451 2112 700 2182 συμμέτρου
730 2109 1034 2182 διαστηματος
1045 2108 1204 2165 λόγχην
1231 2107 1493 2180 ηκόντισεν,
1523 2107 1546 2152 ὁ
1578 2107 1626 2152 δ’

249 2171 394 2227 ε’τερος
424 2167 566 2240 βραχὺ
593 2169 882 2239 παρεγκλίνας
910 2183 988 2222 την
1018 2166 1333 2236 ἐπιφερομένην
1356 2163 1523 2221 πληγην
1545 2164 1627 2217 ἐξέ-

250 2240 415 2272 νευσεν.
475 2224 566 2269 εἷθ’
611 2223 634 2268 6
673 2241 752 2281 μεν
781 2223 859 2293 τὴν
896 2221 1211 2296 Μακεᾷονικην
1249 2222 1432 2292 σάρισαν
1468 2225 1626 2292 προβε-

168 2299 222 2342 25
253 2283 465 2352 βλημένος
493 2282 788 2337 ἐπεπορεύετο,
823 2280 845 2324 6
878 2278 922 2324 6'
955 2281 1204 2335 έγγισαντος
1234 2277 1374 2322 αὐτοῦ
1401 2281 1463 2333 τῷ
1493 2277 1628 2333 ῥοπά-

251 2347 312 2399 λῳ
343 2338 536 2391 πατάξας
564 2339 658 2408 τήν
673 2339 858 2392 σάρισαν
888 2336 1178 2391 απέθραυσεν.
1231 2335 1254 2378 6
1287 2334 1332 2379 δε
1359 2336 1488 2378 δυσὶν
1512 2335 1629 2379 ἐλατ-

249 2387 416 2456 τώμασι
445 2394 692 2455 περιπεσών
721 2395 789 2440 ἐπὶ
816 2410 897 2452 την
926 2392 1011 2438 άπὸ
1034 2398 1118 2438 τοῦ
1137 2394 1292 2449 ξίφους
1311 2391 1451 2449 μάχην
1470 2392 1628 2449 κατήν-

249 2522 308 2558 94.
355 2521 455 2558 ι’διόν
478 2522 537 2566 τι]
574 2521 672 2556 Ξδιον
695 2520 725 2554 Is
930 2517 989 2554 98.
1035 2516 1181 2562 μέθης]
1216 2528 1334 2562 μακης
1355 2516 1387 2552 F
1591 2518 1627 2553 2.

250 2567 573 2623 συγκαταθεμένου
595 2569 667 2611 FL,
698 2565 824 2600 caeteri
848 2563 1205 2609 συγκατατιθεμένου
1389 2562 1425 2597 3.
1471 2564 1557 2606 τῆς
1553 2563 1628 2598 μοὶ-

250 2616 342 2660 χης]
372 2616 418 2660 τῇ
436 2613 534 2660 μάχῃ
554 2614 614 2648 FL
797 2612 832 2646 6.
881 2609 948 2656 μὲν
974 2622 1045 2645 om.
1079 2611 1109 2643 F
1294 2609 1327 2646 8.
1374 2609 1628 2654 συναγωνιών-

251 2663 349 2707 των]
376 2673 578 2706 συναγωνκ
562 2659 697 2694 (φάντων
720 2659 803 2694 Bas.
878 2706 896 2738 λ
987 2656 1021 2691 8.
1068 2655 1286 2702 προῆλθεν]
1310 2657 1506 2702 προῆλθον
1529 2657 1560 2690 F

832 2715 856 2736 α
900 2715 932 2738 ει

343 2752 402 2789 10.
445 2748 763 2796 νπαληλιμμὲνος]
786 2746 1093 2794 υπηλιμμένοςΡ,
1117 2748 1141 2782 ἰ.
1160 2760 1188 2782 e.
1206 2745 1484 2794 υπηλειμμένος,
1504 2749 1631 2784 caeteri

250 2797 566 2844 ’ὖπαληλειμμένος
719 2796 850 2841 πῖλον]
875 2801 964 2830 serto
988 2796 1132 2849 cos1gus,
1157 2794 1322 2838 ρόπαλον
1346 2795 1573 2829 Hemsterhus
1577 2795 1631 2829 ius

343 2846 422 2880 238.
461 2845 518 2879 17.
565 2855 604 2878 τε
624 2855 693 2877 om.
716 2844 746 2876 F
766 2879 770 2882 ,
931 2841 988 2876 24.
1036 2840 1188 2887 σάρισαν
1210 2842 1254 2884 Τ,
1279 2840 1455 2891 σάρεισαν
1472 2842 1500 2875 F
1509 2841 1553 2886 et
1569 2838 1628 2876 26.

254 2892 409 2937 σάρισαν
428 2892 469 2933 F,
500 2891 626 2925 caeteri
646 2888 825 2933 σάρισσαν
