<?xml version="1.0" encoding="UTF-8"?>
<!DOCTYPE html PUBLIC "-//W3C//DTD XHTML 1.0 Transitional//EN"
    "http://www.w3.org/TR/xhtml1/DTD/xhtml1-transitional.dtd">
<html xmlns="http://www.w3.org/1999/xhtml" xml:lang="en" lang="en">
 <head>
  <title>
</title>
<meta http-equiv="Content-Type" content="text/html;charset=utf-8" />
  <meta name='ocr-system' content='tesseract 3.04.00' />
  <meta name='ocr-capabilities' content='ocr_page ocr_carea ocr_par ocr_line ocrx_word'/>
</head>
<body>
  <div class='ocr_page' id='page_1' title='image "./p1bibliothecahisto02dioduoft_0599.png"; bbox 0 0 1820 3249; ppageno 0'>
   <div class='ocr_carea' id='block_1_1' title="bbox 533 162 1475 206">
    <p class='ocr_par' dir='ltr' id='par_1_1' title="bbox 533 162 1475 206">
     <span class='ocr_line' id='line_1_1' title="bbox 533 162 1475 206; baseline 0 -2"><span class='ocrx_word' id='word_1_1' title='bbox 533 163 646 204; x_wconf 89' lang='lat' dir='ltr'><strong>LlB.</strong></span> <span class='ocrx_word' id='word_1_2' title='bbox 676 162 766 203; x_wconf 85' lang='lat' dir='ltr'><strong><em>XX.</em></strong></span> <span class='ocrx_word' id='word_1_3' title='bbox 824 162 952 204; x_wconf 86' lang='lat' dir='ltr'><strong>cAP.</strong></span> <span class='ocrx_word' id='word_1_4' title='bbox 983 164 1050 206; x_wconf 96' lang='grc'><strong><em>54.</em></strong></span> <span class='ocrx_word' id='word_1_5' title='bbox 1364 165 1475 205; x_wconf 70' lang='grc' dir='ltr'><strong><em>15θῖ</em></strong></span> 
     </span>
    </p>
   </div>
   <div class='ocr_carea' id='block_1_2' title="bbox 52 271 1560 2210">
    <p class='ocr_par' dir='ltr' id='par_1_2' title="bbox 52 271 1560 2197">
     <span class='ocr_line' id='line_1_2' title="bbox 100 271 1477 345; baseline -0.001 -27"><span class='ocrx_word' id='word_1_6' title='bbox 100 273 238 345; x_wconf 81' lang='grc' dir='ltr'><strong><em>χώρᾳ</em></strong></span> <span class='ocrx_word' id='word_1_7' title='bbox 262 273 366 330; x_wconf 91' lang='grc' dir='ltr'><strong><em>μήτε</em></strong></span> <span class='ocrx_word' id='word_1_8' title='bbox 401 277 494 324; x_wconf 89' lang='grc' dir='ltr'><strong><em>τοῖς</em></strong></span> <span class='ocrx_word' id='word_1_9' title='bbox 540 277 772 345; x_wconf 79' lang='grc' dir='ltr'><em>πραχθεῖσι</em></span> <span class='ocrx_word' id='word_1_10' title='bbox 819 274 1043 318; x_wconf 79' lang='grc' dir='ltr'><strong><em>λείπεσθαι</em></strong></span> <span class='ocrx_word' id='word_1_11' title='bbox 1079 272 1272 325; x_wconf 88' lang='grc' dir='ltr'><strong><em>τούτων,</em></strong></span> <span class='ocrx_word' id='word_1_12' title='bbox 1318 271 1477 316; x_wconf 79' lang='grc' dir='ltr'><strong><em>ἑαυτὸν</em></strong></span> 
     </span>
     <span class='ocr_line' id='line_1_3' title="bbox 102 329 1477 403; baseline -0.001 -28"><span class='ocrx_word' id='word_1_13' title='bbox 102 329 366 403; x_wconf 77' lang='grc' dir='ltr'><em>ἀνηγόρευσε</em></span> <span class='ocrx_word' id='word_1_14' title='bbox 411 329 603 400; x_wconf 80' lang='grc' dir='ltr'><strong><em>βασιλέα.</em></strong></span> <span class='ocrx_word' id='word_1_15' title='bbox 667 330 740 373; x_wconf 86' lang='grc' dir='ltr'><strong><em>καὶ</em></strong></span> <span class='ocrx_word' id='word_1_16' title='bbox 786 329 976 400; x_wconf 88' lang='grc' dir='ltr'><strong><em>διάδημα</em></strong></span> <span class='ocrx_word' id='word_1_17' title='bbox 1028 330 1133 399; x_wconf 81' lang='grc' dir='ltr'><strong><em>μὲν</em></strong></span> <span class='ocrx_word' id='word_1_18' title='bbox 1168 329 1251 374; x_wconf 81' lang='grc' dir='ltr'><strong><em>οὐκ</em></strong></span> <span class='ocrx_word' id='word_1_19' title='bbox 1306 329 1477 383; x_wconf 78' lang='grc' dir='ltr'><strong><em>ἔκρινεν</em></strong></span> 
     </span>
     <span class='ocr_line' id='line_1_4' title="bbox 103 385 1474 456; baseline -0.001 -25"><span class='ocrx_word' id='word_1_20' title='bbox 103 388 238 444; x_wconf 86' lang='grc' dir='ltr'><strong><em>ε’χειν·</em></strong></span> <span class='ocrx_word' id='word_1_21' title='bbox 270 387 423 443; x_wconf 88' lang='grc' dir='ltr'><strong><em>ἐφόρει</em></strong></span> <span class='ocrx_word' id='word_1_22' title='bbox 450 385 536 442; x_wconf 77' lang='grc' dir='ltr'><strong><em>γὰρ</em></strong></span> <span class='ocrx_word' id='word_1_23' title='bbox 573 385 640 430; x_wconf 81' lang='grc' dir='ltr'><strong><em>ἀεὶ</em></strong></span> <span class='ocrx_word' id='word_1_24' title='bbox 670 386 926 456; x_wconf 82' lang='grc' dir='ltr'><strong><em>στέφανον,</em></strong></span> <span class='ocrx_word' id='word_1_25' title='bbox 943 386 996 431; x_wconf 82' lang='grc' dir='ltr'><strong><em>ὂν</em></strong></span> <span class='ocrx_word' id='word_1_26' title='bbox 1024 386 1135 431; x_wconf 79' lang='grc' dir='ltr'><strong><em>κατά</em></strong></span> <span class='ocrx_word' id='word_1_27' title='bbox 1170 385 1252 442; x_wconf 80' lang='grc' dir='ltr'><strong><em>τὴν</em></strong></span> <span class='ocrx_word' id='word_1_28' title='bbox 1279 385 1474 430; x_wconf 80' lang='grc' dir='ltr'><strong><em>ἐπίθεσιν</em></strong></span> 
     </span>
     <span class='ocr_line' id='line_1_5' title="bbox 101 441 1473 515; baseline 0 -29"><span class='ocrx_word' id='word_1_29' title='bbox 101 449 176 499; x_wconf 84' lang='grc' dir='ltr'><strong><em>τῆς</em></strong></span> <span class='ocrx_word' id='word_1_30' title='bbox 211 446 471 515; x_wconf 82' lang='grc' dir='ltr'><strong><em>τυραννίδος</em></strong></span> <span class='ocrx_word' id='word_1_31' title='bbox 511 443 558 487; x_wconf 75' lang='grc' dir='ltr'><strong><em>ἐκ</em></strong></span> <span class='ocrx_word' id='word_1_32' title='bbox 604 458 724 495; x_wconf 87' lang='grc' dir='ltr'><strong><em>τινος</em></strong></span> <span class='ocrx_word' id='word_1_33' title='bbox 766 442 1007 514; x_wconf 80' lang='grc' dir='ltr'><strong><em>ἱερωσύνης</em></strong></span> <span class='ocrx_word' id='word_1_34' title='bbox 1050 446 1347 513; x_wconf 90' lang='grc' dir='ltr'><strong><em>περικείμενος</em></strong></span> <span class='ocrx_word' id='word_1_35' title='bbox 1389 441 1473 486; x_wconf 79' lang='grc' dir='ltr'><strong><em>οὐκ</em></strong></span> 
     </span>
     <span class='ocr_line' id='line_1_6' title="bbox 97 499 1558 571; baseline 0 -28"><span class='ocrx_word' id='word_1_36' title='bbox 97 500 283 544; x_wconf 72' lang='grc' dir='ltr'><strong><em>ἀπέθετο</em></strong></span> <span class='ocrx_word' id='word_1_37' title='bbox 302 502 420 570; x_wconf 88' lang='grc' dir='ltr'><strong><em>περὶ</em></strong></span> <span class='ocrx_word' id='word_1_38' title='bbox 458 503 534 555; x_wconf 84' lang='grc' dir='ltr'><strong><em>τῆς</em></strong></span> <span class='ocrx_word' id='word_1_39' title='bbox 580 501 835 550; x_wconf 83' lang='grc' dir='ltr'><strong><em>δυναστείας</em></strong></span> <span class='ocrx_word' id='word_1_40' title='bbox 880 499 1222 571; x_wconf 73' lang='grc' dir='ltr'><strong><em>ἀγωνιζόμενος·</em></strong></span> <span class='ocrx_word' id='word_1_41' title='bbox 1272 499 1383 544; x_wconf 79' lang='grc' dir='ltr'><strong><em>ἔνιοι</em></strong></span> <span class='ocrx_word' id='word_1_42' title='bbox 1427 499 1473 543; x_wconf 85' lang='grc' dir='ltr'><strong><em>δέ</em></strong></span> <span class='ocrx_word' id='word_1_43' title='bbox 1504 507 1558 549; x_wconf 84' lang='grc'><strong>50</strong></span> 
     </span>
     <span class='ocr_line' id='line_1_7' title="bbox 52 555 1475 627; baseline 0.001 -28"><span class='ocrx_word' id='word_1_44' title='bbox 52 582 54 586; x_wconf 60' lang='lat'>&gt;</span> <span class='ocrx_word' id='word_1_45' title='bbox 100 569 236 612; x_wconf 86' lang='grc' dir='ltr'><strong><em>φασιν</em></strong></span> <span class='ocrx_word' id='word_1_46' title='bbox 257 555 394 601; x_wconf 80' lang='grc' dir='ltr'><strong><em>αὐτόν</em></strong></span> <span class='ocrx_word' id='word_1_47' title='bbox 421 557 774 627; x_wconf 74' lang='grc' dir='ltr'><strong><em>ἐπιτετηδεῦσθαι</em></strong></span> <span class='ocrx_word' id='word_1_48' title='bbox 803 561 963 600; x_wconf 86' lang='grc' dir='ltr'><strong><em>τοῦτον</em></strong></span> <span class='ocrx_word' id='word_1_49' title='bbox 991 557 1035 609; x_wconf 79' lang='grc' dir='ltr'><strong><em>ἐξ</em></strong></span> <span class='ocrx_word' id='word_1_50' title='bbox 1065 556 1197 627; x_wconf 81' lang='grc' dir='ltr'><strong><em>ἀρχῆς</em></strong></span> <span class='ocrx_word' id='word_1_51' title='bbox 1226 561 1381 627; x_wconf 84' lang='grc' dir='ltr'><strong><em>φορεῖν</em></strong></span> <span class='ocrx_word' id='word_1_52' title='bbox 1401 555 1475 600; x_wconf 84' lang='grc' dir='ltr'><strong><em>διὰ</em></strong></span> 
     </span>
     <span class='ocr_line' id='line_1_8' title="bbox 98 611 1475 683; baseline -0.001 -26"><span class='ocrx_word' id='word_1_53' title='bbox 98 613 146 657; x_wconf 85' lang='grc' dir='ltr'><strong><em>τὸ</em></strong></span> <span class='ocrx_word' id='word_1_54' title='bbox 187 613 244 668; x_wconf 69' lang='grc' dir='ltr'><strong><em>μή</em></strong></span> <span class='ocrx_word' id='word_1_55' title='bbox 285 615 384 657; x_wconf 82' lang='grc' dir='ltr'><strong><em>λίαν</em></strong></span> <span class='ocrx_word' id='word_1_56' title='bbox 423 612 560 657; x_wconf 80' lang='grc' dir='ltr'><strong><em>αὐτὸν</em></strong></span> <span class='ocrx_word' id='word_1_57' title='bbox 599 612 801 683; x_wconf 78' lang='grc' dir='ltr'><strong><em>εὐχαίτην</em></strong></span> <span class='ocrx_word' id='word_1_58' title='bbox 837 611 963 657; x_wconf 80' lang='grc' dir='ltr'><strong><em>εἶναι.</em></strong></span> <span class='ocrx_word' id='word_1_59' title='bbox 1031 613 1088 657; x_wconf 90' lang='grc' dir='ltr'><strong><em>ου’</em></strong></span> <span class='ocrx_word' id='word_1_60' title='bbox 1126 615 1214 669; x_wconf 83' lang='grc' dir='ltr'><strong><em>μὴν</em></strong></span> <span class='ocrx_word' id='word_1_61' title='bbox 1251 611 1362 657; x_wconf 77' lang='grc' dir='ltr'><strong><em>ἀλλὰ</em></strong></span> <span class='ocrx_word' id='word_1_62' title='bbox 1398 616 1475 668; x_wconf 86' lang='grc' dir='ltr'><strong><em>τῆς</em></strong></span> 
     </span>
     <span class='ocr_line' id='line_1_9' title="bbox 94 669 1475 741; baseline -0.001 -28.999"><span class='ocrx_word' id='word_1_63' title='bbox 94 672 382 740; x_wconf 87' lang='grc' dir='ltr'><strong><em>προςηγορίας</em></strong></span> <span class='ocrx_word' id='word_1_64' title='bbox 419 686 580 723; x_wconf 88' lang='grc' dir='ltr'><strong><em>ταυτης</em></strong></span> <span class='ocrx_word' id='word_1_65' title='bbox 623 669 748 721; x_wconf 75' lang='grc' dir='ltr'><strong><em>ἄξιόν</em></strong></span> <span class='ocrx_word' id='word_1_66' title='bbox 782 686 824 713; x_wconf 87' lang='grc' dir='ltr'><strong><em>τι</em></strong></span> <span class='ocrx_word' id='word_1_67' title='bbox 853 670 1056 714; x_wconf 84' lang='grc' dir='ltr'><strong><em>σπεύδων</em></strong></span> <span class='ocrx_word' id='word_1_68' title='bbox 1084 674 1266 741; x_wconf 84' lang='grc' dir='ltr'><strong><em>πρᾶξαι,</em></strong></span> <span class='ocrx_word' id='word_1_69' title='bbox 1298 669 1365 712; x_wconf 89' lang='grc' dir='ltr'><strong><em>ἐπι</em></strong></span> <span class='ocrx_word' id='word_1_70' title='bbox 1395 685 1475 726; x_wconf 88' lang='grc' dir='ltr'><strong><em>μεν</em></strong></span> 
     </span>
     <span class='ocr_line' id='line_1_10' title="bbox 94 723 1475 799; baseline 0 -30"><span class='ocrx_word' id='word_1_71' title='bbox 94 725 329 777; x_wconf 78' lang='grc' dir='ltr'><strong><em>Ἰτυκαίους</em></strong></span> <span class='ocrx_word' id='word_1_72' title='bbox 357 725 636 780; x_wconf 80' lang='grc' dir='ltr'><strong><em>ἐστράτευσεν</em></strong></span> <span class='ocrx_word' id='word_1_73' title='bbox 664 725 980 799; x_wconf 77' lang='grc' dir='ltr'><strong><em>ἀφεστηκότας·</em></strong></span> <span class='ocrx_word' id='word_1_74' title='bbox 1011 726 1139 782; x_wconf 78' lang='grc' dir='ltr'><strong><em>ἄφνω</em></strong></span> <span class='ocrx_word' id='word_1_75' title='bbox 1171 724 1213 770; x_wconf 86' lang='grc' dir='ltr'><strong><em>δ’</em></strong></span> <span class='ocrx_word' id='word_1_76' title='bbox 1245 723 1391 769; x_wconf 82' lang='grc' dir='ltr'><strong><em>αὐτῶν</em></strong></span> <span class='ocrx_word' id='word_1_77' title='bbox 1421 728 1475 782; x_wconf 86' lang='grc' dir='ltr'><strong><em>τῇ</em></strong></span> 
     </span>
     <span class='ocr_line' id='line_1_11' title="bbox 96 780 1558 853; baseline -0.001 -27"><span class='ocrx_word' id='word_1_78' title='bbox 96 780 222 826; x_wconf 90' lang='grc' dir='ltr'><strong><em>πόλει</em></strong></span> <span class='ocrx_word' id='word_1_79' title='bbox 248 783 522 836; x_wconf 80' lang='grc' dir='ltr'><strong><em>προςπεσών,</em></strong></span> <span class='ocrx_word' id='word_1_80' title='bbox 552 784 627 826; x_wconf 85' lang='grc' dir='ltr'><strong><em>καὶ</em></strong></span> <span class='ocrx_word' id='word_1_81' title='bbox 655 788 745 827; x_wconf 78' lang='grc' dir='ltr'><strong><em>τῶν</em></strong></span> <span class='ocrx_word' id='word_1_82' title='bbox 773 783 843 828; x_wconf 84' lang='grc' dir='ltr'><strong><em>ἐπὶ</em></strong></span> <span class='ocrx_word' id='word_1_83' title='bbox 870 788 946 840; x_wconf 83' lang='grc' dir='ltr'><strong><em>τῆς</em></strong></span> <span class='ocrx_word' id='word_1_84' title='bbox 973 783 1118 853; x_wconf 82' lang='grc' dir='ltr'><strong><em>χώρας</em></strong></span> <span class='ocrx_word' id='word_1_85' title='bbox 1145 780 1475 853; x_wconf 72' lang='grc' dir='ltr'><strong><em>ἀπειλημμένων</em></strong></span> <span class='ocrx_word' id='word_1_86' title='bbox 1505 792 1558 833; x_wconf 86' lang='grc'><strong>55</strong></span> 
     </span>
     <span class='ocr_line' id='line_1_12' title="bbox 96 838 1476 911; baseline 0 -29"><span class='ocrx_word' id='word_1_87' title='bbox 96 843 333 883; x_wconf 80' lang='grc' dir='ltr'><strong><em>πολιτικῶν</em></strong></span> <span class='ocrx_word' id='word_1_88' title='bbox 364 838 582 896; x_wconf 84' lang='grc' dir='ltr'><strong><em>ζωγρησας</em></strong></span> <span class='ocrx_word' id='word_1_89' title='bbox 612 842 672 891; x_wconf 84' lang='grc' dir='ltr'><strong><em>εἰς</em></strong></span> <span class='ocrx_word' id='word_1_90' title='bbox 701 842 1001 911; x_wconf 80' lang='grc' dir='ltr'><strong><em>τριακοσίους,</em></strong></span> <span class='ocrx_word' id='word_1_91' title='bbox 1031 839 1081 884; x_wconf 81' lang='grc' dir='ltr'><strong><em>τό</em></strong></span> <span class='ocrx_word' id='word_1_92' title='bbox 1111 855 1190 896; x_wconf 90' lang='grc' dir='ltr'><strong><em>μεν</em></strong></span> <span class='ocrx_word' id='word_1_93' title='bbox 1218 855 1395 894; x_wconf 90' lang='grc' dir='ltr'><strong><em>πρωτον</em></strong></span> <span class='ocrx_word' id='word_1_94' title='bbox 1417 841 1476 883; x_wconf 86' lang='grc' dir='ltr'><strong><em>δι-</em></strong></span> 
     </span>
     <span class='ocr_line' id='line_1_13' title="bbox 97 895 1475 967; baseline 0 -29"><span class='ocrx_word' id='word_1_95' title='bbox 97 896 205 946; x_wconf 83' lang='grc' dir='ltr'><strong><em>δούς</em></strong></span> <span class='ocrx_word' id='word_1_96' title='bbox 248 895 407 967; x_wconf 73' lang='grc' dir='ltr'><strong><em>ἄφεσιν</em></strong></span> <span class='ocrx_word' id='word_1_97' title='bbox 444 901 534 940; x_wconf 78' lang='grc' dir='ltr'><strong><em>τῶν</em></strong></span> <span class='ocrx_word' id='word_1_98' title='bbox 552 896 858 966; x_wconf 79' lang='grc' dir='ltr'><strong><em>ἐγκλημάτων</em></strong></span> <span class='ocrx_word' id='word_1_99' title='bbox 898 896 1025 952; x_wconf 80' lang='grc' dir='ltr'><strong><em>ἠξίου</em></strong></span> <span class='ocrx_word' id='word_1_100' title='bbox 1062 895 1359 951; x_wconf 85' lang='grc' dir='ltr'><strong><em>παραδιδόναι</em></strong></span> <span class='ocrx_word' id='word_1_101' title='bbox 1395 896 1475 951; x_wconf 81' lang='grc' dir='ltr'><strong><em>τὴν</em></strong></span> 
     </span>
     <span class='ocr_line' id='line_1_14' title="bbox 97 951 1476 1025; baseline 0.001 -31"><span class='ocrx_word' id='word_1_102' title='bbox 97 951 250 995; x_wconf 90' lang='grc' dir='ltr'><strong><em>πόλιν·</em></strong></span> <span class='ocrx_word' id='word_1_103' title='bbox 294 951 351 995; x_wconf 81' lang='grc' dir='ltr'><strong><em>ου’</em></strong></span> <span class='ocrx_word' id='word_1_104' title='bbox 380 951 709 1025; x_wconf 86' lang='grc' dir='ltr'><strong><em>προςεχόντων</em></strong></span> <span class='ocrx_word' id='word_1_105' title='bbox 721 955 766 998; x_wconf 81' lang='grc' dir='ltr'><strong><em>δὲ</em></strong></span> <span class='ocrx_word' id='word_1_106' title='bbox 797 958 886 996; x_wconf 79' lang='grc' dir='ltr'><strong><em>τῶν</em></strong></span> <span class='ocrx_word' id='word_1_107' title='bbox 915 954 1067 1006; x_wconf 74' lang='grc' dir='ltr'><strong><em>ἔνδον,</em></strong></span> <span class='ocrx_word' id='word_1_108' title='bbox 1098 953 1369 1008; x_wconf 79' lang='grc' dir='ltr'><strong><em>συνεπήγνυε</em></strong></span> <span class='ocrx_word' id='word_1_109' title='bbox 1399 969 1476 1009; x_wconf 85' lang='grc' dir='ltr'><strong><em>μη-</em></strong></span> 
     </span>
     <span class='ocr_line' id='line_1_15' title="bbox 96 1008 1558 1081; baseline 0.001 -30"><span class='ocrx_word' id='word_1_110' title='bbox 96 1008 259 1064; x_wconf 89' lang='grc' dir='ltr'><strong><em>χανήν,</em></strong></span> <span class='ocrx_word' id='word_1_111' title='bbox 289 1010 363 1053; x_wconf 91' lang='grc' dir='ltr'><strong><em>καὶ</em></strong></span> <span class='ocrx_word' id='word_1_112' title='bbox 390 1010 610 1081; x_wconf 77' lang='grc' dir='ltr'><strong><em>κρεμάσας</em></strong></span> <span class='ocrx_word' id='word_1_113' title='bbox 640 1008 709 1053; x_wconf 87' lang='grc' dir='ltr'><strong><em>ἐπ’</em></strong></span> <span class='ocrx_word' id='word_1_114' title='bbox 741 1009 852 1081; x_wconf 83' lang='grc' dir='ltr'><strong><em>αὐτῃ</em></strong></span> <span class='ocrx_word' id='word_1_115' title='bbox 877 1010 982 1060; x_wconf 78' lang='grc' dir='ltr'><strong><em>τοὺς</em></strong></span> <span class='ocrx_word' id='word_1_116' title='bbox 1013 1010 1313 1078; x_wconf 79' lang='grc' dir='ltr'><strong><em>αἰχμαλώτους</em></strong></span> <span class='ocrx_word' id='word_1_117' title='bbox 1340 1025 1474 1064; x_wconf 85' lang='grc' dir='ltr'><strong><em>προς·</em></strong></span> <span class='ocrx_word' id='word_1_118' title='bbox 1505 1018 1558 1058; x_wconf 91' lang='grc'><strong><em>60</em></strong></span> 
     </span>
     <span class='ocr_line' id='line_1_16' title="bbox 97 1065 1476 1137; baseline 0.001 -30"><span class='ocrx_word' id='word_1_119' title='bbox 97 1081 237 1133; x_wconf 87' lang='grc' dir='ltr'><strong><em>ηγαγε</em></strong></span> <span class='ocrx_word' id='word_1_120' title='bbox 258 1071 351 1117; x_wconf 89' lang='grc' dir='ltr'><strong><em>τοῖς</em></strong></span> <span class='ocrx_word' id='word_1_121' title='bbox 379 1068 678 1121; x_wconf 87' lang='grc' dir='ltr'><strong><em>τείχεσιν.οἷ</em></strong></span> <span class='ocrx_word' id='word_1_122' title='bbox 716 1065 754 1110; x_wconf 87' lang='grc' dir='ltr'><strong><em>δ’</em></strong></span> <span class='ocrx_word' id='word_1_123' title='bbox 790 1066 993 1110; x_wconf 85' lang='grc' dir='ltr'><strong><em>Ἰτυκαῖοι</em></strong></span> <span class='ocrx_word' id='word_1_124' title='bbox 1021 1066 1126 1117; x_wconf 79' lang='grc' dir='ltr'><strong><em>τοὺς</em></strong></span> <span class='ocrx_word' id='word_1_125' title='bbox 1138 1066 1242 1133; x_wconf 80' lang='grc' dir='ltr'><strong><em>μὲν</em></strong></span> <span class='ocrx_word' id='word_1_126' title='bbox 1269 1065 1476 1137; x_wconf 81' lang='grc' dir='ltr'><strong><em>ητυχηκό-</em></strong></span> 
     </span>
     <span class='ocr_line' id='line_1_17' title="bbox 95 1119 1476 1191; baseline 0.001 -27"><span class='ocrx_word' id='word_1_127' title='bbox 95 1137 174 1172; x_wconf 90' lang='grc' dir='ltr'><strong><em>τας</em></strong></span> <span class='ocrx_word' id='word_1_128' title='bbox 210 1119 396 1191; x_wconf 87' lang='grc' dir='ltr'><strong><em>η’λέουν,</em></strong></span> <span class='ocrx_word' id='word_1_129' title='bbox 434 1124 615 1165; x_wconf 85' lang='grc' dir='ltr'><strong><em>πλείονα</em></strong></span> <span class='ocrx_word' id='word_1_130' title='bbox 646 1123 693 1166; x_wconf 90' lang='grc' dir='ltr'><strong><em>δε</em></strong></span> <span class='ocrx_word' id='word_1_131' title='bbox 732 1122 866 1177; x_wconf 89' lang='grc' dir='ltr'><strong><em>λόγον</em></strong></span> <span class='ocrx_word' id='word_1_132' title='bbox 891 1127 968 1178; x_wconf 83' lang='grc' dir='ltr'><strong><em>τῆς</em></strong></span> <span class='ocrx_word' id='word_1_133' title='bbox 1005 1127 1094 1166; x_wconf 77' lang='grc' dir='ltr'><strong><em>τῶν</em></strong></span> <span class='ocrx_word' id='word_1_134' title='bbox 1122 1121 1331 1166; x_wconf 77' lang='grc' dir='ltr'><strong><em>ἁπάντων</em></strong></span> <span class='ocrx_word' id='word_1_135' title='bbox 1359 1123 1476 1166; x_wconf 80' lang='grc' dir='ltr'><strong><em>ἐλευ-</em></strong></span> 
     </span>
     <span class='ocr_line' id='line_1_18' title="bbox 95 1147 1475 1249; baseline 0.001 -29"><span class='ocrx_word' id='word_1_136' title='bbox 95 1147 250 1231; x_wconf 83' lang='grc' dir='ltr'><strong><em>θερίας</em></strong></span> <span class='ocrx_word' id='word_1_137' title='bbox 281 1177 311 1234; x_wconf 79' lang='grc' dir='ltr'><em>ἢ</em></span> <span class='ocrx_word' id='word_1_138' title='bbox 341 1182 417 1235; x_wconf 86' lang='grc' dir='ltr'><strong><em>τῆς</em></strong></span> <span class='ocrx_word' id='word_1_139' title='bbox 446 1179 625 1222; x_wconf 77' lang='grc' dir='ltr'><strong><em>ἐκείνων</em></strong></span> <span class='ocrx_word' id='word_1_140' title='bbox 653 1181 868 1233; x_wconf 83' lang='grc' dir='ltr'><strong><em>σωτηρίας</em></strong></span> <span class='ocrx_word' id='word_1_141' title='bbox 895 1178 1160 1234; x_wconf 87' lang='grc' dir='ltr'><strong><em>ποιούμενοι</em></strong></span> <span class='ocrx_word' id='word_1_142' title='bbox 1188 1179 1393 1249; x_wconf 79' lang='grc' dir='ltr'><strong><em>διέλαβον</em></strong></span> <span class='ocrx_word' id='word_1_143' title='bbox 1421 1195 1475 1222; x_wconf 88' lang='grc' dir='ltr'><strong><em>τα</em></strong></span> 
     </span>
     <span class='ocr_line' id='line_1_19' title="bbox 94 1234 1476 1304; baseline 0.001 -27"><span class='ocrx_word' id='word_1_144' title='bbox 94 1235 210 1304; x_wconf 87' lang='grc' dir='ltr'><strong><em>τείχη</em></strong></span> <span class='ocrx_word' id='word_1_145' title='bbox 250 1240 343 1286; x_wconf 88' lang='grc' dir='ltr'><strong><em>τοῖς</em></strong></span> <span class='ocrx_word' id='word_1_146' title='bbox 386 1234 689 1287; x_wconf 88' lang='grc' dir='ltr'><strong><em>στρατιωταις,</em></strong></span> <span class='ocrx_word' id='word_1_147' title='bbox 735 1236 810 1278; x_wconf 87' lang='grc' dir='ltr'><strong><em>καὶ</em></strong></span> <span class='ocrx_word' id='word_1_148' title='bbox 855 1235 936 1290; x_wconf 83' lang='grc' dir='ltr'><strong><em>τὴν</em></strong></span> <span class='ocrx_word' id='word_1_149' title='bbox 979 1237 1243 1289; x_wconf 87' lang='grc' dir='ltr'><strong><em>πολιορκίαν</em></strong></span> <span class='ocrx_word' id='word_1_150' title='bbox 1288 1234 1476 1291; x_wconf 76' lang='grc' dir='ltr'><strong><em>εὐγενῶς</em></strong></span> 
     </span>
     <span class='ocr_line' id='line_1_20' title="bbox 92 1288 1560 1362; baseline 0.001 -29"><span class='ocrx_word' id='word_1_151' title='bbox 92 1288 324 1346; x_wconf 75' lang='grc' dir='ltr'><strong><em>ὑπέμενον.</em></strong></span> <span class='ocrx_word' id='word_1_152' title='bbox 381 1290 469 1336; x_wconf 82' lang='grc' dir='ltr'><strong><em>εἶθ’</em></strong></span> <span class='ocrx_word' id='word_1_153' title='bbox 501 1292 525 1335; x_wconf 88' lang='grc' dir='ltr'>ὁ</span> <span class='ocrx_word' id='word_1_154' title='bbox 562 1308 641 1347; x_wconf 87' lang='grc' dir='ltr'><strong><em>μεν</em></strong></span> <span class='ocrx_word' id='word_1_155' title='bbox 665 1290 934 1346; x_wconf 78' lang='grc' dir='ltr'><strong><em>Ἀγαθοκλῆς</em></strong></span> <span class='ocrx_word' id='word_1_156' title='bbox 963 1291 1195 1348; x_wconf 78' lang='grc' dir='ltr'><strong><em>ἐπιστήσας</em></strong></span> <span class='ocrx_word' id='word_1_157' title='bbox 1222 1295 1276 1361; x_wconf 85' lang='grc' dir='ltr'><strong><em>τῇ</em></strong></span> <span class='ocrx_word' id='word_1_158' title='bbox 1305 1308 1474 1362; x_wconf 79' lang='grc' dir='ltr'><strong><em>μηχανῃ</em></strong></span> <span class='ocrx_word' id='word_1_159' title='bbox 1504 1298 1560 1340; x_wconf 86' lang='grc'><strong>65</strong></span> 
     </span>
     <span class='ocr_line' id='line_1_21' title="bbox 94 1335 1473 1418; baseline 0.001 -28"><span class='ocrx_word' id='word_1_160' title='bbox 94 1347 200 1398; x_wconf 88' lang='grc' dir='ltr'><strong><em>τούς</em></strong></span> <span class='ocrx_word' id='word_1_161' title='bbox 233 1363 278 1391; x_wconf 90' lang='grc' dir='ltr'><strong><em>τε</em></strong></span> <span class='ocrx_word' id='word_1_162' title='bbox 310 1345 533 1418; x_wconf 81' lang='grc' dir='ltr'><strong><em>ὀξυβελεῖς</em></strong></span> <span class='ocrx_word' id='word_1_163' title='bbox 578 1348 653 1392; x_wconf 87' lang='grc' dir='ltr'><strong><em>καὶ</em></strong></span> <span class='ocrx_word' id='word_1_164' title='bbox 693 1349 992 1404; x_wconf 85' lang='grc' dir='ltr'><strong><em>σφενδονήτας</em></strong></span> <span class='ocrx_word' id='word_1_165' title='bbox 1026 1350 1102 1392; x_wconf 87' lang='grc' dir='ltr'><strong><em>καὶ</em></strong></span> <span class='ocrx_word' id='word_1_166' title='bbox 1137 1335 1341 1401; x_wconf 79' lang='grc' dir='ltr'><strong><em>τοξότας,</em></strong></span> <span class='ocrx_word' id='word_1_167' title='bbox 1387 1347 1473 1392; x_wconf 77' lang='grc' dir='ltr'><strong><em>άπὸ</em></strong></span> 
     </span>
     <span class='ocr_line' id='line_1_22' title="bbox 94 1402 1477 1475; baseline 0.001 -29"><span class='ocrx_word' id='word_1_168' title='bbox 94 1403 257 1459; x_wconf 84' lang='grc' dir='ltr'><strong><em>ταύτης</em></strong></span> <span class='ocrx_word' id='word_1_169' title='bbox 296 1402 612 1459; x_wconf 79' lang='grc' dir='ltr'><strong><em>ἀγωνιζόμενος</em></strong></span> <span class='ocrx_word' id='word_1_170' title='bbox 644 1403 796 1460; x_wconf 82' lang='grc' dir='ltr'><strong><em>ἤρχετο</em></strong></span> <span class='ocrx_word' id='word_1_171' title='bbox 839 1421 916 1475; x_wconf 83' lang='grc' dir='ltr'><strong><em>της</em></strong></span> <span class='ocrx_word' id='word_1_172' title='bbox 958 1407 1234 1460; x_wconf 84' lang='grc' dir='ltr'><strong><em>πολιορκίας,</em></strong></span> <span class='ocrx_word' id='word_1_173' title='bbox 1272 1405 1348 1448; x_wconf 85' lang='grc' dir='ltr'><strong><em>καὶ</em></strong></span> <span class='ocrx_word' id='word_1_174' title='bbox 1382 1410 1477 1454; x_wconf 85' lang='grc' dir='ltr'><strong><em>ταῖς</em></strong></span> 
     </span>
     <span class='ocr_line' id='line_1_23' title="bbox 94 1460 1476 1531; baseline 0.001 -29"><span class='ocrx_word' id='word_1_175' title='bbox 94 1465 253 1530; x_wconf 74' lang='grc' dir='ltr'><strong><em>ψυχαῖς</em></strong></span> <span class='ocrx_word' id='word_1_176' title='bbox 291 1465 380 1504; x_wconf 79' lang='grc' dir='ltr'><strong><em>τῶν</em></strong></span> <span class='ocrx_word' id='word_1_177' title='bbox 416 1461 547 1505; x_wconf 77' lang='grc' dir='ltr'><strong><em>ἔνδον</em></strong></span> <span class='ocrx_word' id='word_1_178' title='bbox 584 1461 725 1513; x_wconf 78' lang='grc' dir='ltr'><strong><em>ὥςπερ</em></strong></span> <span class='ocrx_word' id='word_1_179' title='bbox 761 1460 976 1530; x_wconf 81' lang='grc' dir='ltr'><strong><em>καυτήριά</em></strong></span> <span class='ocrx_word' id='word_1_180' title='bbox 1004 1478 1104 1504; x_wconf 92' lang='grc' dir='ltr'><strong><em>τινα</em></strong></span> <span class='ocrx_word' id='word_1_181' title='bbox 1140 1464 1370 1531; x_wconf 71' lang='grc' dir='ltr'><strong><em>πρρςῆγεν.</em></strong></span> <span class='ocrx_word' id='word_1_182' title='bbox 1432 1462 1476 1505; x_wconf 82' lang='grc' dir='ltr'><strong><em>οἱ</em></strong></span> 
     </span>
     <span class='ocr_line' id='line_1_24' title="bbox 96 1514 1477 1573; baseline 0.001 -13"><span class='ocrx_word' id='word_1_183' title='bbox 96 1514 141 1559; x_wconf 88' lang='grc' dir='ltr'><strong><em>δ’</em></strong></span> <span class='ocrx_word' id='word_1_184' title='bbox 181 1517 248 1560; x_wconf 84' lang='grc' dir='ltr'><strong><em>ἐπὶ</em></strong></span> <span class='ocrx_word' id='word_1_185' title='bbox 278 1522 365 1560; x_wconf 83' lang='grc' dir='ltr'><strong><em>τῶν</em></strong></span> <span class='ocrx_word' id='word_1_186' title='bbox 401 1522 555 1573; x_wconf 79' lang='grc' dir='ltr'><strong><em>τειχῶν</em></strong></span> <span class='ocrx_word' id='word_1_187' title='bbox 584 1517 760 1568; x_wconf 79' lang='grc' dir='ltr'><strong><em>ἑστῶτες</em></strong></span> <span class='ocrx_word' id='word_1_188' title='bbox 788 1518 838 1560; x_wconf 89' lang='grc' dir='ltr'><strong><em>τὸ</em></strong></span> <span class='ocrx_word' id='word_1_189' title='bbox 867 1519 947 1573; x_wconf 80' lang='grc' dir='ltr'><strong><em>μὲν</em></strong></span> <span class='ocrx_word' id='word_1_190' title='bbox 975 1521 1153 1571; x_wconf 79' lang='grc' dir='ltr'><strong><em>πρῶτον</em></strong></span> <span class='ocrx_word' id='word_1_191' title='bbox 1183 1517 1359 1562; x_wconf 79' lang='grc' dir='ltr'><strong><em>ὤκνουν</em></strong></span> <span class='ocrx_word' id='word_1_192' title='bbox 1382 1523 1477 1568; x_wconf 82' lang='grc' dir='ltr'><strong><em>τοῖς</em></strong></span> 
     </span>
     <span class='ocr_line' id='line_1_25' title="bbox 96 1572 1558 1644; baseline 0.002 -29"><span class='ocrx_word' id='word_1_193' title='bbox 96 1572 246 1644; x_wconf 87' lang='grc' dir='ltr'><strong><em>βέλεσι</em></strong></span> <span class='ocrx_word' id='word_1_194' title='bbox 275 1573 549 1632; x_wconf 81' lang='grc' dir='ltr'><strong><em>χρήσασθαι,</em></strong></span> <span class='ocrx_word' id='word_1_195' title='bbox 563 1572 887 1643; x_wconf 74' lang='grc' dir='ltr'><strong><em>προκειμένων</em></strong></span> <span class='ocrx_word' id='word_1_196' title='bbox 919 1573 1070 1626; x_wconf 81' lang='grc' dir='ltr'><strong><em>αὐτοῖς</em></strong></span> <span class='ocrx_word' id='word_1_197' title='bbox 1108 1578 1286 1618; x_wconf 80' lang='grc' dir='ltr'><strong><em>σκοπῶν</em></strong></span> <span class='ocrx_word' id='word_1_198' title='bbox 1313 1578 1473 1618; x_wconf 88' lang='grc' dir='ltr'><strong><em>πολιτι-</em></strong></span> <span class='ocrx_word' id='word_1_199' title='bbox 1502 1584 1558 1624; x_wconf 89' lang='lat'><strong><em>70</em></strong></span> 
     </span>
     <span class='ocr_line' id='line_1_26' title="bbox 96 1627 1471 1702; baseline 0.001 -30"><span class='ocrx_word' id='word_1_200' title='bbox 96 1646 190 1672; x_wconf 85' lang='grc' dir='ltr'><strong><em>κων</em></strong></span> <span class='ocrx_word' id='word_1_201' title='bbox 221 1627 418 1684; x_wconf 83' lang='grc' dir='ltr'><strong><em>ἀνδρων,</em></strong></span> <span class='ocrx_word' id='word_1_202' title='bbox 460 1648 525 1674; x_wconf 89' lang='grc' dir='ltr'><strong><em>ων</em></strong></span> <span class='ocrx_word' id='word_1_203' title='bbox 553 1630 666 1686; x_wconf 75' lang='grc' dir='ltr'><strong><em>ἦσάν</em></strong></span> <span class='ocrx_word' id='word_1_204' title='bbox 701 1647 816 1681; x_wconf 90' lang='grc' dir='ltr'><strong><em>τινες</em></strong></span> <span class='ocrx_word' id='word_1_205' title='bbox 853 1631 928 1674; x_wconf 87' lang='grc' dir='ltr'><strong><em>καὶ</em></strong></span> <span class='ocrx_word' id='word_1_206' title='bbox 966 1635 1056 1674; x_wconf 75' lang='grc' dir='ltr'><strong><em>τῶν</em></strong></span> <span class='ocrx_word' id='word_1_207' title='bbox 1093 1629 1471 1702; x_wconf 82' lang='grc' dir='ltr'><strong><em>ἐπιφανεστάτων</em></strong></span> 
     </span>
     <span class='ocr_line' id='line_1_27' title="bbox 94 1685 1474 1759; baseline 0.001 -31"><span class='ocrx_word' id='word_1_208' title='bbox 94 1685 379 1759; x_wconf 77' lang='grc' dir='ltr'><strong><em>ἐπικειμένων</em></strong></span> <span class='ocrx_word' id='word_1_209' title='bbox 408 1687 453 1731; x_wconf 86' lang='grc' dir='ltr'><strong><em>δε</em></strong></span> <span class='ocrx_word' id='word_1_210' title='bbox 495 1704 584 1730; x_wconf 91' lang='grc' dir='ltr'><strong><em>των</em></strong></span> <span class='ocrx_word' id='word_1_211' title='bbox 630 1689 848 1755; x_wconf 86' lang='grc' dir='ltr'><strong><em>πολεμίων</em></strong></span> <span class='ocrx_word' id='word_1_212' title='bbox 889 1687 1136 1741; x_wconf 83' lang='grc' dir='ltr'><strong><em>βαρύτερον</em></strong></span> <span class='ocrx_word' id='word_1_213' title='bbox 1175 1685 1474 1758; x_wconf 82' lang='grc' dir='ltr'><strong><em>ηναγκάζοντο</em></strong></span> 
     </span>
     <span class='ocr_line' id='line_1_28' title="bbox 94 1741 1472 1813; baseline 0.001 -28"><span class='ocrx_word' id='word_1_214' title='bbox 94 1743 199 1794; x_wconf 82' lang='grc' dir='ltr'><strong><em>τούς</em></strong></span> <span class='ocrx_word' id='word_1_215' title='bbox 227 1743 296 1787; x_wconf 88' lang='grc' dir='ltr'><strong><em>ἐπὶ</em></strong></span> <span class='ocrx_word' id='word_1_216' title='bbox 327 1748 403 1799; x_wconf 85' lang='grc' dir='ltr'><strong><em>τῆς</em></strong></span> <span class='ocrx_word' id='word_1_217' title='bbox 431 1747 624 1813; x_wconf 81' lang='grc' dir='ltr'><strong><em>μηχανῆς</em></strong></span> <span class='ocrx_word' id='word_1_218' title='bbox 652 1741 783 1794; x_wconf 81' lang='grc' dir='ltr'><strong><em>ὄντας</em></strong></span> <span class='ocrx_word' id='word_1_219' title='bbox 812 1742 1069 1797; x_wconf 81' lang='grc' dir='ltr'><strong><em>ἀμύνεσθαι.</em></strong></span> <span class='ocrx_word' id='word_1_220' title='bbox 1127 1744 1239 1788; x_wconf 78' lang='grc' dir='ltr'><strong><em>ἔνθα</em></strong></span> <span class='ocrx_word' id='word_1_221' title='bbox 1269 1744 1322 1800; x_wconf 82' lang='grc' dir='ltr'><strong><em>δὴ</em></strong></span> <span class='ocrx_word' id='word_1_222' title='bbox 1353 1744 1472 1787; x_wconf 85' lang='grc' dir='ltr'><strong><em>συνε</em></strong></span> 
     </span>
     <span class='ocr_line' id='line_1_29' title="bbox 94 1786 1472 1870; baseline 0.001 -28"><span class='ocrx_word' id='word_1_223' title='bbox 94 1802 217 1854; x_wconf 88' lang='grc' dir='ltr'><strong><em>βαινε</em></strong></span> <span class='ocrx_word' id='word_1_224' title='bbox 258 1801 463 1854; x_wconf 79' lang='grc' dir='ltr'><strong><em>γίνεσθαι</em></strong></span> <span class='ocrx_word' id='word_1_225' title='bbox 498 1799 726 1870; x_wconf 81' lang='grc' dir='ltr'><strong><em>παράλογα</em></strong></span> <span class='ocrx_word' id='word_1_226' title='bbox 764 1786 887 1857; x_wconf 74' lang='grc' dir='ltr'><strong><em>πάθη</em></strong></span> <span class='ocrx_word' id='word_1_227' title='bbox 918 1805 1009 1851; x_wconf 88' lang='grc' dir='ltr'><strong><em>τοῖς</em></strong></span> <span class='ocrx_word' id='word_1_228' title='bbox 1033 1798 1261 1852; x_wconf 88' lang='grc' dir='ltr'><strong><em>Ἰτυκαίοις</em></strong></span> <span class='ocrx_word' id='word_1_229' title='bbox 1297 1801 1373 1844; x_wconf 86' lang='grc' dir='ltr'><strong><em>καὶ</em></strong></span> <span class='ocrx_word' id='word_1_230' title='bbox 1402 1800 1472 1844; x_wconf 88' lang='grc' dir='ltr'><strong><em>τύ-</em></strong></span> 
     </span>
     <span class='ocr_line' id='line_1_30' title="bbox 93 1855 1556 1928; baseline 0.001 -29"><span class='ocrx_word' id='word_1_231' title='bbox 93 1872 170 1911; x_wconf 88' lang='grc' dir='ltr'><strong><em>χης</em></strong></span> <span class='ocrx_word' id='word_1_232' title='bbox 215 1855 489 1912; x_wconf 84' lang='grc' dir='ltr'><strong><em>ἐπηρεασμὸν</em></strong></span> <span class='ocrx_word' id='word_1_233' title='bbox 537 1857 585 1901; x_wconf 86' lang='grc' dir='ltr'><strong><em>ἐν</em></strong></span> <span class='ocrx_word' id='word_1_234' title='bbox 637 1855 855 1928; x_wconf 71' lang='grc' dir='ltr'><strong><em>ἀνάγκαις</em></strong></span> <span class='ocrx_word' id='word_1_235' title='bbox 902 1858 1105 1913; x_wconf 85' lang='grc' dir='ltr'><strong><em>κείμενον</em></strong></span> <span class='ocrx_word' id='word_1_236' title='bbox 1143 1855 1469 1928; x_wconf 81' lang='grc' dir='ltr'><strong><em>άνέκφευκτον.</em></strong></span> <span class='ocrx_word' id='word_1_237' title='bbox 1500 1865 1556 1908; x_wconf 90' lang='grc'><strong>75</strong></span> 
     </span>
     <span class='ocr_line' id='line_1_31' title="bbox 94 1911 1471 1984; baseline 0.001 -29"><span class='ocrx_word' id='word_1_238' title='bbox 94 1913 457 1984; x_wconf 85' lang='grc' dir='ltr'><strong><em>προβεβλημένων</em></strong></span> <span class='ocrx_word' id='word_1_239' title='bbox 492 1914 576 1968; x_wconf 86' lang='grc' dir='ltr'><strong><em>γὰρ</em></strong></span> <span class='ocrx_word' id='word_1_240' title='bbox 617 1930 706 1956; x_wconf 90' lang='grc' dir='ltr'><strong><em>των</em></strong></span> <span class='ocrx_word' id='word_1_241' title='bbox 731 1912 949 1968; x_wconf 88' lang='grc' dir='ltr'><strong><em>Ἑλληνων</em></strong></span> <span class='ocrx_word' id='word_1_242' title='bbox 987 1914 1091 1964; x_wconf 84' lang='grc' dir='ltr'><strong><em>τοὺς</em></strong></span> <span class='ocrx_word' id='word_1_243' title='bbox 1127 1911 1351 1970; x_wconf 83' lang='grc' dir='ltr'><strong><em>ἡλωκότας</em></strong></span> <span class='ocrx_word' id='word_1_244' title='bbox 1382 1918 1471 1957; x_wconf 85' lang='grc' dir='ltr'><strong><em>τῶν</em></strong></span> 
     </span>
     <span class='ocr_line' id='line_1_32' title="bbox 95 1965 1471 2041; baseline 0.001 -29"><span class='ocrx_word' id='word_1_245' title='bbox 95 1968 138 2020; x_wconf 78' lang='grc' dir='ltr'><strong><em>ἐξ</em></strong></span> <span class='ocrx_word' id='word_1_246' title='bbox 170 1967 360 2037; x_wconf 87' lang='grc' dir='ltr'><strong><em>Ἰτύκης,</em></strong></span> <span class='ocrx_word' id='word_1_247' title='bbox 389 1968 631 2024; x_wconf 82' lang='grc' dir='ltr'><strong><em>ἀναγκαῖον</em></strong></span> <span class='ocrx_word' id='word_1_248' title='bbox 658 1965 715 2025; x_wconf 86' lang='grc' dir='ltr'><strong><em>ἧν</em></strong></span> <span class='ocrx_word' id='word_1_249' title='bbox 754 1988 782 2024; x_wconf 95' lang='grc' dir='ltr'><strong><em>η</em></strong></span> <span class='ocrx_word' id='word_1_250' title='bbox 811 1969 981 2013; x_wconf 84' lang='grc' dir='ltr'><strong><em>τούτων</em></strong></span> <span class='ocrx_word' id='word_1_251' title='bbox 1010 1971 1298 2041; x_wconf 83' lang='grc' dir='ltr'><strong><em>φειδομένους</em></strong></span> <span class='ocrx_word' id='word_1_252' title='bbox 1327 1986 1471 2023; x_wconf 87' lang='grc' dir='ltr'><strong><em>περιο-</em></strong></span> 
     </span>
     <span class='ocr_line' id='line_1_33' title="bbox 93 2025 1468 2095; baseline 0.001 -27"><span class='ocrx_word' id='word_1_253' title='bbox 93 2030 178 2078; x_wconf 78' lang='grc' dir='ltr'><strong><em>ριὶν</em></strong></span> <span class='ocrx_word' id='word_1_254' title='bbox 206 2025 460 2081; x_wconf 81' lang='grc' dir='ltr'><strong><em>ὑποχείριον</em></strong></span> <span class='ocrx_word' id='word_1_255' title='bbox 496 2032 589 2078; x_wconf 86' lang='grc' dir='ltr'><strong><em>τοῖς</em></strong></span> <span class='ocrx_word' id='word_1_256' title='bbox 613 2028 852 2077; x_wconf 89' lang='grc' dir='ltr'><strong><em>πολεμίοις</em></strong></span> <span class='ocrx_word' id='word_1_257' title='bbox 883 2027 1121 2095; x_wconf 83' lang='grc' dir='ltr'><strong><em>γινομένην</em></strong></span> <span class='ocrx_word' id='word_1_258' title='bbox 1155 2044 1237 2083; x_wconf 93' lang='grc' dir='ltr'><strong><em>την</em></strong></span> <span class='ocrx_word' id='word_1_259' title='bbox 1266 2029 1468 2081; x_wconf 86' lang='grc' dir='ltr'><strong><em>πατρίδα,</em></strong></span> 
     </span>
     <span class='ocr_line' id='line_1_34' title="bbox 93 2081 1553 2155; baseline 0 -30"><span class='ocrx_word' id='word_1_260' title='bbox 93 2081 122 2136; x_wconf 82' lang='grc' dir='ltr'><em>ἢ</em></span> <span class='ocrx_word' id='word_1_261' title='bbox 153 2085 208 2138; x_wconf 84' lang='grc' dir='ltr'><strong><em>τῇ</em></strong></span> <span class='ocrx_word' id='word_1_262' title='bbox 235 2082 361 2126; x_wconf 89' lang='grc' dir='ltr'><strong><em>πόλει</em></strong></span> <span class='ocrx_word' id='word_1_263' title='bbox 398 2085 681 2151; x_wconf 86' lang='grc' dir='ltr'><strong><em>βοηθοῦντας</em></strong></span> <span class='ocrx_word' id='word_1_264' title='bbox 717 2082 908 2137; x_wconf 77' lang='grc' dir='ltr'><strong><em>ἀνηλεῶς</em></strong></span> <span class='ocrx_word' id='word_1_265' title='bbox 945 2088 1163 2138; x_wconf 84' lang='grc' dir='ltr'><strong><em>φονεῦσαι</em></strong></span> <span class='ocrx_word' id='word_1_266' title='bbox 1193 2088 1366 2155; x_wconf 77' lang='grc' dir='ltr'><strong><em>πλῆθος</em></strong></span> <span class='ocrx_word' id='word_1_267' title='bbox 1393 2100 1469 2126; x_wconf 92' lang='grc' dir='ltr'><strong><em>πο-</em></strong></span> <span class='ocrx_word' id='word_1_268' title='bbox 1498 2092 1553 2132; x_wconf 88' lang='lat'><strong><em>80</em></strong></span> 
     </span>
     <span class='ocr_line' id='line_1_35' title="bbox 92 2137 1470 2210; baseline 0.001 -28"><span class='ocrx_word' id='word_1_269' title='bbox 92 2143 224 2210; x_wconf 78' lang='grc' dir='ltr'><strong><em>λιτῷν</em></strong></span> <span class='ocrx_word' id='word_1_270' title='bbox 250 2137 550 2196; x_wconf 81' lang='grc' dir='ltr'><strong><em>ἠτυχηκότων·</em></strong></span> <span class='ocrx_word' id='word_1_271' title='bbox 594 2141 699 2196; x_wconf 84' lang='grc' dir='ltr'><strong><em>ὅπερ</em></strong></span> <span class='ocrx_word' id='word_1_272' title='bbox 738 2140 813 2184; x_wconf 87' lang='grc' dir='ltr'><strong><em>καὶ</em></strong></span> <span class='ocrx_word' id='word_1_273' title='bbox 841 2141 1003 2197; x_wconf 87' lang='grc' dir='ltr'><strong><em>συνέβη</em></strong></span> <span class='ocrx_word' id='word_1_274' title='bbox 1032 2140 1251 2195; x_wconf 82' lang='grc' dir='ltr'><strong><em>γενέσθαι.</em></strong></span> <span class='ocrx_word' id='word_1_275' title='bbox 1310 2139 1470 2196; x_wconf 77' lang='grc' dir='ltr'><strong><em>ἀμυνό-</em></strong></span> 
     </span>
    </p>
   </div>
   <div class='ocr_carea' id='block_1_3' title="bbox 94 2295 1469 2854">
    <p class='ocr_par' dir='ltr' id='par_1_3' title="bbox 94 2295 1469 2854">
     <span class='ocr_line' id='line_1_36' title="bbox 94 2295 1469 2352; baseline 0.001 -22"><span class='ocrx_word' id='word_1_276' title='bbox 94 2295 152 2331; x_wconf 79' lang='lat'><strong><em>45·</em></strong></span> <span class='ocrx_word' id='word_1_277' title='bbox 177 2295 293 2352; x_wconf 78' lang='grc' dir='ltr'><strong><em>χώρᾳ]</em></strong></span> <span class='ocrx_word' id='word_1_278' title='bbox 317 2311 451 2344; x_wconf 86' lang='grc' dir='ltr'><strong><em>χωραις</em></strong></span> <span class='ocrx_word' id='word_1_279' title='bbox 473 2298 504 2331; x_wconf 84' lang='lat' dir='ltr'>F</span> <span class='ocrx_word' id='word_1_280' title='bbox 687 2298 744 2334; x_wconf 75' lang='lat'><strong><em>46.</em></strong></span> <span class='ocrx_word' id='word_1_281' title='bbox 779 2298 913 2334; x_wconf 72' lang='grc' dir='ltr'><strong><em>εαυτὸν</em></strong></span> <span class='ocrx_word' id='word_1_282' title='bbox 938 2296 1185 2344; x_wconf 65' lang='grc' dir='ltr'><strong><em>ἀνηγόρευσε]</em></strong></span> <span class='ocrx_word' id='word_1_283' title='bbox 1219 2296 1469 2344; x_wconf 81' lang='grc' dir='ltr'><strong><em>ανηγόρευσεν</em></strong></span> 
     </span>
     <span class='ocr_line' id='line_1_37' title="bbox 95 2340 1468 2390; baseline 0.002 -13"><span class='ocrx_word' id='word_1_284' title='bbox 95 2340 227 2378; x_wconf 84' lang='grc' dir='ltr'><strong><em>εαυτὸν</em></strong></span> <span class='ocrx_word' id='word_1_285' title='bbox 251 2345 281 2377; x_wconf 75' lang='lat' dir='ltr'><strong>F</strong></span> <span class='ocrx_word' id='word_1_286' title='bbox 464 2346 522 2378; x_wconf 75' lang='lat'><strong><em>47.</em></strong></span> <span class='ocrx_word' id='word_1_287' title='bbox 548 2344 618 2380; x_wconf 81' lang='grc' dir='ltr'><strong><em>αἰεὶ</em></strong></span> <span class='ocrx_word' id='word_1_288' title='bbox 642 2346 672 2379; x_wconf 84' lang='lat' dir='ltr'><strong>F</strong></span> <span class='ocrx_word' id='word_1_289' title='bbox 857 2341 901 2379; x_wconf 73' lang='grc' dir='ltr'><strong><em>ὃν</em></strong></span> <span class='ocrx_word' id='word_1_290' title='bbox 925 2345 1088 2380; x_wconf 72' lang='lat' dir='ltr'><strong>omittunt</strong></span> <span class='ocrx_word' id='word_1_291' title='bbox 1118 2345 1200 2379; x_wconf 74' lang='lat' dir='ltr'>libri</span> <span class='ocrx_word' id='word_1_292' title='bbox 1233 2358 1295 2390; x_wconf 72' lang='lat' dir='ltr'><strong><em>pos</em></strong></span> <span class='ocrx_word' id='word_1_293' title='bbox 1282 2351 1312 2380; x_wconf 84' lang='lat' dir='ltr'><strong>t</strong></span> <span class='ocrx_word' id='word_1_294' title='bbox 1334 2345 1468 2390; x_wconf 80' lang='grc' dir='ltr'><strong><em>στέφα-</em></strong></span> 
     </span>
     <span class='ocr_line' id='line_1_38' title="bbox 95 2389 1318 2436; baseline 0.002 -14"><span class='ocrx_word' id='word_1_295' title='bbox 95 2401 185 2430; x_wconf 83' lang='grc' dir='ltr'><strong><em>νον,</em></strong></span> <span class='ocrx_word' id='word_1_296' title='bbox 208 2390 337 2424; x_wconf 82' lang='lat' dir='ltr'>addunt</span> <span class='ocrx_word' id='word_1_297' title='bbox 359 2395 436 2434; x_wconf 78' lang='lat' dir='ltr'><strong>post</strong></span> <span class='ocrx_word' id='word_1_298' title='bbox 459 2391 658 2436; x_wconf 80' lang='grc' dir='ltr'><strong><em>ἱερωσύνης</em></strong></span> <span class='ocrx_word' id='word_1_299' title='bbox 864 2391 921 2425; x_wconf 76' lang='lat'><strong><em>50.</em></strong></span> <span class='ocrx_word' id='word_1_300' title='bbox 946 2389 1062 2426; x_wconf 74' lang='grc' dir='ltr'><strong><em>αὐτόν</em></strong></span> <span class='ocrx_word' id='word_1_301' title='bbox 1084 2403 1153 2425; x_wconf 85' lang='lat' dir='ltr'><strong><em>om.</em></strong></span> <span class='ocrx_word' id='word_1_302' title='bbox 1178 2391 1213 2424; x_wconf 87' lang='lat' dir='ltr'>T</span> <span class='ocrx_word' id='word_1_303' title='bbox 1237 2393 1318 2426; x_wconf 69' lang='lat' dir='ltr'>Bas.</span> 
     </span>
     <span class='ocr_line' id='line_1_39' title="bbox 94 2433 1464 2485; baseline 0 -15"><span class='ocrx_word' id='word_1_304' title='bbox 94 2433 411 2482; x_wconf 82' lang='grc' dir='ltr'><strong><em>ἐπιτετηδεῦσθαι]</em></strong></span> <span class='ocrx_word' id='word_1_305' title='bbox 434 2436 716 2481; x_wconf 80' lang='grc' dir='ltr'><strong><em>ἐπιτηδεύεσθαι</em></strong></span> <span class='ocrx_word' id='word_1_306' title='bbox 739 2439 771 2472; x_wconf 85' lang='lat' dir='ltr'><strong>F</strong></span> <span class='ocrx_word' id='word_1_307' title='bbox 885 2437 942 2471; x_wconf 81' lang='lat'><strong><em>51.</em></strong></span> <span class='ocrx_word' id='word_1_308' title='bbox 962 2436 1025 2472; x_wconf 74' lang='grc' dir='ltr'><strong><em>διὰ</em></strong></span> <span class='ocrx_word' id='word_1_309' title='bbox 1047 2437 1110 2480; x_wconf 78' lang='grc' dir='ltr'><strong><em>τό]</em></strong></span> <span class='ocrx_word' id='word_1_310' title='bbox 1137 2437 1194 2473; x_wconf 80' lang='grc' dir='ltr'><strong><em>ἐπὶ</em></strong></span> <span class='ocrx_word' id='word_1_311' title='bbox 1220 2451 1272 2485; x_wconf 73' lang='grc' dir='ltr'><strong><em>τῳ</em></strong></span> <span class='ocrx_word' id='word_1_312' title='bbox 1299 2437 1366 2472; x_wconf 84' lang='grc' dir='ltr'><strong><em>ΤΥ</em></strong></span> <span class='ocrx_word' id='word_1_313' title='bbox 1380 2438 1464 2471; x_wconf 78' lang='lat' dir='ltr'>Bas.</span> 
     </span>
     <span class='ocr_line' id='line_1_40' title="bbox 783 2496 1194 2524; baseline 0 -6"><span class='ocrx_word' id='word_1_314' title='bbox 783 2496 833 2524; x_wconf 82' lang='grc' dir='ltr'><strong><em>ως</em></strong></span> <span class='ocrx_word' id='word_1_315' title='bbox 1192 2502 1194 2504; x_wconf 89' lang='grc'><strong><em>·</em></strong></span> 
     </span>
     <span class='ocr_line' id='line_1_41' title="bbox 259 2526 1466 2574; baseline 0 -13"><span class='ocrx_word' id='word_1_316' title='bbox 259 2528 360 2572; x_wconf 88' lang='grc' dir='ltr'><strong><em>λίαν]</em></strong></span> <span class='ocrx_word' id='word_1_317' title='bbox 389 2528 524 2563; x_wconf 74' lang='grc' dir='ltr'><strong><em>τέλειον</em></strong></span> <span class='ocrx_word' id='word_1_318' title='bbox 547 2530 649 2573; x_wconf 80' lang='lat' dir='ltr'><strong><em>Qw‚</em></strong></span> <span class='ocrx_word' id='word_1_319' title='bbox 681 2530 819 2566; x_wconf 72' lang='grc' dir='ltr'><strong><em>τέλειον</em></strong></span> <span class='ocrx_word' id='word_1_320' title='bbox 844 2530 875 2564; x_wconf 82' lang='lat' dir='ltr'>F</span> <span class='ocrx_word' id='word_1_321' title='bbox 1060 2526 1254 2574; x_wconf 63' lang='grc' dir='ltr'><strong><em>εὐχαίτην]</em></strong></span> <span class='ocrx_word' id='word_1_322' title='bbox 1280 2527 1466 2573; x_wconf 78' lang='grc' dir='ltr'><strong><em>εὐχαιτίαν</em></strong></span> 
     </span>
     <span class='ocr_line' id='line_1_42' title="bbox 95 2573 1465 2623; baseline 0 -15"><span class='ocrx_word' id='word_1_323' title='bbox 95 2573 208 2617; x_wconf 60' lang='grc' dir='ltr'><strong><em>ΡΩἮῙ</em></strong></span> <span class='ocrx_word' id='word_1_324' title='bbox 389 2575 446 2610; x_wconf 82' lang='lat'><strong><em>53.</em></strong></span> <span class='ocrx_word' id='word_1_325' title='bbox 472 2573 577 2617; x_wconf 72' lang='grc' dir='ltr'><strong><em>ἄξιόν</em></strong></span> <span class='ocrx_word' id='word_1_326' title='bbox 608 2579 668 2623; x_wconf 90' lang='grc' dir='ltr'><strong><em>τι]</em></strong></span> <span class='ocrx_word' id='word_1_327' title='bbox 702 2575 789 2620; x_wconf 74' lang='grc' dir='ltr'><strong><em>ἄξια</em></strong></span> <span class='ocrx_word' id='word_1_328' title='bbox 813 2578 845 2620; x_wconf 79' lang='lat' dir='ltr'><strong>Q</strong></span> <span class='ocrx_word' id='word_1_329' title='bbox 1030 2575 1198 2610; x_wconf 80' lang='grc' dir='ltr'><strong><em>σπεύδων</em></strong></span> <span class='ocrx_word' id='word_1_330' title='bbox 1222 2581 1256 2609; x_wconf 83' lang='lat' dir='ltr'><strong><em>et</em></strong></span> <span class='ocrx_word' id='word_1_331' title='bbox 1278 2579 1355 2619; x_wconf 80' lang='lat' dir='ltr'>post</span> <span class='ocrx_word' id='word_1_332' title='bbox 1377 2574 1465 2609; x_wconf 83' lang='grc' dir='ltr'><strong><em>ταύ-</em></strong></span> 
     </span>
     <span class='ocr_line' id='line_1_43' title="bbox 94 2620 1328 2667; baseline 0.002 -15"><span class='ocrx_word' id='word_1_333' title='bbox 94 2631 160 2664; x_wconf 86' lang='grc' dir='ltr'><strong><em>της</em></strong></span> <span class='ocrx_word' id='word_1_334' title='bbox 182 2623 217 2654; x_wconf 80' lang='lat' dir='ltr'><strong><em>et</em></strong></span> <span class='ocrx_word' id='word_1_335' title='bbox 238 2623 314 2662; x_wconf 76' lang='lat' dir='ltr'><strong>post</strong></span> <span class='ocrx_word' id='word_1_336' title='bbox 335 2633 373 2654; x_wconf 86' lang='grc' dir='ltr'><strong><em>τι</em></strong></span> <span class='ocrx_word' id='word_1_337' title='bbox 395 2622 494 2663; x_wconf 77' lang='lat' dir='ltr'><strong>ponit</strong></span> <span class='ocrx_word' id='word_1_338' title='bbox 517 2623 547 2656; x_wconf 77' lang='lat' dir='ltr'>F</span> <span class='ocrx_word' id='word_1_339' title='bbox 730 2624 786 2658; x_wconf 83' lang='lat'><strong><em>59.</em></strong></span> <span class='ocrx_word' id='word_1_340' title='bbox 809 2620 1002 2667; x_wconf 71' lang='grc' dir='ltr'><strong><em>μηχανήν]</em></strong></span> <span class='ocrx_word' id='word_1_341' title='bbox 1026 2622 1197 2666; x_wconf 74' lang='grc' dir='ltr'><strong><em>μηχανὰς</em></strong></span> <span class='ocrx_word' id='word_1_342' title='bbox 1217 2622 1328 2665; x_wconf 85' lang='lat' dir='ltr'><strong><em>FQw</em></strong></span> 
     </span>
     <span class='ocr_line' id='line_1_44' title="bbox 187 2664 1465 2712; baseline 0.003 -12"><span class='ocrx_word' id='word_1_343' title='bbox 187 2664 297 2712; x_wconf 74' lang='grc' dir='ltr'><strong><em>αὐτῇ]</em></strong></span> <span class='ocrx_word' id='word_1_344' title='bbox 325 2664 456 2704; x_wconf 74' lang='grc' dir='ltr'><strong><em>αὐταῖς</em></strong></span> <span class='ocrx_word' id='word_1_345' title='bbox 475 2668 595 2712; x_wconf 80' lang='lat' dir='ltr'><strong>FQW-</strong></span> <span class='ocrx_word' id='word_1_346' title='bbox 769 2670 827 2703; x_wconf 79' lang='lat'><strong><em>61.</em></strong></span> <span class='ocrx_word' id='word_1_347' title='bbox 859 2681 933 2703; x_wconf 80' lang='grc' dir='ltr'><strong><em>των</em></strong></span> <span class='ocrx_word' id='word_1_348' title='bbox 956 2679 1025 2702; x_wconf 83' lang='lat' dir='ltr'><strong><em>om.</em></strong></span> <span class='ocrx_word' id='word_1_349' title='bbox 1049 2669 1128 2702; x_wconf 86' lang='lat' dir='ltr'><strong><em>FW</em></strong></span> <span class='ocrx_word' id='word_1_350' title='bbox 1263 2668 1321 2702; x_wconf 78' lang='lat'><strong><em>68.</em></strong></span> <span class='ocrx_word' id='word_1_351' title='bbox 1354 2678 1465 2710; x_wconf 76' lang='grc' dir='ltr'><strong><em>προς-</em></strong></span> 
     </span>
     <span class='ocr_line' id='line_1_45' title="bbox 95 2712 1463 2762; baseline -0.007 -9"><span class='ocrx_word' id='word_1_352' title='bbox 95 2712 207 2756; x_wconf 68' lang='grc' dir='ltr'><strong><em>ἧνδν]</em></strong></span> <span class='ocrx_word' id='word_1_353' title='bbox 230 2713 391 2755; x_wconf 72' lang='grc' dir='ltr'><strong><em>προῆγεν</em></strong></span> <span class='ocrx_word' id='word_1_354' title='bbox 413 2713 490 2746; x_wconf 84' lang='lat' dir='ltr'><strong><em>FW</em></strong></span> <span class='ocrx_word' id='word_1_355' title='bbox 671 2715 728 2749; x_wconf 79' lang='lat'><strong><em>73.</em></strong></span> <span class='ocrx_word' id='word_1_356' title='bbox 753 2715 956 2762; x_wconf 74' lang='grc' dir='ltr'><strong><em>συνέβαινε]</em></strong></span> <span class='ocrx_word' id='word_1_357' title='bbox 985 2715 1117 2761; x_wconf 77' lang='grc' dir='ltr'><strong><em>συνέβη</em></strong></span> <span class='ocrx_word' id='word_1_358' title='bbox 1141 2715 1222 2748; x_wconf 73' lang='lat' dir='ltr'>Bas.</span> <span class='ocrx_word' id='word_1_359' title='bbox 1408 2712 1463 2744; x_wconf 76' lang='lat'><strong><em>74.</em></strong></span> 
     </span>
     <span class='ocr_line' id='line_1_46' title="bbox 94 2756 1464 2803; baseline -0.001 -10"><span class='ocrx_word' id='word_1_360' title='bbox 94 2759 275 2802; x_wconf 79' lang='grc' dir='ltr'><strong><em>γίνεσθαι]</em></strong></span> <span class='ocrx_word' id='word_1_361' title='bbox 297 2760 470 2803; x_wconf 77' lang='grc' dir='ltr'><strong><em>γενέσθαι</em></strong></span> <span class='ocrx_word' id='word_1_362' title='bbox 491 2760 522 2794; x_wconf 80' lang='lat' dir='ltr'>F</span> <span class='ocrx_word' id='word_1_363' title='bbox 704 2762 761 2796; x_wconf 78' lang='grc'><strong><em>76.</em></strong></span> <span class='ocrx_word' id='word_1_364' title='bbox 787 2763 860 2796; x_wconf 76' lang='grc' dir='ltr'><strong><em>τῶν</em></strong></span> <span class='ocrx_word' id='word_1_365' title='bbox 884 2773 954 2794; x_wconf 86' lang='lat' dir='ltr'><strong><em>om.</em></strong></span> <span class='ocrx_word' id='word_1_366' title='bbox 978 2762 1059 2795; x_wconf 72' lang='lat' dir='ltr'>Bas.</span> <span class='ocrx_word' id='word_1_367' title='bbox 1243 2759 1300 2793; x_wconf 74' lang='lat'><strong><em>78.</em></strong></span> <span class='ocrx_word' id='word_1_368' title='bbox 1325 2756 1464 2802; x_wconf 73' lang='grc' dir='ltr'><strong><em>γινομέ-</em></strong></span> 
     </span>
     <span class='ocr_line' id='line_1_47' title="bbox 94 2806 1373 2854; baseline -0.002 -14"><span class='ocrx_word' id='word_1_369' title='bbox 94 2807 179 2850; x_wconf 82' lang='grc' dir='ltr'><strong><em>νην]</em></strong></span> <span class='ocrx_word' id='word_1_370' title='bbox 204 2807 403 2850; x_wconf 68' lang='grc' dir='ltr'><strong><em>γενομένην</em></strong></span> <span class='ocrx_word' id='word_1_371' title='bbox 427 2807 456 2840; x_wconf 76' lang='lat' dir='ltr'><strong>F</strong></span> <span class='ocrx_word' id='word_1_372' title='bbox 616 2807 672 2841; x_wconf 81' lang='lat'><strong><em>80.</em></strong></span> <span class='ocrx_word' id='word_1_373' title='bbox 697 2807 832 2854; x_wconf 82' lang='grc' dir='ltr'><strong><em>συνέβη</em></strong></span> <span class='ocrx_word' id='word_1_374' title='bbox 856 2807 1051 2854; x_wconf 76' lang='grc' dir='ltr'><strong><em>γενέσθαι]</em></strong></span> <span class='ocrx_word' id='word_1_375' title='bbox 1079 2806 1317 2850; x_wconf 78' lang='grc' dir='ltr'><strong><em>συνετελέσθη</em></strong></span> <span class='ocrx_word' id='word_1_376' title='bbox 1345 2806 1373 2838; x_wconf 78' lang='lat' dir='ltr'><strong>F</strong></span> 
     </span>
    </p>
   </div>
   <div class='ocr_carea' id='block_1_4' title="bbox 1084 2864 1191 2907">
    <p class='ocr_par' dir='ltr' id='par_1_4' title="bbox 1084 2864 1191 2907">
     <span class='ocr_line' id='line_1_48' title="bbox 1084 2864 1191 2907; baseline -0.009 0"><span class='ocrx_word' id='word_1_377' title='bbox 1084 2864 1191 2907; x_wconf 76' lang='lat'><em>96*</em></span> 
     </span>
    </p>
   </div>
  </div>
 </body>
</html>
