1820 3249
335 156 447 197 1014
708 155 826 197 LIB.
855 153 948 196 XV.
1005 154 1138 196 GAP.
1164 158 1234 198 71
1264 159 1332 200 72.

251 267 304 307 45
335 264 408 307 καὶ
426 261 561 308 τᾶλλα
580 262 722 309 πάντα
741 264 931 309 ἐπέλειπε
949 268 1041 316 τοῖς
1061 268 1286 317 Βοιωτοῖς,
1306 266 1501 321 ε’γνωσαν
1520 269 1565 310 οἷ
1583 269 1708 321 βοιω·

335 319 487 392 τάρχαι
511 321 593 377 τήν
623 324 682 373 εἰς
711 321 837 365 οἷκον
865 320 1086 365 ἐπάνοδον
1115 328 1350 367 ποιεῖσθαι.
1385 322 1711 377 ἀναζευξάντων

336 375 377 420 δ’
412 377 582 431 αὐτῶν,
622 379 696 422 καὶ
725 383 801 434 τῆς
829 379 1010 432 πορείας
1046 378 1181 434 ου’·σης
1210 380 1282 423 διὰ
1318 380 1462 436 χώρας
1492 380 1715 434 πεδιάδος,

332 431 613 505 Ἀλέξανδρος
648 434 939 505 ἐπηκολούθει
981 439 1159 486 πολλοῖς
1196 437 1368 480 ἱππεῦσι
1405 437 1479 480 καὶ
1514 442 1605 488 τοῖς
1644 436 1713 481 ἐπὶ

252 492 307 535 50
335 494 426 561 τῆς
444 489 654 548 οὐραγίας
681 491 870 535 ἐπέθετο.
901 494 989 534 τών
1021 492 1067 535 δὲ
1088 496 1296 536 Βοιωτῶν
1326 496 1368 537 οἱ
1396 509 1475 563 μεν
1502 510 1712 537 κατακον-

335 546 550 603 τιζόμενοι
588 552 777 619 συνεχῶς
800 546 1118 619 ἀπέθνησκον,
1161 551 1205 592 οἱ
1246 550 1291 593 δὲ
1329 548 1547 604 τραύμασι
1575 550 1714 606 περιέ-

335 620 510 657 πιπτον,
539 603 658 655 τέλος
689 603 732 647 6'
765 605 865 648 οὔτε
895 606 1040 660 μένειν
1072 604 1171 649 οὔτε
1201 606 1410 675 προάγειν
1440 605 1622 661 ἐώμενοι
1653 609 1712 658 εἰς

335 661 502 716 πολλὴν
532 659 773 731 ἀμηχανίαν
802 661 1038 715 ἐξέπιπτον,
1062 662 1133 706 ἅτε
1161 661 1215 718 δὴ
1245 664 1317 706 καὶ
1346 667 1431 706 τῶν
1460 663 1713 719 ἐπιτηδείων

253 721 305 764 55
335 717 642 769 σπανιζόντων.
673 717 758 788 ἤδη
789 717 832 762 δ’
864 716 1013 762 αὐτῶν
1042 719 1121 775 τὴν
1151 721 1369 792 σωτηρίαν
1391 719 1712 773 ἀπογινωσκόν-

332 790 443 822 των,
471 774 817 841 Ἐπαμεινώνδας
847 774 1084 818 ἰδιωτεύων
1112 775 1209 819 κατ’
1241 776 1408 819 ἐκεῖνον
1444 777 1523 820 τόν
1550 775 1713 832 χρόνον

332 829 420 873 υπὸ
461 836 547 874 τών
589 835 866 887 στρατιωτῶν
905 831 1163 902 κατεστάθη
1185 832 1444 904 στρατηγός·
1492 832 1627 885 εὐθύς
1667 850 1712 877 τε

333 886 529 938 διαλέξας
567 888 672 939 τούς
708 904 754 932 τε
792 888 949 940 ψιλοὺς
987 889 1059 931 καὶ
1088 887 1191 939 τούς
1221 891 1382 941 ἱππεῖς,
1412 888 1596 941 τούτους
1631 890 1712 959 μὲν

334 941 468 994 αὐτός
489 943 697 1014 οἷνέλαβε,
738 945 812 988 καὶ
841 945 1015 1000 ταχθεὶς
1054 944 1123 988 ἐπὶ
1161 949 1237 1002 τῆς
1269 944 1482 1001 οὐραγίας
1511 946 1583 990 διὰ
1612 945 1712 991 τού-

251 1005 306 1046 60
334 1016 423 1042 των
472 999 692 1045 ἀνέστελλε
737 1001 842 1053 τοὺς
893 1003 1307 1054 ἐπακολουθοῦντας
1355 1004 1591 1057 πολεμίους
1639 1003 1714 1047 και

333 1056 500 1113 πολλὴν
535 1056 779 1114 ἀσφάλειαν
816 1061 1040 1114 παρείχετο
1074 1063 1164 1109 τοῖς
1199 1060 1550 1128 προηγουμένοις
1586 1058 1713 1104 ὁπλί-

332 1126 450 1164 ταις·
482 1115 745 1170 ποιούμενος
775 1115 820 1160 δε
851 1115 990 1171 μάχας
1019 1116 1060 1167 ἐξ
1089 1114 1370 1171 υποστροφῆς
1399 1117 1472 1160 καὶ
1500 1114 1616 1168 τάξει
1645 1133 1714 1171 φι-

333 1169 520 1229 λοτέχνῳ
549 1171 772 1228 χρώμενος
803 1172 981 1216 διέσωσε
1011 1174 1059 1215 τό
1092 1172 1398 1226 στρατόπεδον.
1439 1171 1506 1216 αεὶ
1537 1174 1583 1216 δὲ
1609 1177 1715 1228 μᾶλ-

333 1231 414 1270 λον
455 1216 524 1271 διά
563 1245 653 1272 των
682 1228 1040 1284 κατορθωμάτων
1080 1229 1225 1280 αὔξων
1256 1229 1337 1286 τὴν
1365 1231 1483 1272 ἰδίαν
1514 1191 1716 1282 εὐδοξίαν

252 1287 306 1329 65
337 1280 524 1340 μεγάλης
564 1283 782 1342 ἀποδοχῆς
819 1286 1024 1341 ἐτύγχανε
1063 1285 1180 1340 παρά
1217 1301 1262 1329 τε
1291 1291 1382 1337 τοῖς
1417 1287 1634 1339 πολίταις
1641 1287 1716 1330 καὶ

334 1345 427 1390 τοῖς
480 1343 732 1398 συμμάχοις.
795 1344 838 1386 οἱ
887 1344 932 1386 δὲ
982 1346 1167 1398 Θηβαῖοι
1213 1343 1317 1394 τούς
1365 1342 1460 1388 τότε
1509 1334 1717 1398 βοιωταρ-

335 1397 553 1453 χήσαντας
592 1399 957 1450 καταδικάσαντες
985 1403 1165 1449 πολλοῖς
1203 1399 1420 1455 χρήμασιν
1459 1399 1717 1470 ἐζημίωσαν.

214 1504 216 1507 ,
251 1459 306 1498 72
338 1454 673 1524 ἐπιζητουμένης
720 1456 766 1499 δὲ
812 1472 886 1526 της
945 1457 1085 1506 αἰτίας
1137 1459 1231 1506 πῶς
1278 1456 1301 1499 6
1353 1459 1553 1506 τοιοῦτος
1602 1454 1715 1526 άνηρ

251 1518 305 1556 70
336 1511 537 1566 ἰδιώτης
555 1511 617 1554 ών
654 1512 932 1566 ἐστρατεύετο
970 1528 1076 1568 μετα
1114 1528 1203 1555 των
1243 1514 1302 1563 εἰς
1341 1514 1575 1556 Θετταλίαν
1611 1512 1716 1556 άπο-

337 1567 594 1620 σταλέντων,
625 1567 867 1614 ἀποδοτέον
896 1567 974 1612 τόν
1005 1571 1169 1612 οἰκεῖον
1197 1568 1332 1623 λόγον
1360 1573 1436 1625 τῆς
1466 1567 1717 1638 ἀπολογίας.

336 1641 389 1678 τῃ
419 1623 534 1680 μάχῃ
562 1643 614 1682 τῃ
636 1627 735 1680 περὶ
763 1626 995 1681 Κόρινθον
1019 1625 1366 1679 Ἐπαμεινώνδας
1396 1626 1608 1677 διακόψας
1636 1627 1717 1682 τὴν

339 1680 407 1724 ἐπὶ
447 1686 527 1724 τοῦ
563 1684 919 1737 προτειχίσματος
950 1683 1168 1753 φυλακὴν
1208 1686 1298 1725 τῶν
1337 1685 1716 1737 Λακεδαιμονίων,

252 1739 307 1782 75
337 1737 411 1780 καὶ
441 1737 685 1793 δυνάμενος
714 1740 905 1789 πολλοὺς
935 1737 1101 1782 άνελεῖν
1129 1754 1217 1782 των
1244 1741 1484 1794 πολεμίων,
1523 1739 1718 1796 ἠρκέσθη

333 1798 394 1864 τῷ
423 1794 717 1851 προτερήματι
747 1796 821 1839 καὶ
832 1799 925 1865 τῆς
955 1795 1023 1839 ἐπὶ
1051 1799 1201 1839 πλεῖον
1230 1795 1365 1865 μάχης
1393 1795 1569 1852 άπέστη.
1597 1813 1718 1867 γενο-

336 1850 468 1907 μένης
508 1852 554 1894 δὲ
593 1852 694 1907 περὶ
734 1851 871 1896 αὐτόν
911 1854 1061 1907 ἱκανῆς
1098 1851 1293 1903 ὑποψίας
1332 1851 1387 1904 ὡς
1423 1852 1716 1908 πεφεισμένοι*

334 1911 424 1950 τών
454 1910 817 1961 Λακεδαιμονίων
846 1910 959 1960 ἰδίας
990 1909 1116 1952 ἕνεκα
1153 1907 1337 1976 χάριτος,
1369 1910 1414 1952 οί
1442 1914 1718 1965 φθονοῦντες

338 1961 478 2007 αὐτοῦ
506 1969 559 2022 τῇ
590 1965 694 2024 δόξῃ
725 1965 881 2035 καιρὸν
912 1967 1070 2021 ἔλαβον
1101 1964 1286 2020 εὐλόγου
1317 1968 1536 2021 διαβολῆς.
1578 1966 1717 2010 ἐπενε-

255 2022 309 2063 80
337 2018 537 2075 γκάντων
567 2025 651 2064 οὐν
682 2020 800 2078 αὐτῷ
830 2024 1068 2076 προδοσίας
1090 2022 1290 2077 ἔγκλημα,
1311 2022 1358 2066 τὸ
1386 2027 1556 2078 πληθος
1581 2040 1717 2077 παρο-

1744 897 1789 932 59

337 2077 494 2130 ξυνθεν
531 2077 767 2149 ἀπέστησεν
807 2078 943 2122 αὐτὸν
961 2083 1058 2148 τῆς
1096 2080 1405 2149 βοιωταρχίας,
1436 2081 1508 2122 καὶ
1524 2079 1716 2149 ἰδιώτην
1774 2111 1778 2113 «

340 2138 530 2203 ποιησαν
569 2135 832 2185 ἐξαπέστειλε
871 2152 977 2191 μετα
1014 2139 1101 2178 τῶν
1138 2134 1291 2178 ἄλλων.
1343 2135 1401 2185 ώς
1431 2136 1477 2178 δε
1507 2135 1591 2179 άπὸ
1626 2141 1717 2179 τῶν

342 2189 696 2262 ἀποτελεσμάτων
725 2191 916 2246 ἐξήλειψε
940 2192 1016 2241 τὰς
1043 2190 1149 2235 καθ’
1182 2191 1340 2235 ἑαυτοῦ
1368 2192 1597 2248 διαβολάς,
1619 2192 1716 2236 τότε

257 2249 311 2291 85
342 2246 365 2290 6
404 2249 541 2303 δῆμος
578 2246 923 2319 ἀποκατέστησεν
955 2248 1092 2291 αὐτὸν
1131 2250 1191 2299 εἰς
1227 2247 1307 2304 τὴν
1344 2249 1717 2318 προγεγενημένην

341 2302 555 2355 εὐδοξίαν.
603 2302 695 2358 μετ’
728 2303 880 2360 ὀλίγον
923 2305 968 2347 δε
1008 2304 1173 2376 χρόνον
1212 2307 1576 2362 Λακεδαιμονίοις
1605 2305 1716 2359 πρὸς

336 2358 546 2413 Ἀρκάδας
576 2361 740 2416 εγένετο
776 2361 937 2431 μεγάλη
967 2362 1101 2430 μάχη,
1141 2361 1187 2404 ἐν
1215 2364 1242 2417 ἡ
1274 2362 1477 2413 ἐνίκησαν
1507 2365 1717 2405 Λακεδαι-

340 2416 490 2472 μόνιοι
536 2418 773 2475 ἐπιφανῶς.
826 2418 931 2475 μετά
970 2434 1055 2474 γαρ
1096 2434 1176 2475 την
1215 2419 1261 2462 ἐν
1301 2418 1542 2473 Λεύκτροις
1583 2416 1718 2476 ἧτταν

342 2562 398 2598 45.
423 2562 584 2600 ἐπέλειπε
607 2566 832 2608 Sohaemus,
854 2563 1023 2602 υπὲλειπε
1043 2564 1226 2599 Rciskius.
1247 2564 1331 2599 libri
1361 2560 1573 2601 υπελείπετο

341 2611 399 2646 49.
424 2608 591 2655 ἐπέθετο]
614 2609 772 2647 ’ὑπέθετο
796 2613 825 2646 Α
917 2612 974 2646 5).
1001 2609 1084 2647 οὕτε
1107 2610 1229 2656 μένειν
1252 2613 1316 2652 Fl,
1342 2613 1469 2646 caeteri
1495 2610 1583 2647 οὐδὲ
1596 2611 1718 2656 μένειν

434 2657 491 2691 59.
539 2656 596 2690 58.
622 2657 754 2703 αὐτὸς]
782 2656 919 2697 αὐτους
942 2659 1008 2692 AR
1188 2658 1246 2692 63.
1272 2655 1342 2701 ἀεὶ]
1370 2659 1438 2693 αἰει
1463 2670 1582 2692 omnes

387 2702 445 2736 ⁷6.
468 2704 609 2746 πλεῖον]
636 2706 786 2739 πλείονα
811 2705 919 2740 AFIL
1061 2702 1117 2737 78.
1141 2699 1294 2748 ενεκα]
1282 2702 1399 2740 ἕνεκεν
1422 2705 1501 2739 FlK
1658 2703 1717 2739 82.

343 2751 504 2794 ποιῆσαν
531 2750 778 2794 Weeselingius
801 2751 926 2784 tacito:
958 2748 1116 2790 ποιήσας
1133 2750 1236 2794 libri,
1259 2756 1296 2784 ut
1319 2750 1467 2792 videtur,
1490 2760 1606 2784 omnes

343 2795 400 2832 84.
424 2800 501 2840 post
524 2796 700 2841 διαβολάς
722 2796 886 2832 omittunt
908 2796 972 2832 καὶ
998 2797 1092 2839 F1K,
1116 2797 1280 2832 asterisco
1302 2801 1398 2833 notat
1418 2797 1617 2841 Stephanus
