1820 3249
476 180 589 223 Lm.
619 179 710 221 XX
771 178 1465 224 cAP.68.69.1521

91 292 374 366 ποιήσασθαι
370 291 455 349 τὴν
474 289 721 348 ἀναγωγήν,
737 291 812 334 καὶ
832 293 1139 364 συνενεβίβασε
1157 290 1236 336 τὸν
1255 291 1469 364 νεώτερον

90 355 182 395 τῶν
217 352 330 394 υῑων
362 349 668 419 ῌρακλείδην·
704 346 784 391 τὸν
819 347 903 403 γὰρ
919 347 1215 419 Ἀρχάγαθον
1245 347 1466 418 εὐλαβεῖτο

90 406 255 477 μήποτε
283 406 433 452 συνών
458 408 511 476 τῇ
536 408 740 475 μητρυιᾷ,
760 405 834 447 καὶ
841 403 996 477 φύσει
1025 408 1240 474 τολμηρὸς
1270 404 1354 466 ᾠτ,
1381 407 1468 449 ἐπι·
1496 408 1551 450 75

90 463 260 534 βουλὴν
285 453 384 507 κατ
401 461 556 505 αὐτοῦ
586 459 791 518 συστήσῃ.
830 460 854 505 ὁ
885 460 932 505 δ’
955 459 1227 531 ’Λρχάγαθος
1255 461 1468 506 ὑποπτεύ-

92 531 191 575 σας
202 517 343 564 αὐτοῦ
380 517 461 574 τήν
498 519 718 569 ἐπίνοιαν,
748 517 989 588 παρετήρει
1019 518 1096 563 τὸν
1125 519 1335 569 ε’κπλουν,
1368 521 1468 562 δια-

90 575 332 647 νοούμενος
363 577 558 647 μηνῦσαι
599 578 689 618 τῶν
732 573 978 645 ἡγεμόνων
1005 581 1096 627 τοῖς
1143 575 1469 619 διακωλύσουσι

88 633 175 702 τήν.
198 631 417 702 ἐπιβολήν.
474 631 619 701 ἡγεῖτο
646 629 732 687 γὰρ
761 631 907 675 δεινὰν
937 629 1049 676 εἶναι
1077 631 1126 676 τὸ
1156 636 1245 674 τῶν
1273 632 1352 687 μὲν
1379 647 1468 676 κιν-

90 688 240 734 δύνων
268 688 426 733 ἑαυτὸν
452 688 695 759 προθύμως
723 688 1036 757 μετεσχηκέναι,
1060 688 1470 762 προαγωνιζόμενον
1499 696 1554 737 80

88 749 173 790 τοῦ
201 744 367 802 πατρὸς
394 745 469 790 καὶ
497 743 740 800 τάδελφοῦ,
769 748 844 800 τῆς
874 745 920 789 δε
950 747 1166 801 σωτηρίας
1194 745 1333 799 μόνον
1361 744 1470 789 ἄπο-

91 807 360 857 στερεῖσθαι,
396 801 764 872 καταλειπόμενον
793 802 976 845 ε’κδοτον
1004 808 1097 853 τοῖς
1124 803 1354 872 πολεμίοις.
1398 801 1469 845 διὸ

91 858 146 916 δὴ
175 859 280 910 τοὺς
308 859 406 914 περὶ
435 857 512 904 τὸν
538 858 801 930 Ἀγαθοκλέα
828 859 1062 928 μέλλοντας
1089 858 1235 928 λάθρα
1264 859 1341 902 τόν
1364 857 1472 902 ἀπό-

89 921 234 960 πλουν
261 920 501 960 ποιεῖσθαι·
514 916 672 966 νυκτὸς
681 913 887 985 ἐμήνυσέ
914 926 1001 959 τισι
1028 919 1116 959 τῶν
1144 913 1387 986 ἡγεμόνων.
1428 916 1473 958 οἱ

89 972 139 1016 δὲ
165 971 500 1042 συνδραμόντες
537 972 592 1015 ού
633 971 785 1043 μόνον
813 972 1102 1024 διεκώλυσαν,
1142 971 1255 1015 ἀλλὰ
1292 972 1367 1015 καὶ
1411 975 1472 1029 τῷ
1502 978 1557 1021 85

89 1027 250 1086 πλήθει
285 1029 365 1085 τὴν
395 1029 687 1098 ῥᾳδιουργίαν
721 1028 955 1084 ἐξέθηκαν·
995 1027 1074 1098 ἐφ’
1102 1026 1172 1079 οἷς
1198 1030 1242 1071 οἱ
1270 1032 1473 1083 στρατιῶ-

89 1101 162 1130 ται
203 1089 446 1141 περιαλγεῖς
478 1085 708 1140 γενόμενοι
748 1086 991 1154 συνέλαβον
1028 1084 1107 1130 τὸν
1147 1085 1370 1142 δυνάστην
1398 1085 1473 1128 καὶ

91 1140 301 1213 δήσαντες
328 1142 592 1202 παρέδωκαν
624 1143 683 1192 είς
712 1140 930 1212 φυλακήν.

178 1196 425 1270 Ἀναρχίας
463 1213 546 1242 ουν
581 1197 817 1269 γενομένης
857 1198 905 1240 ἐν
931 1200 994 1267 τςό
1021 1197 1308 1268 στρατοπέδῳ
1337 1197 1470 1251 θόρυ-

90 1258 171 1311 βος
198 1251 255 1324 ἦν
289 1256 363 1299 καὶ
390 1252 578 1310 ταραχή,
616 1254 690 1298 καὶ
717 1258 794 1310 τῆς
828 1254 988 1304 νυκτὸς
1016 1243 1316 1324 ἐπιλαβούσης
1336 1255 1471 1298 διεδό-

89 1316 151 1367 θη
180 1309 312 1367 λόγος
342 1309 401 1361 ὥς
433 1312 617 1366 πλησίον
647 1311 756 1354 εἰσὶν
787 1312 831 1354 οἱ
859 1311 1068 1365 πολέμιοι.
1129 1309 1399 1381 ἐμπεσούσης
1429 1312 1475 1355 δὲ

91 1368 257 1418 πτοίας
271 1367 348 1412 καὶ
365 1365 514 1423 φόβου
542 1370 747 1419 πανικοῦ,
754 1367 1128 1436 διεσκευασμένος
1157 1367 1338 1419 εκαστος
1366 1383 1474 1420 προ-

89 1428 194 1493 ῆγεν
222 1423 270 1467 ἐκ
298 1427 374 1478 τῆς
402 1426 680 1492 παρεμβολῆς
711 1420 896 1474 οὐδενὸς
922 1425 1313 1492 παραγγέλλοντος.
1364 1423 1471 1469 καθ’

91 1479 146 1524 ὃν
184 1479 237 1537 δὴ
269 1480 433 1550 χρόνον
470 1482 513 1523 οἱ
551 1479 631 1523 τὸν
671 1480 892 1535 δυνάστην
925 1478 1361 1550 παραφυλάττοντες,
1393 1480 1474 1537 οὐχ
1506 1486 1589 1526 100

89 1531 225 1593 ἦττον
251 1540 342 1580 τῶν
369 1536 513 1580 ἄλλων
539 1536 886 1608 ἐκπεπληγμένοι
905 1537 978 1580 καὶ
1008 1537 1212 1587 δόξαντες
1233 1535 1321 1580 ὑπό
1342 1553 1478 1581 τινων

92 1597 346 1652 καλεῖσθαι,
377 1592 542 1663 ταχέως
580 1593 733 1661 ἐξῆγοι
769 1593 849 1636 τὸν
875 1591 1142 1649 Ἀγαθοκλέα
1172 1594 1478 1663 διειλημμένον

93 1647 392 1706 δεσμοῖς.τὸ
422 1650 469 1694 δὲ
496 1652 668 1720 πλῆθος
696 1667 757 1702 ως
785 1648 922 1702 εἶδεν,
954 1651 1016 1701 εἰς
1046 1650 1167 1694 ε’λεον
1196 1649 1371 1721 ἐτράπη,
1404 1652 1479 1694 καὶ

91 1707 252 1758 πάντες
280 1705 476 1778 ἐπεβόων
514 1705 709 1762 ἀφεῖναι.
770 1705 794 1750 ὁ
836 1706 883 1750 δὲ
911 1707 1061 1756 λυθεὶς
1089 1706 1162 1750 καὶ
1191 1706 1286 1776 μετ’
1316 1706 1477 1776 ὀλίγων

91 1763 230 1821 ἐμβάς
257 1765 316 1814 εἰς
343 1763 393 1807 τό
424 1768 684 1833 πορθμεῖον,
715 1763 872 1807 ε’λαθεν
900 1761 1138 1813 ἐκπλεύσας
1163 1779 1275 1806 κατα
1304 1763 1383 1825 τὴν
1401 1762 1477 1807 δύ·
1536 1769 1560 1809 5

97 1832 169 1863 σιν
190 1823 274 1876 τῆς
303 1818 517 1871 Πλειάδος
553 1835 766 1877 χειμωνος
799 1818 939 1870 ὄντος
1009 1821 1141 1870 οὗτος
1170 1819 1248 1875 μὲν
1278 1825 1362 1863 οὐν
1400 1823 1476 1871 τῆς

94 1877 209 1927 ἰδίας
249 1878 465 1932 σωτηρίας
493 1878 741 1946 φροντίσας
776 1877 1020 1946 ἐγκατέλιπε
1057 1877 1161 1926 τούς
1197 1876 1348 1927 υἱούς·
1394 1876 1476 1928 οὓς

97 1935 142 1977 οἱ
171 1936 430 1988 στρατιῶται
459 1931 536 1976 τὸν
577 1933 775 2002 δρασμὸν
813 1932 1079 1984 ἀκούσαντες
1117 1930 1251 1983 εὐθὺς
1280 1931 1476 1987 ἀπέσφα-

96 1990 195 2042 ξαν,
236 1989 312 2034 καὶ
351 1989 621 2045 στρατηγούς
666 1990 710 2042 ἐξ
747 1990 918 2033 ἑαυτῶν
959 1989 1158 2059 ἑλόμενοι
1207 1991 1476 2051 διελύθησαν
1506 2000 1559 2042 10

95 2045 208 2100 πρὸς
247 2048 614 2116 Καρχηδονίους,
647 2045 750 2097 ω’ςτε
794 2063 871 2097 τας
910 2044 1057 2097 πόλεις
1095 2044 1147 2097 ἂς
1184 2050 1302 2101 εἰχον
1338 2062 1478 2101 παρα-

17 2107 87 2149 457
99 2104 256 2148 δοῦναι
283 2103 358 2146 καὶ
386 2105 535 2172 λαβεῖν
562 2102 754 2146 τάλαντα
781 2101 1034 2158 τριακόσια,
1071 2103 1146 2146 καὶ
1172 2104 1277 2154 τοὺς
1306 2102 1384 2158 μὲν
1413 2105 1478 2146 αἱ-

97 2159 341 2231 ρουμένους
357 2159 464 2214 μετὰ
482 2160 800 2228 Καρχηδονίων
830 2159 1079 2230 στρατεύειν
1096 2160 1351 2216 κομίζεσθαι
1372 2176 1478 2211 τους

97 2215 189 2261 ἀεὶ
207 2215 466 2272 διδομένους
502 2215 716 2272 μισθούς,
753 2216 856 2267 τοὺς
897 2214 941 2259 δ’
982 2215 1142 2267 α’λλους
1179 2217 1240 2267 εἰς
1269 2218 1477 2260 Σικελίαν

97 2269 459 2342 διακομισθέντας
497 2275 649 2327 λαβεῖν
685 2273 937 2345 οἰκητήριον
973 2276 1222 2317 Σολοῦντα.
1278 2276 1368 2315 τῶν
1396 2273 1474 2328 μὲν
1504 2277 1557 2320 15

99 2344 183 2372 ουν
214 2332 490 2384 στρατιωτων
530 2331 574 2373 οἱ
602 2322 778 2381 πλείους
807 2330 1078 2387 ἐμμείναντες
1105 2334 1201 2380 ταῖς
1231 2327 1475 2387 συνθήκαις

1501 1177 1558 1216 61)

1502 1233 1558 1275 95

99 2495 157 2530 72.
179 2496 455 2554 συνενεβίβασε]
481 2497 565 2532 libri
587 2499 732 2548 συνεβίβ
709 2501 798 2546 βασε
977 2498 1036 2535 74.
1066 2497 1211 2542 συνωι]
1237 2496 1410 2535 συνόντα
1442 2499 1474 2533 F

295 2544 371 2587 mv]
408 2555 498 2578 οντα
530 2545 560 2578 F
750 2547 808 2581 86.
839 2543 1061 2591 συνέλαβον]
1097 2543 1343 2593 συνελάβοντο
1382 2546 1473 2586 WY‚

146 2585 304 2644 adeona
334 2588 400 2624 τόν
434 2589 619 2646 δυνάστην

101 2634 300 2671 συνέπεσον
329 2637 384 2682 τῷ
405 2634 564 2692 δυνάστῃ
589 2638 619 2672 1⁴·
742 2636 952 2682 γενόμενοι]
983 2637 1171 2681 γινόμενοι
1192 2637 1277 2671 Bas.
1413 2635 1472 2669 9⁴.

99 2681 316 2726 γενομένης]
347 2682 541 2727 γινομένης
563 2684 593 2717 F
729 2685 786 2719 96.
820 2681 1047 2729 ἐμπεσούσης
1067 2684 1360 2718 Rhodomannus:
1390 2681 1473 2715 libri

100 2725 322 2784 ἐκπεσούσης
455 2728 514 2763 97.
537 2729 691 2775 πτοίας]
721 2731 838 2773 πτοῆς
861 2732 940 2765 Βοε.
1071 2731 1105 2766 ’2..
1128 2729 1279 2775 ἐξῆγον]
1303 2728 1476 2772 ἐξῆλθον,

99 2773 219 2807 addito
242 2772 480 2815 ἀπολιπόντες
504 2785 565 2818 pos
551 2780 581 2809 „t
603 2777 761 2819 δεσμοῖς,
785 2777 863 2810 FW
999 2776 1033 2810 3.
1059 2756 1175 2822 εἶδεν]
1201 2777 1278 2813 ιδεν
1302 2776 1382 2810 Bas.

192 2818 458 2856 457.13.άεὲ
483 2821 702 2866 διδομένους
725 2823 815 2867 Fw,
840 2822 966 2857 caeteri
991 2823 1215 2914 6s6op5v51÷s
