1820 3249
304 164 414 208 1122
669 153 804 201 ἰῆς.
835 159 939 201 xvl.
981 161 1107 202 cAP
1135 165 1204 204 99.
1225 166 1293 204 99.

303 263 678 344 τετελευτηκότων,
705 274 922 342 διςχιλίων
939 270 981 317 δ’
995 273 1286 343 αἰχμαλώτων
1301 271 1562 344 γεγονότων,
1581 289 1680 326 τρο-

303 333 438 375 παίου
468 330 514 374 δὲ
542 330 653 374 κατὰ
681 334 755 399 τῇς
790 329 956 402 πόλεως
989 329 1238 401 ἑστηκότος,
1286 335 1362 386 τῆς
1399 329 1443 374 δ’
1476 328 1682 381 Ελλάδος

304 383 474 445 άπάσης
504 387 820 442 δουλευούσης,
853 389 922 431 καὶ
952 387 1120 431 τούτων
1149 387 1355 431 ἁπάντων
1386 386 1682 443 γεγενημένων

220 454 275 495 60
305 451 389 490 σοῦ
430 444 680 501 ηγουμὲνου
716 462 790 487 και
829 449 1197 515 στρατηγοῦντος,
1237 449 1398 516 τολμᾷς
1429 449 1505 499 ζῆν
1532 445 1606 487 καὶ
1631 444 1681 487 τὸ

302 506 384 547 τοῦ
424 504 552 557 ηλίου
594 506 688 556 φῶς
731 501 858 573 δρᾶν
884 502 956 544 καὶ
1005 503 1063 553 εἰς
1101 502 1191 572 τὴν
1228 501 1397 557 ἀγοράν
1442 501 1682 557 ἐμβάλλειν,

301 560 542 615 υπόιινημα
583 560 774 614 γεγονώς
815 558 1020 628 αἰσχύνης
1057 560 1130 602 καὶ
1170 557 1367 628 ὀνείδους
1400 562 1453 615 τῇ
1484 561 1682 612 πατρίδι;

303 620 421 685 ι’διον
460 617 506 660 δέ
551 633 592 659 τι
630 616 791 686 συνέβη
837 616 1046 684 γενέσθαι
1079 615 1189 659 κατά
1228 616 1346 687 τούς
1369 616 1685 669 ὑποκειμένους

303 674 504 731 χρόνους.
561 671 665 716 καθ’
708 690 758 716 ον
796 672 878 727 γάρ
919 671 1076 726 καιρόν
1115 690 1142 728 η
1172 674 1271 727 περὶ
1299 672 1380 742 τὴν
1409 672 1762 725 Xa09c5vaav150

219 736 319 780 65
304 733 470 801 ἐγένετο
482 729 628 801 μάχη,
659 729 723 772 έτε
714 730 784 782 ’ρα
803 728 1038 784 παράταξις
1058 729 1242 801 συνέστη
1267 730 1377 773 κατὰ
1396 730 1476 800 τὴν
1502 729 1685 773 Ιταλίαν

302 793 354 846 τῆ
387 787 501 857 αὐτῇ
527 786 668 844 ημέρα
696 788 768 830 καὶ
799 785 918 843 ω’ρα,
949 786 1335 842 διαπολεμούντων
1365 804 1443 843 μεν
1477 789 1688 841 Ταραντί-

303 854 393 890 νων
422 844 531 898 πρὸς
554 842 820 894 ΛευκανούςἼ
850 844 1260 900 συναγωνιζομένου
1292 844 1337 887 δὲ
1360 849 1450 895 τοῖς
1469 845 1688 914 Ταραντί-

304 908 401 955 νοις
428 900 684 971 Ἀρχιδάμου
714 904 793 943 τοῦ
817 902 1184 970 Λακεδαιμονίων
1210 900 1433 958 βασιλέως,
1465 900 1535 944 ὅτε
1567 901 1689 944 συνέ-

307 963 377 1014 βη
400 959 475 1002 καὶ
516 956 654 1000 αὐτὸν
693 955 984 1014 ἀναιρεθῆναι
1017 959 1097 1002 τὸν
1120 955 1395 1030 Ἀρχίδαμον.
1453 959 1581 1009 οὗτος
1611 972 1690 1013 μεν

223 1024 277 1062 70
309 1015 391 1060 οὖν
421 1017 522 1071 ἦρξε
548 1031 637 1058 των
667 1017 1027 1069 Λακεδαιμονίων
1056 1015 1159 1086 ἔτη
1166 1017 1263 1069 τρία
1301 1015 1377 1058 καὶ
1407 1016 1570 1066 εἴκοσι,
1611 1015 1690 1070 τὴν

305 1075 351 1117 δε
382 1073 604 1143 βασιλείαν
634 1071 940 1128 διαδεξάμενος
970 1071 993 1116 ὁ
1023 1071 1120 1124 υίός
1143 1067 1261 1142 ῑΑγις
1289 1068 1462 1128 ἦρξεν’
1435 1074 1520 1143 ε’τη
1549 1072 1690 1115 ἐννέα.

307 1130 395 1199 ἅμα
430 1129 475 1173 δὲ
508 1129 681 1180 τούτοις
705 1131 1022 1200 πραττομένοις
1046 1129 1260 1185 Τιμόθεος
1291 1130 1314 1174 6
1345 1133 1421 1186 τῆς
1435 1127 1692 1180 Ηρακλείας

305 1189 383 1244 της
415 1187 460 1230 ἐν
489 1189 549 1244 τῷ
583 1186 741 1256 Πόντῳ
772 1185 990 1240 τύραννος
1026 1186 1266 1242 ἐτελεύτησε
1296 1187 1591 1237 δυναστεύσας
1619 1185 1691 1256 ἔτη

222 1248 290 1290 75
307 1245 625 1302 πεντεκαίδεκα,
655 1259 750 1317 την
767 1243 813 1287 δε
841 1245 1083 1298 τυραννίδα
1113 1243 1419 1299 διαδεξάμενος
1450 1243 1473 1287 6
1502 1242 1692 1300 άδελφὸς

308 1300 563 1372 Aa6266zo'9,
577 1296 750 1356 ἧρξεν’
738 1301 808 1356 ε’τη
843 1301 942 1344 δυσὶ
971 1303 1104 1344 πλείω
1134 1317 1222 1344 των
1251 1301 1501 1356 τριάκοντα.

222 1365 278 1404 89
405 1355 511 1402 Ἐπ’
547 1357 753 1413 α’ρχοντος
787 1357 831 1401 δ’
857 1356 1065 1428 Ἀθήνησι
1091 1359 1318 1414 Φρυνίχου
1343 1357 1550 1413 Ρωμαῖοι
1572 1356 1694 1401 κατέ-

312 1427 474 1472 στησαν
515 1414 709 1466 ὑπάτους
754 1416 886 1458 Τίτον
915 1414 1123 1458 Μάλλιον
1167 1419 1452 1467 Τορκουᾶτον
1490 1415 1563 1458 καὶ
1604 1412 1693 1458 Πό-

228 1478 282 1518 80
311 1477 441 1516 πλιον
469 1471 644 1515 Δέκιον.
705 1472 773 1515 ἐπὶ
812 1472 858 1516 δὲ
893 1472 1063 1515 τούτων
1096 1473 1312 1523 Φίλιππος
1341 1471 1363 1516 6
1395 1471 1596 1529 βασιλεύς
1625 1487 1694 1515 πε-

307 1527 721 1599 φρονηματισμένος
768 1546 820 1585 τῃ
864 1530 963 1584 περὶ
1003 1528 1297 1583 Χαιρώνειαν
1314 1531 1446 1601 νίκῃ,
1496 1530 1570 1572 καὶ
1617 1529 1694 1579 τάς

305 1585 650 1642 ἐπιφανεστάτας
678 1588 823 1636 πόλεις
853 1585 1276 1656 καταπεπληγμένος,
1309 1585 1610 1655 ἐφιλοτιμεῖτο
1628 1602 1695 1642 γε-

306 1645 463 1688 νέσθαι
501 1643 642 1700 πάσης
678 1647 754 1714 τῆς
784 1642 990 1695 Ἑλλάδος
1018 1642 1216 1712 ἡγεμών.
1276 1643 1457 1694 διαδούς
1487 1645 1532 1687 δὲ
1561 1641 1697 1699 λόγον

308 1701 375 1745 ότι
406 1699 610 1757 βούλεται
647 1701 759 1754 πρὸς
792 1701 966 1771 Πέρσας
1002 1699 1114 1755 ὑπὲρ
1143 1717 1234 1744 των
1257 1699 1498 1771 Ἑλλήνων
1503 1700 1697 1755 πόλεμον

224 1759 279 1802 85
309 1758 518 1814 αρασθαι,
545 1758 619 1801 καὶ
649 1759 798 1813 λαβεῖν
828 1755 936 1811 παρ’
971 1756 1117 1801 αὐτῶν
1148 1759 1272 1808 δίκας
1300 1756 1413 1810 ὑπερ
1445 1762 1521 1814 τῆς
1552 1760 1611 1809 εἰς
1642 1756 1695 1800 τά

309 1816 406 1869 ἵερὰ
436 1814 672 1871 γενομένης
710 1815 1010 1871 παρανομίας,
1050 1816 1192 1866 ἰδίους
1231 1814 1336 1865 τούς
1360 1815 1574 1886 Έλληνας
1603 1819 1698 1865 ταῖς

310 1873 504 1923 εὐνοίαις
534 1872 782 1929 ἐποιήσατο
843 1870 1258 1942 φιλοφρονούμενος
1290 1873 1335 1916 δὲ
1364 1872 1476 1926 πρὸς
1499 1871 1696 1922 ἅπαντας

310 1931 385 1974 καὶ
419 1930 508 1985 ἰδία
537 1929 612 1972 καὶ
653 1945 781 2001 κοινῃ
818 1934 912 1980 ταῖς
949 1927 1128 1972 πόλεσιν
1158 1927 1424 1999 ἀπεφαίνετο
1454 1928 1696 2001 βούλεσθαι

227 1993 280 2032 90
311 1989 593 2043 διαλεχθῆναι
621 1987 720 2054 περὶ
747 1990 838 2029 τῶν
869 1983 1199 2057 συμφερόντων.
1259 1985 1411 2040 διόπερ
1452 1987 1500 2029 ἐν
1531 1986 1696 2039 Κορίν-

309 2049 380 2101 θῳ
418 2047 499 2087 τοῦ
536 2048 696 2087 κοινοῦ
734 2045 969 2096 συνεδρίου
1010 2041 1302 2113 συναχθέντος
1332 2044 1571 2098 διαλεχθεὶς
1597 2040 1698 2096 περὶ

310 2104 392 2144 τοῦ
432 2099 545 2155 πρὸς
578 2100 750 2171 Πέρσας
785 2101 1003 2156 πολέμου,
1048 2101 1122 2144 καὶ
1159 2100 1347 2156 μεγάλας
1379 2099 1553 2151 ἐλπίδας
1584 2099 1697 2142 ὑπο-
1730 2140 1734 2143 ,

310 2161 430 2209 θείς,
473 2159 772 2230 προετρέψατρ
810 2158 916 2208 τούς
951 2157 1195 2228 συνέδρους
1225 2159 1284 2209 εἰς
1313 2155 1519 2228 πόλεμον.
1577 2155 1698 2206 τέλος

312 2217 359 2258 δὲ
388 2217 476 2261 τῶν
499 2213 717 2268 Ελλήνων
747 2213 964 2284 ελομένων
994 2213 1131 2259 αὐτὸν
1161 2212 1403 2270 στρατηγὸν
1433 2211 1699 2284 αὐτοκράτο-

227 2273 280 2312 95
312 2289 375 2344 ρα
397 2276 495 2342 τῆς
495 2270 705 2324 Ελλάδος
728 2271 923 2329 μεγάλας
952 2272 1233 2328 παρασκευάς
1262 2271 1448 2315 ἐποιεῖτο
1478 2271 1589 2326 πρὸς
1618 2285 1700 2326 την

310 2329 380 2372 ἐπὶ
417 2345 524 2380 τους
562 2329 743 2403 Πέρσας
769 2330 1012 2385 στρατείαν.
1075 2329 1278 2380 διατάξας
1310 2326 1353 2372 δ’
1379 2328 1546 2399 ἑκάστῃ
1576 2327 1700 2372 πόλει

310 2385 359 2431 τὰ
388 2389 559 2444 πλῆθος
587 2391 677 2431 τῶν
707 2389 767 2439 εἰς
788 2388 1047 2444 συμμαχίαν
1076 2390 1355 2443 στρατιωτων
1374 2386 1620 2445 ἐπανῆλθεν
1640 2386 1703 2437 εἰς

310 2557 368 2602 57.
416 2568 623 2613 τροπαίου]
649 2565 830 2613 τρόπαιον
853 2571 881 2604 Υ
1069 2569 1127 2605 62.
1173 2570 1220 2617 τῆ
1247 2581 1317 2605 om.
1339 2570 1424 2605 Bas.

406 2636 447 2669 15
435 2637 485 2670 10·
510 2637 565 2670 (59
617 2650 786 2678 ουτος-
800 2640 856 2674 71.
884 2636 991 2674 ἐννέα
1018 2649 1086 2673 om.
1112 2639 1201 2683 Cosp
1204 2652 1243 2674 us
1428 2638 1482 2672 70
1529 2634 1615 2676 τρια
1637 2631 1699 2668 καὶ

314 2681 451 2726 εἴκοσι]
477 2683 677 2726 εἰκοσιτρία
697 2685 728 2717 F
911 2685 967 2718 73.
1013 2684 1242 2729 ἐτελεύτησεν
1268 2698 1327 2728 pos
1314 2690 1344 2718 bt
1368 2684 1428 2727 ἔτη
1448 2695 1478 2717 ιε
1502 2681 1596 2724 ponit
1619 2681 1698 2713 Bas.

494 2729 551 2762 74.
589 2731 869 2776 πεντεκαίδεκα]
900 2733 1030 2765 decimo
1055 2738 1176 2776 quarto
1202 2732 1267 2764 Cos
1272 2742 1334 2775 >us
1501 2727 1557 2762 75
1595 2723 1699 2760 οἷδελ-

314 2773 408 2819 φός]
436 2773 515 2816 υἱὸς
529 2777 629 2810 FLY
654 2778 733 2810 Bas
741 2771 907 2822 ,(Ζοεριιέ
1092 2778 1149 2811 78.
1199 2776 1391 2821 Μάλλιον]
1416 2772 1552 2820 μάλιον
1576 2774 1606 2808 F
1623 2784 1699 2807 sae-

313 2821 389 2864 pius
573 2823 631 2857 87.
644 2827 757 2872 φιλ.
781 2837 820 2860 τε
842 2824 917 2867 FL,
941 2823 1069 2859 caeteri
1091 2828 1171 2870 φιλ.
1197 2822 1238 2860 δὲ
1279 2830 1289 2837 ·“
