1820 3249
314 125 422 166 1406
673 121 790 170 Lm.
820 126 926 168 XIX
982 128 1115 171 GAP.
1143 133 1210 174 66.
1241 136 1308 176 67

229 241 283 284 40
308 234 590 308 Ἀλεξάνδρου
619 238 780 294 χρόνον
808 239 887 296 μέν
923 257 1022 285 τινα
1058 241 1140 300 τήν
1166 240 1351 315 ἡσυχίαν
1385 241 1518 300 ἦγον,
1547 262 1673 290 κατα-

309 295 601 364 πεπληγμένοι
629 297 677 338 τὸ
708 297 889 351 μέγεθος
914 303 988 355 τῆς
1019 305 1257 355 συμφορᾶς,
1289 301 1376 354 άμα
1405 302 1449 345 δὲ
1479 303 1550 346 καὶ
1570 315 1673 358 συμ-

309 350 458 423 μάχων
497 352 616 402 ὄντες
656 353 830 420 ἶς’·ρημοι
878 357 982 409 μετα
1022 357 1067 399 δέ
1103 374 1200 400 τινα
1243 358 1404 413 χρόνον
1444 359 1486 412 ἐξ
1514 361 1673 414 Αἰγίου

307 410 412 458 τοὺς
447 407 758 465 Ἀριστοδήμου
793 412 1100 485 μισθοφόρους
1124 415 1512 486 μεταπεμψάμενοι
1542 416 1673 460 πάλιν

225 467 278 510 45
308 465 510 512 ἐπέθεντο
551 483 602 522 τη
644 473 838 525 φρουρᾷ,
879 471 951 512 καὶ
981 470 1283 524 κυριεύσαντες
1317 477 1390 526 τῆς
1429 472 1567 525 ἄκρας
1594 472 1674 528 τὴν

305 523 384 577 μὲν
424 521 577 564 πόλιν
583 516 919 593 ἠλευθέρωσαν,
959 530 1045 568 τῶν
1085 527 1130 570 δὲ
1160 528 1539 583 καταλειφθέντων
1569 533 1674 581 τοὺς

304 580 529 628 πλείστους
568 577 894 636 ἀποσφάξαντες
929 589 1186 626 συνανεῖλον
1220 586 1292 627 καὶ
1329 590 1417 628 τῶν
1447 587 1571 629 ἰδίων
1600 602 1674 630 πο-

220 639 276 677 67
307 639 438 677 λιτῶν
471 635 579 678 ὅσοι
596 637 707 687 πρός
729 637 1009 691 Ἀλέξανδρον
1038 638 1154 694 εἶχον
1179 643 1346 711 φιλίαν
1391 641 1478 695 ἅμα
1510 642 1555 686 δὲ
1576 643 1676 685 τού-

221 697 275 736 50
304 708 395 742 τοις
423 693 736 747 πραττομένοις
757 693 1031 748 Ἀλέξανδρος
1060 713 1139 750 μεν
1167 696 1190 739 ὁ
1224 698 1646 771 Πολυσπέρχοντος’
1628 715 1676 742 εκ

302 752 530 800 Σικυῶνος
561 749 868 805 ἀναζευγνύων
896 751 1001 804 μετὰ
1032 756 1120 821 τῆς,
1136 753 1358 809 δυνάμεως
1386 754 1465 797 ὑπ’
1490 754 1673 806 Ἀλεξίω-

302 821 379 855 νος
417 810 495 849 τοῦ
534 808 789 850 Σικυωνίου
826 809 899 850 καί
936 824 1077 851 τινων
1103 808 1246 852 ἄλλων
1289 812 1675 866 προςποιουμένων

302 867 416 904 εἰναι
446 864 586 917 φίλων
624 863 844 932 ἀνῃρέθη
884 862 910 919 ἡ
952 864 997 908 δε
1031 864 1142 935 γυνὴ
1182 870 1505 936 Κρατησίπολις
1536 870 1675 911 διαδε-

303 919 462 973 ξαμένη
492 918 542 961 τὰ
573 918 805 987 πράγματα
832 925 998 977 συνεῖχε
1029 921 1075 964 τὸ
1109 922 1421 977 στρατόπεδον,
1452 924 1672 979 ἀγαπωμέ-

220 977 273 1019 55
302 992 357 1047 νη
403 974 695 1029 διαφερόντως
731 975 818 1019 ὑπὸ
858 982 947 1020 τῶν
986 983 1260 1034 στρατιωτων
1299 981 1370 1023 δια
1400 981 1478 1030 τοὶς
1509 980 1678 1035 εὐεργε-

304 1034 433 1081 σίας·
458 1032 630 1075 διετέλει
658 1032 740 1088 γὰρ
771 1037 1002 1103 βοηθοῦσα
1031 1041 1121 1086 τοῖς
1147 1035 1355 1091 ἀτυχοῦσι
1385 1038 1457 1080 καὶ
1486 1038 1678 1088 πολλούς

301 1092 388 1130 τῶν
435 1087 612 1143 ἀπόρων
649 1089 1032 1160 ὑπολαμβάνουσα.
1102 1098 1159 1148 ἠν
1203 1095 1248 1137 δὲ
1292 1094 1388 1148 περὶ
1429 1093 1568 1149 αὐτὴν
1604 1094 1678 1137 καὶ

303 1144 476 1195 σύνεσις
503 1147 775 1202 πραγματικὴ
807 1149 880 1190 καὶ
919 1148 1056 1203 τόλμα
1086 1151 1242 1203 μείζων
1278 1149 1306 1205 ἢ
1337 1167 1445 1193 κατα
1470 1155 1676 1205 γυναῖκα.

301 1206 390 1245 τών
427 1202 510 1257 γοὶρ
543 1206 805 1246 Σικυωνίων
842 1205 1273 1261 καταφρονησάντων
1318 1205 1452 1263 αὐτῆς
1488 1207 1559 1250 δια
1597 1223 1676 1274 την

218 1260 272 1300 60
301 1262 383 1301 τοῦ
432 1258 594 1331 ανδρὸς
641 1260 863 1316 τελευτήν,
918 1263 992 1305 καὶ
1038 1262 1383 1316 συνδραμόντων
1436 1279 1560 1333 μετα
1586 1267 1676 1305 τῶν

301 1314 448 1359 ὅπλων
477 1316 545 1359 ἐπὶ
551 1315 657 1387 τὴν
683 1317 956 1371 ἐλευθερίαν,
995 1319 1330 1389 παραταξαμένη
1359 1319 1433 1363 καὶ
1461 1318 1676 1389 νικήσασα

298 1372 489 1423 πολλους
517 1390 598 1443 μεν
630 1372 791 1423 οἷνεῖλε,
822 1377 1103 1444 συλλαβοῦσα
1137 1375 1182 1418 δὲ
1212 1376 1307 1429 περὶ
1337 1375 1571 1430 τριάκοντα
1596 1375 1675 1419 τὸν

299 1428 491 1484 οἷριθμὸν
530 1428 869 1498 ἀνεσταύρωσεν
929 1430 1257 1504 ἀσφαλισαμένη
1288 1433 1334 1475 δε
1372 1432 1424 1475 τά
1455 1432 1565 1476 κατά
1593 1448 1676 1488 την

214 1482 268 1524 65
297 1485 427 1528 πόλιν
455 1485 712 1561 ἐδυνάστευε
741 1505 829 1532 των
852 1491 1125 1540 Σικυωνίων,
1152 1488 1308 1545 ἔχουσα
1336 1491 1528 1540 πολλοὺς
1550 1502 1676 1542 στρα-

295 1543 453 1596 ’τιεότας
492 1544 691 1600 ἑτοίμους
730 1547 789 1596 εἰς
827 1545 968 1589 πάντα
998 1548 1218 1590 κίνδυνον.
1276 1546 1349 1589 καὶ
1385 1546 1437 1589 τὰ
1469 1546 1549 1603 μὲν
1577 1546 1675 1601 περὶ

297 1601 638 1672 Πελοπόννησον
668 1602 715 1645 έν
743 1602 921 1674 τούτοις
946 1605 1012 1659 ἠν.

410 1658 702 1713 Κάσσανδρος
742 1657 787 1702 δ’
831 1658 949 1714 ὁρῶν
989 1658 1092 1711 τούς
1129 1658 1351 1709 Αἰτωλοὺς
1388 1661 1674 1713 συναγωνιζο-

297 1715 455 1769 μένους
483 1716 561 1771 μὲν
588 1715 840 1788 Ἀντιγόνῳ,
873 1715 1065 1770 πόλεμον
1094 1715 1138 1758 δ’
1169 1716 1343 1771 ἔχοντας
1373 1715 1537 1786 ὅμορον
1563 1715 1674 1769 πρὸς

211 1772 266 1811 70
291 1772 573 1826 Ἀκαρνᾶνας,
603 1773 743 1825 ἔκρινε
774 1772 1009 1828 συμφέρειν
1040 1772 1127 1841 ἅμα
1155 1772 1407 1827 συμμάχους
1429 1788 1507 1827 μεν
1523 1770 1672 1824 ’-Ακαρ

294 1833 432 1880 νᾶνας
459 1829 754 1897 ποιήσασθαι,
785 1834 1049 1872 ταπεινῶσαι
1080 1828 1124 1872 δὲ
1153 1829 1255 1879 τούς
1286 1828 1524 1879 Αἰτωλούς.
1577 1827 1674 1871 διό-

293 1902 375 1938 περ
417 1884 649 1938 ἀναζεύξας
691 1887 737 1929 ἐκ
766 1887 1045 1936 Μακεδονίας
1083 1901 1188 1940 μετα
1227 1884 1451 1941 δυνάμεως
1489 1884 1675 1940 μεγάλης

294 1945 399 2011 ἡκεν
428 1944 487 1993 εἰς
514 1944 755 1992 Αἰτωλίαν,
784 1944 855 1985 καὶ
886 1942 1330 1997 κατεστρατοπέδευσε
1359 1942 1459 1995 περὶ
1487 1941 1564 1984 τὸν
1592 1958 1674 1984 κα-

294 1998 527 2054 λούμενον
556 1997 807 2052 Καμπύλον
864 1998 1074 2052 ποταμόν.
1156 1999 1416 2053 συναγαγών
1461 1998 1513 2041 δε
1569 1996 1674 2047 τούς

212 2048 266 2090 75
294 2055 576 2110 Ἀκαρνᾶνας
604 2057 663 2104 εἰς
699 2071 869 2126 κοινην
883 2055 1134 2109 ἐκκλησίαν,
1173 2056 1245 2097 καὶ
1276 2054 1462 2097 διελθων
1493 2053 1559 2097 ὅτι
1586 2053 1673 2096 πό-

294 2116 428 2168 λεμον
458 2112 628 2182 ε’χουσιν
658 2110 824 2166 ὅμορον
852 2111 898 2155 ἐκ
927 2115 1126 2155 παλαιῶν
1154 2110 1336 2166 χρόνων,
1354 2113 1675 2180 συνεβούλευεν

295 2186 344 2213 εκ
373 2172 459 2211 τῶν
499 2167 673 2238 ὀχυρῶν
709 2169 806 2212 καὶ
827 2172 995 2223 μικρῶν
1026 2169 1198 2223 χωρίων
1244 2169 1302 2217 εἰς
1342 2165 1490 2220 ὀλίγας
1525 2165 1672 2217 πόλεις

295 2228 572 2295 μετοικῆσαι,
603 2224 719 2276 ὅπως
740 2223 804 2281 μή
836 2224 1149 2296 διεσπαρμένης
1177 2227 1251 2292 τῆς
1277 2222 1482 2292 οἰκήσεως
1512 2220 1672 2265 ἀδυνα-

296 2287 430 2326 τῶσιν
467 2281 674 2353 άλλήλοις
701 2285 884 2352 βοηθεῖν
927 2282 1000 2325 καὶ
1039 2281 1150 2333 πρὸς
1191 2296 1267 2329 τας
1316 2278 1671 2335 άπροςδοκήτους

215 2337 270 2376 80
298 2344 384 2382 τῶν
413 2341 637 2409 πολεμίων
658 2337 869 2389 ἐπιθέσεις
899 2340 1105 2392 δυςχερῶς
1136 2335 1436 2391 ἀθροίζωνται.
1472 2336 1670 2378 πεισθέν-

289 2412 378 2441 των
417 2395 464 2439 δὲ
503 2412 606 2444 των
626 2393 906 2451 Ἀκαρνάνων
947 2396 992 2438 οἱ
1020 2398 1211 2438 πλεῖστοι
1248 2393 1327 2449 μὲν
1367 2394 1444 2446 εἰς
1464 2391 1670 2447 Στράτον

291 2536 371 2579 40.ι
395 2541 464 2588 τήν
489 2554 557 2576 om.
581 2543 663 2577 Bas.
858 2539 916 2576 45.
939 2537 1311 2584 καταλειφθέντων]
1346 2553 1369 2585 η
1394 2551 1497 2584 super
1520 2551 1552 2574 ει
1574 2539 1669 2582 ponit

290 2591 321 2624 F
504 2589 561 2622 46.
610 2589 846 2634 συνανεῖλαν]
882 2589 1098 2623 συνανεῖλαν
1123 2587 1201 2619 Bas.
1363 2586 1419 2620 49.
1466 2585 1669 2631 πραττομέ-

291 2639 402 2678 νοις]
426 2635 693 2691 πρασσομένοις
718 2637 747 2670 F
928 2632 986 2668 59.
1031 2629 1165 2689 αὐτῆς]
1193 2628 1312 2677 αὐτὴν
1335 2632 1442 2671 FVW
1608 2629 1665 2664 75.

292 2681 437 2725 ἔχουσιν
449 2678 629 2726 ’δ’μορον]
656 2682 795 2715 invertit
818 2681 849 2715 F
1031 2678 1089 2714 76.
1139 2676 1306 2721 ὀχυρῶν]
1340 2673 1542 2721 ἄνωχύρων
1565 2676 1666 2711 Reis-

292 2729 369 2761 kius
394 2729 572 2762 causei-ens
595 2740 627 2772 p.
651 2729 730 2762 376.
755 2727 814 2763 96.
969 2724 1025 2759 80.
1074 2722 1323 2768 ἀθροίζωνται
1346 2725 1374 2757 Υ
1401 2725 1506 2766 Bas„
1540 2720 1667 2756 caeteri

291 2771 534 2819 ἀθροίζεσθαι
671 2774 728 2808 81.
776 2768 947 2818 Στράτον
970 2768 1077 2806 πόλιν
1100 2771 1223 2814 FVW,
1249 2770 1376 2804 caeteri
1401 2750 1657 2814 Στρατόπολιν
