1820 3249
282 134 393 173 1384
649 129 764 170 Lm.
795 124 900 171 XIX.
959 130 1092 174 GAP.
1121 135 1188 179 46.
1217 136 1285 176 47.

286 239 370 292 ρὸν
399 238 626 296 σατράπην
653 239 732 295 μὲν
761 240 868 285 ὄντα
895 245 971 298 τῆς
999 245 1190 315 Μηδίας,
1220 241 1600 298 πεπολιτευμένον
1598 234 1656 285 δε

284 296 395 351 πρὸς
424 297 541 341 ἅπαν
569 297 617 339 τὸ
655 297 961 352 στρατόπεδον
1020 299 1044 343 ὁ
1077 301 1122 346 δὲ
1150 301 1320 344 Πύθων
1347 299 1549 355 ἐτύγχανε
1579 298 1658 354 μεν

286 353 334 397 ἐν
371 359 465 404 τοῖς
503 352 698 408 ἐσχάτοις
733 353 879 410 μέρεσι
905 360 983 427 τῆς
1012 360 1187 414 Μηδίας
1216 357 1423 414 χειμάζων
1452 357 1524 399 καὶ
1556 358 1660 410 πλῆ-

287 415 373 460 θος
400 408 484 466 ἤδη
514 411 794 464 διεφθαρκὼς
821 428 911 456 των
938 414 1317 485 ἐπαγγελλομένων
1340 411 1660 484 συναποστήσε-

211 475 262 516 15
290 471 416 509 σθαι·
467 466 735 522 γραφόντων
773 466 815 513 δ’
848 468 968 525 ἀὐτῷ
1003 475 1093 514 των
1121 474 1265 526 φίλων
1293 471 1391 524 περὶ
1418 485 1508 512 των
1529 467 1660 511 ’-Αντι

289 521 429 578 γόνου
461 523 758 578 προαιρέσεων
785 526 860 570 καὶ
890 527 1076 583 μεγάλας
1089 527 1457 600 ὑπογραφόντων
1475 525 1661 575 ἐλπίδας,

291 579 572 634 ἐξαπατηθεὶς
599 585 744 632 κεναῖς
771 584 1051 650 προςδοκίαις
1077 581 1154 640 ἧκε
1181 585 1292 639 πρὸς
1316 583 1579 650 Ἀντίγονον.
1617 579 1659 623 6

291 635 338 678 δε
367 635 603 688 κυριεύσας
629 641 712 680 τοῦ
742 637 952 692 σώματος,
983 641 1055 683 καὶ
1075 643 1343 696 κατηγορίαν
1366 636 1662 694 ποιησαμενος

207 702 261 743 20
293 693 341 748 έν
370 697 463 742 τοῖς
474 693 716 764 μετέχουσι
735 699 815 739 τοῦ
834 697 1082 750 συνεδρίου,
1110 698 1277 767 ῥᾳδίως
1296 698 1559 746 κατεδίκασε,
1588 693 1665 737 καὶ

289 753 553 818 παραχρῆμα
592 749 824 795 ἀπέκτεινε.
890 752 1153 823 συναγαγων
1199 754 1244 797 δὲ
1280 754 1329 797 τὸ
1373 751 1664 805 στρατόπεδον

291 806 352 855 εἰς
380 804 458 848 ε’να
486 805 638 857 τόπον,
671 807 896 862 σατράπην
923 808 1003 862 μὲν
1021 808 1213 861 ἀπέδειξε
1228 813 1304 865 τῆς
1323 811 1499 881 Μηδίας
1517 808 1664 862 ’-Ορον

290 860 481 930 τοβάτην
509 864 686 930 Μῆδον,
717 864 959 920 στρατηγὸν
988 866 1034 908 δὲ
1058 865 1383 920 Ἱππόστρατον,
1415 865 1568 919 ἔχοντα
1595 878 1666 905 πε-

292 916 395 970 ζούς
420 918 499 987 μὲν
517 917 668 969 ξένους
685 923 943 991 τριςχιλίους
970 921 1043 965 καὶ
1062 924 1203 974 ἱππεῖς
1226 923 1548 970 πεντακοσίους
1591 918 1666 961 αύ-

209 981 263 1023 25
293 973 367 1023 τός
399 972 440 1017 δ’
465 972 705 1044 αναλαβων
733 992 814 1032 την
849 975 1040 1049 δύναμιν
1066 983 1293 1049 παρῆλθεν
1316 980 1381 1037 εἷς
1405 976 1664 1034 Ἐκβάτανα.

292 1029 486 1073 ἐνταῦθα
510 1030 556 1073 δὲ
583 1032 858 1088 παραλαβων
875 1032 1045 1089 ασήμου
1073 1035 1285 1106 αργύρου
1296 1026 1489 1078 τ”οΐλᾶντα
1514 1047 1667 1076 πεντα-

291 1087 480 1155 κιςχίλια
509 1092 704 1162 προῆγεν
733 1090 802 1134 ἐπὶ
805 1094 908 1161 τῆς
936 1092 1174 1144 Περσιδος,
1225 1091 1382 1147 0665ss
1389 1094 1466 1145 τῆς
1494 1087 1667 1145 ἀναβά-

291 1154 399 1193 σεως
428 1159 486 1194 ως
514 1144 571 1186 ἄν
601 1147 764 1190 εἰκοσιν
791 1145 968 1203 ἡμερων
998 1150 1057 1200 εἰς
1084 1149 1138 1192 τὸ
1171 1150 1404 1206 βασίλειον,
1425 1146 1452 1190 ὃ
1472 1150 1670 1230 καλεῖται

208 1292 263 1332 30
293 1328 373 1363 νος
414 1273 537 1383 φίῖοι
567 1255 1007 1385 καὶντὲἴεῗέὲἷηέἕτες
1036 1259 1145 1372 ὁτφξέ
1173 1258 1579 1388 Ξέιτέἓλτὲἑῖοῗῧν,
1558 1318 1748 1384 ῆσοιν354

293 1368 631 1424 ἐπιφανέστατοι
659 1370 917 1443 Μελέαγρος
945 1373 1019 1417 καὶ
1048 1376 1294 1424 Μενοίτας,
1320 1374 1541 1430 ἤθροισαν
1567 1387 1672 1421 τους

294 1425 610 1494 πλανωμένους
645 1443 734 1470 των
761 1427 993 1484 Εὐμένους
1022 1445 1066 1474 τε
1094 1431 1178 1501 καὶ
1200 1431 1419 1481 Πύθωνος
1449 1428 1672 1500 6vv‘72'361m

211 1483 266 1527 35
296 1484 356 1532 είς
382 1479 670 1535 ὀκτακοσίους
708 1486 862 1535 ἱππεῖς.
906 1488 982 1529 καὶ
1020 1487 1070 1530 τό
1101 1504 1180 1543 μεν
1208 1503 1385 1540 πρωτον
1414 1487 1494 1543 τὴν
1521 1485 1672 1556 χώραν

292 1537 570 1608 ἐλεηλάτουν
581 1543 668 1583 τῶν
701 1541 761 1596 μη
786 1542 1073 1612 βουλομένων
1099 1546 1455 1614 συναφίστασθαι
1484 1541 1671 1597 Μήδων,

293 1611 399 1650 μετα
428 1595 475 1639 δὲ
509 1599 649 1640 ταῦτα
683 1597 931 1672 πυθόμενοι
970 1600 1328 1654 στρατοπεδεύειν
1356 1600 1435 1644 τόν
1463 1616 1507 1643 τε
1528 1599 1671 1643 Ἱππό-

295 1662 481 1706 στρατον
507 1653 582 1696 καὶ
609 1652 688 1696 τὸν
702 1651 1061 1726 Ὀροντοβατην,
1091 1657 1295 1711 ἐπέθεντο
1321 1657 1482 1707 νυκτός
1509 1661 1562 1712 τῇ
1590 1671 1671 1699 πα-

295 1712 497 1779 ρεμβολῇ.
534 1709 621 1752 καὶ
649 1708 754 1765 παρ’
786 1711 937 1766 ὀλίγον
965 1713 1044 1782 μὲν
1073 1712 1317 1786 ἐκρατησαν
1345 1719 1421 1770 τῆς
1450 1715 1669 1768 ἐπιβολῆς,

210 1764 265 1809 40
294 1764 380 1808 ὑπὸ
410 1765 456 1808 δὲ
477 1769 560 1809 τοῦ
587 1766 788 1823 πλήθους
813 1767 1159 1825 κατισχυόμενοι,
1188 1772 1264 1813 καί
1290 1787 1410 1821 τινας
1439 1786 1528 1813 των
1545 1775 1672 1822 στρα-

293 1826 460 1865 τιωτῶν
489 1824 715 1876 πείσαντες
741 1830 1099 1899 συναποστῆναι,
1114 1826 1246 1897 παλιν
1272 1825 1568 1897 απεχωρησαν.
1603 1825 1672 1869 εὕ-

296 1882 424 1931 ζωνοι
448 1877 498 1922 -’δ
531 1879 663 1931 ὄντες
681 1882 756 1924 καὶ
783 1897 942 1934 παντες
969 1884 1119 1934 ι’πποις
1139 1896 1391 1938 χρωμενοι,
1418 1883 1496 1933 τοῖς
1518 1888 1570 1935 τε
1596 1898 1673 1925 κα-

294 1933 518 2005 ταδρομας
552 1935 915 2004 απροςδοκήτους
942 1939 1176 1983 ἐποιοῦντο
1206 1940 1281 1983 καὶ
1318 1940 1398 1996 τὴν
1426 1940 1575 1995 χώραν
1602 1955 1673 1981 τα-

296 1995 429 2046 ραχῆς
457 1990 723 2060 επλήρωσαν.
769 1995 875 2049 μετὰ
914 1995 962 2039 δέ
990 2012 1089 2039 τινα
1126 1996 1286 2051 χρόνον
1322 1996 1674 2065 συγκλεισθέντες

216 2051 271 2094 45
302 2049 362 2116 εἴς
398 2063 497 2090 τινα
533 2047 673 2095 τόπον
708 2055 928 2122 κρημνοῖς
954 2052 1289 2120 περιεχόμενον,
1326 2054 1369 2095 οι
1409 2053 1487 2107 μὲν
1526 2049 1672 2094 αὐτῶν
1725 2057 1728 2059 ’

293 2102 597 2176 ἀνῃρέθησαν
619 2107 663 2149 οἱ
693 2104 736 2149 δ’
749 2106 1089 2178 ἐζωγρήθησαν.
1129 2124 1218 2161 των
1250 2108 1296 2152 δὲ
1324 2107 1552 2178 ἡγεμόνων
1581 2111 1673 2150 Με-

297 2158 480 2229 λέαγρος
508 2160 579 2203 καὶ
605 2161 634 2206 6
645 2162 842 2233 Κράνης
871 2163 896 2207 6
926 2167 1090 2236 Μῆδος
1124 2166 1200 2208 καί
1235 2180 1349 2216 τινες
1383 2181 1473 2208 των
1503 2162 1674 2216 ἀξιολό-

192 2276 196 2280 δ
230 2273 232 2279 Ι
299 2232 393 2273 γων
422 2215 602 2272 ανδρων
628 2217 899 2275 ’ὑποστάντες
936 2219 1249 2305 ανῃρέθησαν.
1287 2221 1361 2295 καί
1382 2220 1443 2267 τὰ
1470 2221 1555 2294 μεν
1577 2220 1675 2290 περὶ

301 2399 361 2434 14.
407 2399 744 2449 ἐπαγγελλομένων]
769 2401 1061 2462 ἕπαγγελομένων
1082 2404 1132 2453 W
1315 2403 1372 2439 15.
1418 2404 1492 2443 ταῖν
1515 2421 1562 2428 -—·
1583 2413 1675 2445 noo-

302 2459 384 2490 12th
369 2444 493 2505 {68‘021]
517 2452 581 2493 τῆς
606 2470 645 2475 —-
671 2450 919 2495 προαιρέσεως
940 2451 1081 2496 1¹*va
1127 2451 1143 2455 ”
1217 2450 1274 2485 23.
1309 2451 1375 2486 καὶ
1397 2447 1518 2488 ἱππεῖς
1541 2452 1676 2483 πεντα-

300 2494 454 2533 κοσίους
477 2495 521 2535 Τ,
546 2497 674 2530 caeteri
696 2498 958 2539 πεντακοσίους
993 2505 995 2508 ’
1019 2503 1025 2509 “
1117 2496 1177 2532 24.
1225 2493 1267 2532 δ’
1289 2497 1319 2531 F
1477 2492 1677 2554 ἀναλαβών

300 2539 420 2580 FVW,
444 2542 569 2575 caeteri
593 2543 821 2588 παραλαβών
974 2543 1032 2578 26.
1055 2539 1221 2588 ἀργύρου
1246 2544 1319 2584 FV,
1343 2542 1485 2577 caeteri
1495 2538 1674 2585 αργυρίου

391 2585 472 2620 354.
496 2584 554 2624 31.
582 2586 762 2635 ἐπιβολῆς
778 2589 1069 2626 Rhadamannue.
1086 2591 1169 2625 libri
1183 2568 1384 2662 επιβούλῆς
1432 2629 1435 2631 ,
1517 2588 1575 2622 39.
1598 2586 1675 2622 ἐπι·

297 2678 426 2722 βολῆς]
451 2676 650 2724 ἐπιβουλῆς
673 2681 730 2724 W
754 2680 931 2736 ἐπιβολῆς
948 2679 979 2715 Ε·
1082 2680 1173 2738 4¹:
1207 2677 1462 2738 ἀπεχώρησαν]
1485 2675 1674 2734 6naezt⁰9w

296 2728 365 2758 σαν
389 2725 420 2758 F
568 2726 624 2760 46
657 2725 699 2761 δ’
721 2708 752 2761 ,F
909 2724 1123 2782 ἡγεμόνων]
1147 2724 1358 2784 ἡγουμένων
1381 2725 1413 2760 F
1494 2732 1497 2736 '
1559 2720 1673 2781 47.Ιὸ

298 2769 477 2818 Κράνης]
499 2767 685 2817 Ὀκράνης
707 2772 928 2809 scribendum
950 2772 1110 2808 videtur·
1208 2774 1297 2809 τοῖν
1322 2780 1392 2809 om.
1414 2771 1498 2807 Bas.
1528 2775 1531 2777 ’
