1820 3249
337 132 448 172 1460
722 128 1288 172 L·1B.Xx.cA1'.7.8

322 255 386 289 το
415 239 491 288 καὶ
517 253 691 310 πρωτος
709 236 909 297 ὥρμησεν
937 239 1005 284 ἐπὶ
1032 239 1112 297 τὴν
1131 240 1375 310 ναυαρχίδα
1393 237 1572 295 τριήρη·
1586 237 1704 289 στάς

339 295 381 339 δ’
415 295 487 339 ἐπὶ
521 296 602 351 τὴν.
638 295 844 363 πρύμναν
879 297 954 340 καὶ
991 302 1084 349 τοῖς
1132 296 1279 348 ἄλλοις
1314 295 1364 340 τό
1400 292 1705 350 παραπλήσιον

256 350 311 393 25
326 346 480 407 ποιεῖν
508 351 828 405 παρεκελεύετο.
866 353 976 397 ἔνθα
985 353 1058 424 δή
1089 358 1177 397 τῶν
1203 353 1474 422 τριηράρχων
1500 351 1704 394 ἁπάντων

340 409 528 453 ἐνέντων
567 409 614 452 τὸ
645 413 754 461 πῦρ,
794 408 867 452 καὶ
894 410 1000 466 ταχὺ
1029 414 1104 466 τῆς
1138 411 1309 481 φλογός
1332 411 1391 461 εἰς
1419 409 1534 460 ὕψος
1562 405 1708 477 ἀρθεί-

326 477 443 522 σης,
482 467 526 508 οἱ
553 465 629 520 μὲν
659 467 913 536 σαλπιγκταὶ
939 468 988 510 τὸ
1016 467 1254 523 πολεμικὸν
1293 466 1550 537 ἐσήμαινον,
1571 462 1628 509 τό
1659 463 1707 533 δὲ

341 522 636 583 στρατόπεδον
676 522 931 577 ἐπηλάλαξε,
981 524 1313 596 συνευχομένων
1359 523 1563 566 ἁπάντων
1593 519 1706 574 νπὲρ

340 582 413 632 τῆς
452 580 512 630 είς
553 583 678 622 οἰκον
684 581 935 649 σωτηρίας.
992 584 1124 624 τοῦτο
1168 580 1207 623 δ’
1237 581 1418 635 ἔπραξεν
1441 575 1709 645 Ἀγαθοκλῆς

256 633 310 672 30
326 634 526 705 μάλιστα
565 635 643 691 μὲν
681 635 806 679 ε’νεκα
841 640 922 678 τοῦ
949 636 1277 706 συναναγκάσαι
1315 637 1418 687 τοὺς
1447 633 1709 689 στρατιώτας

338 692 385 735 5v
422 697 515 742 τοῖς
544 690 767 743 κινδύνοις
797 692 1081 762 ἐπιλαθέσθαι
1120 692 1169 736 τὸ
1201 691 1412 747 παράπαν
1439 710 1514 748 της
1543 692 1707 760 φυγῆς·

338 750 473 804 δῆλον
511 765 594 817 γαρ
635 748 701 792 ὅτι
740 752 816 805 τῆς
846 749 914 791 ἐπὶ
952 766 1030 800 τας
1058 753 1166 801 ναῦς
1184 753 1448 819 καταφυγῆς
1477 747 1707 792 ἀποκοπεί-

339 816 416 877 σης
455 805 501 848 ἐν
539 805 659 862 μόνῳ
700 808 759 862 τῷ
796 810 924 848 νικᾶν
961 806 1107 859 ἕξουσι
1140 805 1219 857 τοὶς
1255 807 1428 856 ἐλπίδας
1462 809 1537 860 τῆς
1574 816 1708 858 σωτη-

339 863 455 915 ρίας·
502 861 645 904 ἔπειτα
681 864 754 905 καὶ
797 861 988 916 δύναμιν
1026 863 1181 934 ὀλίγην
1217 863 1347 919 ἔχων,
1388 861 1565 916 ἐθεώρει
1597 859 1709 903 διότι

255 916 309 957 35
330 916 575 985 φυλάττων
613 915 691 972 μέν
738 917 815 968 τὰς
854 923 964 970 ναῦς
1011 919 1389 990 ἀναγκασθήσεται
1431 920 1614 974 μερίζειν
1658 915 1709 958 τό

340 972 637 1028 στρατόπεδον
673 975 746 1018 καὶ
785 977 993 1047 μηδαμως
1031 976 1260 1047 ἀξιόμαχος
1297 992 1429 1027 ειναι,
1459 971 1710 1018 καταλιπών

341 1029 385 1073 δ’
418 1029 606 1099 ἐρήμους
635 1032 913 1102 υποχειρίους
949 1033 1119 1102 ποιήσει
1147 1033 1352 1089 γενέσθαι
1370 1031 1711 1103 Καρχηδονίοις

283 1086 311 1124 8
336 1085 396 1129 οὐ
431 1088 518 1156 μὴν
556 1085 665 1130 ἀλλὰ
702 1104 791 1159 τωγ
827 1093 942 1132 νεῶν
979 1088 1163 1134 ἀπασῶν
1193 1089 1491 1146 φλεγομένων,
1523 1087 1613 1132 καὶ
1627 1087 1711 1130 τοῦ

256 1139 309 1181 40
338 1142 478 1197 πυρὸς
525 1144 666 1187 πολὺν
707 1144 935 1199 ἐπέχοντος
971 1146 1130 1200 τόπον,
1176 1148 1378 1218 ἔκπληξις
1415 1149 1578 1200 κατεῖχε
1605 1142 1710 1199 τούς

338 1200 614 1251 Σικελιώτας.
672 1200 720 1243 ἐν
761 1200 872 1257 ἀρχῇ
913 1220 992 1258 μεν
1029 1203 1112 1259 γὰρ
1158 1202 1249 1247 ὑπὸ
1287 1207 1363 1259 τῆς
1395 1194 1711 1270 Ἀγαθοκλέους

289 1284 291 1286 -
335 1258 533 1326 γοητείας
570 1261 987 1330 παραλογισθέντες,
1022 1262 1096 1303 καὶ
1131 1264 1205 1316 τῆς
1243 1276 1331 1303 των
1371 1255 1787 1327 ἐγχειρουμένων411

338 1311 544 1369 ὀξύτητος
584 1313 890 1370 ἀναθεώρησιν
930 1315 986 1360 ου’
1025 1317 1267 1386 διδούσης,
1284 1314 1442 1366 πάντες
1471 1313 1714 1383 συγκατετί-

338 1374 470 1413 θεντο
500 1374 592 1421 τοῖς
620 1372 956 1427 πραττομένοις·
996 1377 1076 1417 τοῦ
1113 1374 1159 1417 δὲ
1187 1372 1352 1429 χρόνου
1382 1372 1461 1415 τόν
1493 1371 1597 1442 περὶ7
1619 1367 1716 1412 ἑκά-

255 1421 309 1464 45
336 1437 453 1477 στων
490 1424 784 1498 ἀναλογισμὸν
830 1429 1136 1484 παριστάντος,
1178 1432 1238 1481 εἰς
1272 1428 1561 1498 μεταμέλειαν
1580 1425 1715 1470 ἐνέπι-

335 1497 449 1536 πτον
497 1483 571 1526 καὶ
614 1482 663 1526 τὸ
694 1485 876 1540 μέγεθος
903 1490 984 1530 τοῦ
1014 1489 1284 1543 διείργοντος
1311 1484 1525 1556 πελάγους
1553 1482 1717 1530 ἀναλο-

336 1533 556 1609 γιζόμενοι
582 1557 662 1610 την
693 1544 912 1596 σωτηρίαν
943 1543 1255 1598 ἀπεγίνωσκον.
1313 1543 1336 1586 6
1378 1542 1419 1586 δ’
1446 1541 1716 1611 Ἀγαθοκλῆς

288 1622 291 1627 -
338 1596 541 1639 σπεύδων
582 1595 824 1649 ἀπαλλάξαι
860 1603 936 1667 τῆς
969 1599 1162 1655 ἀθυμίας
1190 1599 1295 1650 τούς
1324 1598 1611 1653 στρατιώτας,
1638 1598 1714 1654 ἠγε

339 1669 419 1707 την
449 1653 635 1709 δύναμιν
663 1654 732 1697 ἐπὶ
759 1672 839 1710 την
870 1654 1197 1727 ὀνομαζομένην
1225 1655 1448 1725 Μεγάλην
1463 1654 1624 1705 πόλιν,
1641 1655 1716 1696 οὐ.-

258 1701 312 1743 50
343 1721 425 1751 σαν
453 1726 543 1752 των
572 1713 904 1767 Καρχηδονίων.
959 1712 986 1767 ἡ
1028 1713 1070 1757 δ’
1105 1712 1188 1757 ἀνα
1225 1715 1358 1769 μέσον
1387 1711 1529 1769 χώρα,
1571 1708 1632 1754 δι’·
1663 1711 1716 1765 ἡς

344 1763 584 1821 ἀναγκαῖον
620 1772 913 1825 πορευθῆναι,
953 1772 1170 1824 διείληπτο
1210 1773 1406 1826 κηπείαις
1434 1770 1525 1812 καὶ
1541 1768 1716 1837 παντοί-

344 1838 412 1872 αις
459 1826 771 1892 φυτουργίαις,
818 1830 991 1868 πολλῶν
1036 1826 1212 1870 ὑδάτων
1250 1825 1607 1895 διωχετευμένων
1642 1823 1716 1867 καὶ

343 1879 485 1922 πάντα
520 1878 658 1923 τόπον
688 1879 981 1935 ἀρδευόντων.
1039 1882 1260 1939 ἀγροικίαι
1288 1899 1333 1927 τε
1362 1887 1560 1937 συνεχεῖς
1580 1880 1717 1935 ὑπῆρ-

262 1923 315 1966 55
343 1951 422 1990 χον
452 1937 707 2004 οἰκοδομαῖς
725 1939 977 1982 πολυτελέσι
1002 1941 1076 1983 καὶ
1092 1942 1327 1996 κονιάμασι
1349 1937 1715 1993 διαπεπονημέναι

341 1992 414 2034 καὶ
443 1990 522 2034 τόν
538 1996 627 2035 τῶν
648 1994 920 2049 κεκτημένων
952 1995 1087 2047 αὐτάς
1118 1999 1484 2054 διασημαίνουσαι
1510 1998 1715 2038 πλοῦτοην

342 2047 511 2116 ἔγεμον
535 2046 582 2091 δ’
612 2051 657 2092 αἱ
700 2067 794 2121 μεν
820 2050 1019 2103 ἐπαύλεις
1046 2053 1225 2096 πάντων
1258 2058 1348 2096 τῶν
1384 2056 1496 2107 πρὸς
1523 2049 1744 2094 ‹intuma-⁷

345 2115 436 2157 σιν,
478 2101 537 2156 ώς
576 2103 632 2147 ἂν
660 2110 749 2150 τών
778 2107 997 2164 ἐγχωρίων
1036 2109 1083 2153 ἐν
1112 2110 1262 2168 εἰρήνη
1291 2109 1568 2166 πολυχρονίῳ
1594 2112 1717 2193 τεθη-

345 2248 403 2284 24.
429 2263 660 2296 τριηραρχων
681 2264 799 2288 omnes
963 2255 1028 2310 ‚²6·
1053 2256 1278 2312 σαλπιγκταὶ]
1304 2255 1522 2300 σαλπιγηται
1544 2255 1624 2289 Bas.

530 2298 586 2332 27.
611 2299 906 2345 συνευχομένων]
931 2299 1138 2358 εὐχομένων
1162 2304 1240 2337 FW
1422 2303 1478 2336 3⁴.
1506 2300 1715 2344 φυλάττων]

347 2341 430 2374 libri
461 2342 658 2385 φυλάσσων
885 2347 942 2381 37.
973 2347 1121 2393 ποιήσει
1151 2350 1208 2396 γ.]
1244 2348 1417 2382 invertunt
1449 2349 1528 2382 FW

350 2389 640 2441 Καρχηδονίοις]
667 2393 934 2437 Καρχηδονίων
958 2363 1061 2428 FW⁷²
1214 2395 1270 2428 39.
1295 2395 1412 2429 πολύν
1436 2393 1641 2439 ἐπέχοντος]
1664 2391 1718 2427 in-

349 2434 454 2467 vertit
475 2435 504 2468 F
685 2440 845 2483 κατεῖχε]
870 2439 1016 2485 κατέσχε
1038 2441 1068 2474 F
1249 2441 1307 2474 4⁰.
1331 2440 1401 2487 γάρ
1427 2452 1495 2475 om
1519 2441 1551 2475 F

394 2479 452 2513 41.
484 2481 546 2517 καὶ
577 2478 705 2524 ἀνοίας
729 2491 805 2527 post
826 2487 996 2529 γοητείας
1021 2498 1089 2520 om.
1113 2487 1146 2522 T
1168 2487 1251 2521 Bas.

441 2526 521 2561 411.
566 2529 624 2564 44.
647 2529 908 2575 παριστάντος]
931 2535 1182 2577 παριστώντος
1206 2533 1283 2566 FW
1373 2531 1432 2566 49.
1453 2544 1528 2567 των
1550 2543 1618 2566 om.
1641 2531 1672 2566 F

397 2569 452 2606 50.
480 2573 527 2616 ἡν
551 2585 618 2607 om.
644 2576 726 2610 Bas.
819 2576 875 2613 51.
900 2578 1098 2624 διείληπτο]
1123 2581 1326 2622 διείληπται
1348 2579 1425 2612 FW
1515 2578 1572 2611 52.
1593 2579 1718 2622 διωχε-

352 2617 547 2671 τευμένων]
575 2621 882 2667 διοχετενομένων
905 2625 952 2658 W
1065 2625 1122 2662 53.
1145 2625 1350 2671 ἀγροικίαι]
1377 2621 1486 2669 άγροι
1507 2625 1549 2666 F,
1572 2626 1718 2658 alterum

352 2675 408 2707 γρ.
432 2664 469 2698 in
492 2677 603 2711 marg.
623 2679 750 2710 ponens
884 2682 922 2705 τε
946 2682 1016 2705 om.
1037 2671 1086 2705 W
1192 2672 1248 2707 54.
1273 2670 1503 2715 οἰκοδομαῖς]
1528 2650 1719 2713 δίκοδομί-

1635 2729 1675 2751 αι

354 2767 413 2796 αις
433 2755 464 2790 F
600 2758 818 2807 κονιάμασι]
842 2759 1061 2808 κονιᾶσμασι
1083 2762 1131 2798 W
1275 2762 1333 2799 55.
1361 2760 1667 2809 διαπεπονημένοι
1688 2762 1717 2796 F
