<?xml version="1.0" encoding="UTF-8"?>
<!DOCTYPE html PUBLIC "-//W3C//DTD XHTML 1.0 Transitional//EN"
    "http://www.w3.org/TR/xhtml1/DTD/xhtml1-transitional.dtd">
<html xmlns="http://www.w3.org/1999/xhtml" xml:lang="en" lang="en">
 <head>
  <title>
</title>
<meta http-equiv="Content-Type" content="text/html;charset=utf-8" />
  <meta name='ocr-system' content='tesseract 3.04.00' />
  <meta name='ocr-capabilities' content='ocr_page ocr_carea ocr_par ocr_line ocrx_word'/>
</head>
<body>
  <div class='ocr_page' id='page_1' title='image "./p1bibliothecahisto02dioduoft_0070.png"; bbox 0 0 1820 3249; ppageno 0'>
   <div class='ocr_carea' id='block_1_1' title="bbox 361 157 1343 204">
    <p class='ocr_par' dir='ltr' id='par_1_1' title="bbox 361 157 1343 204">
     <span class='ocr_line' id='line_1_1' title="bbox 361 157 1343 204; baseline 0.002 -2"><span class='ocrx_word' id='word_1_1' title='bbox 361 161 446 202; x_wconf 80' lang='lat'><em>998</em></span> <span class='ocrx_word' id='word_1_2' title='bbox 746 157 866 200; x_wconf 84' lang='lat' dir='ltr'><strong>LIB.</strong></span> <span class='ocrx_word' id='word_1_3' title='bbox 895 157 985 201; x_wconf 88' lang='lat' dir='ltr'><em>XV.</em></span> <span class='ocrx_word' id='word_1_4' title='bbox 1029 158 1158 202; x_wconf 68' lang='lat' dir='ltr'><strong>GAP.</strong></span> <span class='ocrx_word' id='word_1_5' title='bbox 1179 162 1246 203; x_wconf 82' lang='grc'><em>53.</em></span> <span class='ocrx_word' id='word_1_6' title='bbox 1275 163 1343 204; x_wconf 68' lang='lat'><em>54.</em></span> 
     </span>
    </p>
   </div>
   <div class='ocr_carea' id='block_1_2' title="bbox 256 268 1801 2368">
    <p class='ocr_par' dir='ltr' id='par_1_2' title="bbox 256 268 1801 2368">
     <span class='ocr_line' id='line_1_2' title="bbox 364 268 1737 344; baseline 0.004 -34"><span class='ocrx_word' id='word_1_7' title='bbox 364 269 528 324; x_wconf 86' lang='grc' dir='ltr'><em>Θηβων</em></span> <span class='ocrx_word' id='word_1_8' title='bbox 558 268 724 313; x_wconf 75' lang='grc' dir='ltr'><em>ἔπεισεν</em></span> <span class='ocrx_word' id='word_1_9' title='bbox 752 269 886 313; x_wconf 78' lang='grc' dir='ltr'><em>εἰπεῖν</em></span> <span class='ocrx_word' id='word_1_10' title='bbox 924 268 993 314; x_wconf 84' lang='grc' dir='ltr'><em>ὅτι</em></span> <span class='ocrx_word' id='word_1_11' title='bbox 1020 270 1074 314; x_wconf 79' lang='grc' dir='ltr'><em>τά</em></span> <span class='ocrx_word' id='word_1_12' title='bbox 1103 270 1214 315; x_wconf 77' lang='grc' dir='ltr'><em>κατά</em></span> <span class='ocrx_word' id='word_1_13' title='bbox 1244 270 1324 315; x_wconf 81' lang='grc' dir='ltr'><em>τὸν</em></span> <span class='ocrx_word' id='word_1_14' title='bbox 1351 287 1464 316; x_wconf 88' lang='grc' dir='ltr'><em>νεων</em></span> <span class='ocrx_word' id='word_1_15' title='bbox 1490 274 1575 315; x_wconf 83' lang='grc' dir='ltr'><em>τοῦ</em></span> <span class='ocrx_word' id='word_1_16' title='bbox 1598 271 1737 344; x_wconf 87' lang='grc' dir='ltr'><em>Ἡρα-</em></span> 
     </span>
     <span class='ocr_line' id='line_1_3' title="bbox 361 324 1737 400; baseline 0.004 -32"><span class='ocrx_word' id='word_1_17' title='bbox 361 326 516 376; x_wconf 84' lang='grc' dir='ltr'><em>κλέους</em></span> <span class='ocrx_word' id='word_1_18' title='bbox 556 324 668 369; x_wconf 81' lang='grc' dir='ltr'><em>ὅπλα</em></span> <span class='ocrx_word' id='word_1_19' title='bbox 706 325 961 379; x_wconf 80' lang='grc' dir='ltr'><em>παραδόξως</em></span> <span class='ocrx_word' id='word_1_20' title='bbox 996 326 1148 398; x_wconf 82' lang='grc' dir='ltr'><em>ἀφανῆ</em></span> <span class='ocrx_word' id='word_1_21' title='bbox 1186 327 1358 398; x_wconf 79' lang='grc' dir='ltr'><em>γέγονε,</em></span> <span class='ocrx_word' id='word_1_22' title='bbox 1402 329 1476 373; x_wconf 84' lang='grc' dir='ltr'><em>καὶ</em></span> <span class='ocrx_word' id='word_1_23' title='bbox 1519 328 1648 400; x_wconf 87' lang='grc' dir='ltr'><em>λόγος</em></span> <span class='ocrx_word' id='word_1_24' title='bbox 1689 329 1737 373; x_wconf 85' lang='grc' dir='ltr'><em>ἐν</em></span> 
     </span>
     <span class='ocr_line' id='line_1_4' title="bbox 361 381 1737 456; baseline 0.004 -32"><span class='ocrx_word' id='word_1_25' title='bbox 361 386 457 433; x_wconf 87' lang='grc' dir='ltr'><em>ταῖς</em></span> <span class='ocrx_word' id='word_1_26' title='bbox 497 381 660 452; x_wconf 85' lang='grc' dir='ltr'><em>Θήβαις</em></span> <span class='ocrx_word' id='word_1_27' title='bbox 701 383 947 428; x_wconf 82' lang='grc' dir='ltr'><em>διαδέδοται</em></span> <span class='ocrx_word' id='word_1_28' title='bbox 991 383 1051 435; x_wconf 74' lang='grc' dir='ltr'><em>ὣς</em></span> <span class='ocrx_word' id='word_1_29' title='bbox 1088 389 1177 428; x_wconf 77' lang='grc' dir='ltr'><em>τῶν</em></span> <span class='ocrx_word' id='word_1_30' title='bbox 1218 385 1377 440; x_wconf 78' lang='grc' dir='ltr'><em>ἡρώων</em></span> <span class='ocrx_word' id='word_1_31' title='bbox 1413 390 1501 429; x_wconf 79' lang='grc' dir='ltr'><em>τῶν</em></span> <span class='ocrx_word' id='word_1_32' title='bbox 1541 383 1737 456; x_wconf 83' lang='grc' dir='ltr'><em>ἀρχαίων</em></span> 
     </span>
     <span class='ocr_line' id='line_1_5' title="bbox 256 436 1742 510; baseline 0.002 -27"><span class='ocrx_word' id='word_1_33' title='bbox 256 442 337 483; x_wconf 85' lang='lat'><em>100</em></span> <span class='ocrx_word' id='word_1_34' title='bbox 364 436 666 510; x_wconf 74' lang='grc' dir='ltr'><em>ἀνειληφότων</em></span> <span class='ocrx_word' id='word_1_35' title='bbox 703 439 813 483; x_wconf 83' lang='grc' dir='ltr'><em>αὐτά</em></span> <span class='ocrx_word' id='word_1_36' title='bbox 840 441 914 484; x_wconf 86' lang='grc' dir='ltr'><em>καὶ</em></span> <span class='ocrx_word' id='word_1_37' title='bbox 950 444 1144 510; x_wconf 79' lang='grc' dir='ltr'><em>βοηθεῖν</em></span> <span class='ocrx_word' id='word_1_38' title='bbox 1169 448 1261 492; x_wconf 89' lang='grc' dir='ltr'><em>τοῖς</em></span> <span class='ocrx_word' id='word_1_39' title='bbox 1289 446 1500 493; x_wconf 83' lang='grc' dir='ltr'><strong><em>Βοιωτοῖς</em></strong></span> <span class='ocrx_word' id='word_1_40' title='bbox 1529 441 1742 498; x_wconf 69' lang='grc' dir='ltr'><em>ἀπεληλυ-</em></span> 
     </span>
     <span class='ocr_line' id='line_1_6' title="bbox 363 493 1741 569; baseline 0.003 -31"><span class='ocrx_word' id='word_1_41' title='bbox 363 493 522 540; x_wconf 87' lang='grc' dir='ltr'><em>θότων.</em></span> <span class='ocrx_word' id='word_1_42' title='bbox 570 495 705 540; x_wconf 78' lang='grc' dir='ltr'><em>ἄλλον</em></span> <span class='ocrx_word' id='word_1_43' title='bbox 742 497 788 540; x_wconf 87' lang='grc' dir='ltr'><em>δε</em></span> <span class='ocrx_word' id='word_1_44' title='bbox 826 497 1082 568; x_wconf 84' lang='grc' dir='ltr'><em>κατέστησεν</em></span> <span class='ocrx_word' id='word_1_45' title='bbox 1111 496 1169 548; x_wconf 77' lang='grc' dir='ltr'><em>ὥς</em></span> <span class='ocrx_word' id='word_1_46' title='bbox 1198 497 1281 541; x_wconf 83' lang='grc' dir='ltr'><em>ἀπὸ</em></span> <span class='ocrx_word' id='word_1_47' title='bbox 1317 500 1583 555; x_wconf 80' lang='grc' dir='ltr'><em>Τροφωνίου</em></span> <span class='ocrx_word' id='word_1_48' title='bbox 1612 515 1741 569; x_wconf 88' lang='grc' dir='ltr'><em>προς-</em></span> 
     </span>
     <span class='ocr_line' id='line_1_7' title="bbox 365 551 1737 625; baseline 0.003 -31"><span class='ocrx_word' id='word_1_49' title='bbox 365 551 515 622; x_wconf 86' lang='grc' dir='ltr'><em>φάτως</em></span> <span class='ocrx_word' id='word_1_50' title='bbox 552 551 869 625; x_wconf 78' lang='grc' dir='ltr'><em>ἀναβεβηκότα</em></span> <span class='ocrx_word' id='word_1_51' title='bbox 890 555 963 598; x_wconf 88' lang='grc' dir='ltr'><em>καὶ</em></span> <span class='ocrx_word' id='word_1_52' title='bbox 1003 554 1183 609; x_wconf 82' lang='grc' dir='ltr'><em>λέγοντα</em></span> <span class='ocrx_word' id='word_1_53' title='bbox 1222 554 1334 598; x_wconf 83' lang='grc' dir='ltr'><em>διότι</em></span> <span class='ocrx_word' id='word_1_54' title='bbox 1379 556 1662 625; x_wconf 87' lang='grc' dir='ltr'><em>προςτέταχεν</em></span> <span class='ocrx_word' id='word_1_55' title='bbox 1712 554 1737 599; x_wconf 85' lang='grc' dir='ltr'>ὁ</span> 
     </span>
     <span class='ocr_line' id='line_1_8' title="bbox 364 608 1740 682; baseline 0.001 -30"><span class='ocrx_word' id='word_1_56' title='bbox 364 608 468 660; x_wconf 82' lang='grc' dir='ltr'><em>θεὸς</em></span> <span class='ocrx_word' id='word_1_57' title='bbox 506 608 676 663; x_wconf 80' lang='grc' dir='ltr'><em>αὐτοῖς,</em></span> <span class='ocrx_word' id='word_1_58' title='bbox 717 609 823 654; x_wconf 85' lang='grc' dir='ltr'><em>ὅταν</em></span> <span class='ocrx_word' id='word_1_59' title='bbox 852 611 899 654; x_wconf 77' lang='grc' dir='ltr'><em>ἐν</em></span> <span class='ocrx_word' id='word_1_60' title='bbox 926 610 1163 681; x_wconf 80' lang='grc' dir='ltr'><em>Λεύκτροις</em></span> <span class='ocrx_word' id='word_1_61' title='bbox 1190 611 1451 682; x_wconf 84' lang='grc' dir='ltr'><em>νικήσωσιν,</em></span> <span class='ocrx_word' id='word_1_62' title='bbox 1493 610 1643 667; x_wconf 82' lang='grc' dir='ltr'><em>ἀγῶνα</em></span> <span class='ocrx_word' id='word_1_63' title='bbox 1671 627 1740 654; x_wconf 88' lang='grc' dir='ltr'><em>τι-</em></span> 
     </span>
     <span class='ocr_line' id='line_1_9' title="bbox 364 666 1741 739; baseline 0.003 -31"><span class='ocrx_word' id='word_1_64' title='bbox 364 666 493 709; x_wconf 84' lang='grc' dir='ltr'><em>θέναι</em></span> <span class='ocrx_word' id='word_1_65' title='bbox 521 667 594 709; x_wconf 91' lang='grc' dir='ltr'><em>Διι</em></span> <span class='ocrx_word' id='word_1_66' title='bbox 624 669 792 722; x_wconf 87' lang='grc' dir='ltr'><em>βασιλεῖ</em></span> <span class='ocrx_word' id='word_1_67' title='bbox 821 669 1101 739; x_wconf 81' lang='grc' dir='ltr'><em>στεφανίτην·</em></span> <span class='ocrx_word' id='word_1_68' title='bbox 1134 666 1212 723; x_wconf 83' lang='grc' dir='ltr'><em>ἀφ’</em></span> <span class='ocrx_word' id='word_1_69' title='bbox 1245 672 1297 711; x_wconf 87' lang='grc' dir='ltr'><em>οὐ</em></span> <span class='ocrx_word' id='word_1_70' title='bbox 1328 668 1381 726; x_wconf 80' lang='grc' dir='ltr'><em>δή</em></span> <span class='ocrx_word' id='word_1_71' title='bbox 1414 669 1600 712; x_wconf 86' lang='grc' dir='ltr'><em>Βοιωτοὶ</em></span> <span class='ocrx_word' id='word_1_72' title='bbox 1628 667 1741 712; x_wconf 82' lang='grc' dir='ltr'><em>ταύ-</em></span> 
     </span>
     <span class='ocr_line' id='line_1_10' title="bbox 365 687 1740 795; baseline 0.002 -30"><span class='ocrx_word' id='word_1_73' title='bbox 365 738 444 778; x_wconf 88' lang='grc' dir='ltr'><em>την</em></span> <span class='ocrx_word' id='word_1_74' title='bbox 471 727 650 766; x_wconf 85' lang='grc' dir='ltr'><em>ποιοῦσι</em></span> <span class='ocrx_word' id='word_1_75' title='bbox 689 740 768 792; x_wconf 88' lang='grc' dir='ltr'><em>την</em></span> <span class='ocrx_word' id='word_1_76' title='bbox 795 725 1043 795; x_wconf 88' lang='grc' dir='ltr'><em>πανήγυριν</em></span> <span class='ocrx_word' id='word_1_77' title='bbox 1071 724 1118 767; x_wconf 81' lang='grc' dir='ltr'><em>ἐν</em></span> <span class='ocrx_word' id='word_1_78' title='bbox 1145 687 1381 783; x_wconf 82' lang='grc' dir='ltr'><em>Λεβαδείαη</em></span> <span class='ocrx_word' id='word_1_79' title='bbox 1420 724 1661 781; x_wconf 80' lang='grc' dir='ltr'><em>συνήργησε</em></span> <span class='ocrx_word' id='word_1_80' title='bbox 1692 724 1740 768; x_wconf 78' lang='grc' dir='ltr'><em>δὲ</em></span> 
     </span>
     <span class='ocr_line' id='line_1_11' title="bbox 363 779 1740 853; baseline 0.001 -31"><span class='ocrx_word' id='word_1_81' title='bbox 363 779 472 834; x_wconf 88' lang='grc' dir='ltr'><em>πρὸς</em></span> <span class='ocrx_word' id='word_1_82' title='bbox 499 779 665 850; x_wconf 85' lang='grc' dir='ltr'><em>ταύτην</em></span> <span class='ocrx_word' id='word_1_83' title='bbox 678 780 772 852; x_wconf 81' lang='grc' dir='ltr'><em>τήν</em></span> <span class='ocrx_word' id='word_1_84' title='bbox 801 781 997 825; x_wconf 82' lang='grc' dir='ltr'><em>ἐπίνοιαν</em></span> <span class='ocrx_word' id='word_1_85' title='bbox 1026 784 1271 833; x_wconf 89' lang='grc' dir='ltr'><em>Λεανδρίας</em></span> <span class='ocrx_word' id='word_1_86' title='bbox 1300 781 1324 826; x_wconf 86' lang='grc' dir='ltr'>ὁ</span> <span class='ocrx_word' id='word_1_87' title='bbox 1355 782 1647 853; x_wconf 82' lang='grc' dir='ltr'><em>Σπαρτιάτης,</em></span> <span class='ocrx_word' id='word_1_88' title='bbox 1669 797 1740 824; x_wconf 83' lang='grc' dir='ltr'><em>πε-</em></span> 
     </span>
     <span class='ocr_line' id='line_1_12' title="bbox 363 836 1741 909; baseline 0.003 -31"><span class='ocrx_word' id='word_1_89' title='bbox 363 852 538 891; x_wconf 84' lang='grc' dir='ltr'><em>φευγως</em></span> <span class='ocrx_word' id='word_1_90' title='bbox 566 853 644 894; x_wconf 91' lang='grc' dir='ltr'><em>μεν</em></span> <span class='ocrx_word' id='word_1_91' title='bbox 673 837 719 881; x_wconf 74' lang='grc' dir='ltr'><em>ἐκ</em></span> <span class='ocrx_word' id='word_1_92' title='bbox 745 840 1087 909; x_wconf 76' lang='grc' dir='ltr'><em>Λακεδαίμονος,</em></span> <span class='ocrx_word' id='word_1_93' title='bbox 1117 836 1213 882; x_wconf 86' lang='grc' dir='ltr'><em>τότε</em></span> <span class='ocrx_word' id='word_1_94' title='bbox 1244 839 1290 883; x_wconf 81' lang='grc' dir='ltr'><em>δὲ</em></span> <span class='ocrx_word' id='word_1_95' title='bbox 1318 839 1629 908; x_wconf 78' lang='grc' dir='ltr'><em>συστρατεύων</em></span> <span class='ocrx_word' id='word_1_96' title='bbox 1655 842 1741 894; x_wconf 79' lang='grc' dir='ltr'><em>Θη-</em></span> 
     </span>
     <span class='ocr_line' id='line_1_13' title="bbox 362 894 1740 965; baseline 0.002 -30"><span class='ocrx_word' id='word_1_97' title='bbox 362 895 522 949; x_wconf 88' lang='grc' dir='ltr'><em>βαίοις.</em></span> <span class='ocrx_word' id='word_1_98' title='bbox 574 895 702 944; x_wconf 88' lang='grc' dir='ltr'><em>οὑτος</em></span> <span class='ocrx_word' id='word_1_99' title='bbox 742 897 824 949; x_wconf 80' lang='grc' dir='ltr'><em>γάρ</em></span> <span class='ocrx_word' id='word_1_100' title='bbox 868 896 915 938; x_wconf 78' lang='grc' dir='ltr'><em>ἐν</em></span> <span class='ocrx_word' id='word_1_101' title='bbox 956 896 1160 951; x_wconf 78' lang='grc' dir='ltr'><em>ἐκκλησίᾳ</em></span> <span class='ocrx_word' id='word_1_102' title='bbox 1204 896 1440 965; x_wconf 85' lang='grc' dir='ltr'><em>προαχθεὶς</em></span> <span class='ocrx_word' id='word_1_103' title='bbox 1487 894 1740 964; x_wconf 86' lang='grc' dir='ltr'><em>ἀπεφήνατο</em></span> 
     </span>
     <span class='ocr_line' id='line_1_14' title="bbox 281 950 1740 1007; baseline 0.002 -15"><span class='ocrx_word' id='word_1_104' title='bbox 281 962 334 1002; x_wconf 88' lang='lat'><em>10</em></span> <span class='ocrx_word' id='word_1_105' title='bbox 363 951 553 993; x_wconf 89' lang='grc' dir='ltr'><em>παλαιὸν</em></span> <span class='ocrx_word' id='word_1_106' title='bbox 599 956 710 994; x_wconf 87' lang='grc' dir='ltr'><em>εἰναι</em></span> <span class='ocrx_word' id='word_1_107' title='bbox 753 951 906 1005; x_wconf 87' lang='grc' dir='ltr'><em>λόγιον</em></span> <span class='ocrx_word' id='word_1_108' title='bbox 947 958 1038 1002; x_wconf 87' lang='grc' dir='ltr'><em>τοῖς</em></span> <span class='ocrx_word' id='word_1_109' title='bbox 1078 951 1374 1007; x_wconf 76' lang='grc' dir='ltr'><em>Σπαρτιάταις</em></span> <span class='ocrx_word' id='word_1_110' title='bbox 1413 950 1480 995; x_wconf 83' lang='grc' dir='ltr'><em>ὅτι</em></span> <span class='ocrx_word' id='word_1_111' title='bbox 1519 953 1617 996; x_wconf 88' lang='grc' dir='ltr'><em>τότε</em></span> <span class='ocrx_word' id='word_1_112' title='bbox 1658 967 1740 1007; x_wconf 89' lang='grc' dir='ltr'><em>την</em></span> 
     </span>
     <span class='ocr_line' id='line_1_15' title="bbox 361 1005 1741 1064; baseline 0.001 -16"><span class='ocrx_word' id='word_1_113' title='bbox 361 1006 597 1061; x_wconf 76' lang='grc' dir='ltr'><em>ἡγεμονίαν</em></span> <span class='ocrx_word' id='word_1_114' title='bbox 646 1005 949 1064; x_wconf 78' lang='grc' dir='ltr'><em>ἀποβαλοῦσιν</em></span> <span class='ocrx_word' id='word_1_115' title='bbox 989 1007 1097 1052; x_wconf 87' lang='grc' dir='ltr'><em>ὅταν</em></span> <span class='ocrx_word' id='word_1_116' title='bbox 1136 1009 1184 1052; x_wconf 81' lang='grc' dir='ltr'><em>ἐν</em></span> <span class='ocrx_word' id='word_1_117' title='bbox 1223 1009 1464 1062; x_wconf 82' lang='grc' dir='ltr'><em>Λεύκτροις</em></span> <span class='ocrx_word' id='word_1_118' title='bbox 1507 1007 1594 1052; x_wconf 76' lang='grc' dir='ltr'><em>’ὑπό</em></span> <span class='ocrx_word' id='word_1_119' title='bbox 1650 1012 1741 1064; x_wconf 86' lang='grc' dir='ltr'><em>Θη-</em></span> 
     </span>
     <span class='ocr_line' id='line_1_16' title="bbox 360 1062 1741 1134; baseline 0.001 -29"><span class='ocrx_word' id='word_1_120' title='bbox 360 1064 502 1119; x_wconf 87' lang='grc' dir='ltr'><em>βαίων</em></span> <span class='ocrx_word' id='word_1_121' title='bbox 535 1062 765 1133; x_wconf 84' lang='grc' dir='ltr'><em>ἡττηθωσι.</em></span> <span class='ocrx_word' id='word_1_122' title='bbox 814 1069 1073 1120; x_wconf 86' lang='grc' dir='ltr'><em>προςῆλθον</em></span> <span class='ocrx_word' id='word_1_123' title='bbox 1110 1065 1156 1109; x_wconf 82' lang='grc' dir='ltr'><em>δὲ</em></span> <span class='ocrx_word' id='word_1_124' title='bbox 1203 1070 1265 1125; x_wconf 76' lang='grc' dir='ltr'><em>τῷ</em></span> <span class='ocrx_word' id='word_1_125' title='bbox 1301 1064 1629 1134; x_wconf 79' lang='grc' dir='ltr'><em>Επαμεινώνδα</em></span> <span class='ocrx_word' id='word_1_126' title='bbox 1666 1064 1741 1108; x_wconf 87' lang='grc' dir='ltr'><em>καὶ</em></span> 
     </span>
     <span class='ocr_line' id='line_1_17' title="bbox 360 1111 1742 1178; baseline 0.001 -16"><span class='ocrx_word' id='word_1_127' title='bbox 360 1119 653 1176; x_wconf 76' lang='grc' dir='ltr'><em>χρησμολόγοι</em></span> <span class='ocrx_word' id='word_1_128' title='bbox 692 1137 805 1172; x_wconf 87' lang='grc' dir='ltr'><em>τινες</em></span> <span class='ocrx_word' id='word_1_129' title='bbox 843 1122 1061 1178; x_wconf 76' lang='grc' dir='ltr'><em>ἐγχώριοι,</em></span> <span class='ocrx_word' id='word_1_130' title='bbox 1100 1111 1297 1176; x_wconf 88' lang='grc' dir='ltr'><em>λέγοντες</em></span> <span class='ocrx_word' id='word_1_131' title='bbox 1327 1122 1394 1165; x_wconf 82' lang='grc' dir='ltr'><em>ὅτι</em></span> <span class='ocrx_word' id='word_1_132' title='bbox 1422 1123 1521 1176; x_wconf 88' lang='grc' dir='ltr'><em>περὶ</em></span> <span class='ocrx_word' id='word_1_133' title='bbox 1551 1121 1630 1165; x_wconf 83' lang='grc' dir='ltr'><em>τὸν</em></span> <span class='ocrx_word' id='word_1_134' title='bbox 1673 1119 1742 1164; x_wconf 77' lang='grc' dir='ltr'><em>τά·</em></span> 
     </span>
     <span class='ocr_line' id='line_1_18' title="bbox 279 1177 1741 1248; baseline 0.001 -29"><span class='ocrx_word' id='word_1_135' title='bbox 279 1181 332 1224; x_wconf 86' lang='grc'><em>15</em></span> <span class='ocrx_word' id='word_1_136' title='bbox 362 1192 452 1232; x_wconf 89' lang='grc' dir='ltr'><em>φον</em></span> <span class='ocrx_word' id='word_1_137' title='bbox 491 1180 577 1220; x_wconf 79' lang='grc' dir='ltr'><em>τῶν</em></span> <span class='ocrx_word' id='word_1_138' title='bbox 611 1178 841 1234; x_wconf 87' lang='grc' dir='ltr'><em>Λεύκτρου</em></span> <span class='ocrx_word' id='word_1_139' title='bbox 885 1179 961 1222; x_wconf 83' lang='grc' dir='ltr'><em>καὶ</em></span> <span class='ocrx_word' id='word_1_140' title='bbox 1000 1180 1232 1222; x_wconf 84' lang='grc' dir='ltr'><em>Σκεδάσου</em></span> <span class='ocrx_word' id='word_1_141' title='bbox 1269 1179 1526 1248; x_wconf 78' lang='grc' dir='ltr'><em>θυγατέρων</em></span> <span class='ocrx_word' id='word_1_142' title='bbox 1575 1177 1741 1246; x_wconf 71' lang='grc' dir='ltr'><em>μεγάλῃ</em></span> 
     </span>
     <span class='ocr_line' id='line_1_19' title="bbox 361 1233 1742 1306; baseline 0.001 -30"><span class='ocrx_word' id='word_1_143' title='bbox 361 1238 569 1293; x_wconf 82' lang='grc' dir='ltr'><em>συμφορά</em></span> <span class='ocrx_word' id='word_1_144' title='bbox 611 1237 678 1279; x_wconf 97' lang='grc' dir='ltr'><em>δεῖ</em></span> <span class='ocrx_word' id='word_1_145' title='bbox 713 1240 961 1293; x_wconf 84' lang='grc' dir='ltr'><em>περιπεσεῖν</em></span> <span class='ocrx_word' id='word_1_146' title='bbox 983 1238 1380 1306; x_wconf 84' lang='grc' dir='ltr'><em>Λακεδαιμονίους</em></span> <span class='ocrx_word' id='word_1_147' title='bbox 1419 1234 1491 1279; x_wconf 82' lang='grc' dir='ltr'><em>διά</em></span> <span class='ocrx_word' id='word_1_148' title='bbox 1536 1233 1742 1284; x_wconf 82' lang='grc' dir='ltr'><em>τοιαύτας</em></span> 
     </span>
     <span class='ocr_line' id='line_1_20' title="bbox 360 1279 1743 1348; baseline 0 -15"><span class='ocrx_word' id='word_1_149' title='bbox 360 1292 510 1341; x_wconf 85' lang='grc' dir='ltr'><em>αἰτίας.</em></span> <span class='ocrx_word' id='word_1_150' title='bbox 546 1279 770 1348; x_wconf 67' lang='grc' dir='ltr'><em>’Λεῦκτρος</em></span> <span class='ocrx_word' id='word_1_151' title='bbox 797 1308 875 1347; x_wconf 85' lang='grc' dir='ltr'><em>ην,</em></span> <span class='ocrx_word' id='word_1_152' title='bbox 915 1289 994 1347; x_wconf 80' lang='grc' dir='ltr'><em>ἀφ’</em></span> <span class='ocrx_word' id='word_1_153' title='bbox 1027 1295 1081 1335; x_wconf 83' lang='grc' dir='ltr'><em>οὐ</em></span> <span class='ocrx_word' id='word_1_154' title='bbox 1109 1292 1159 1335; x_wconf 69' lang='lat' dir='ltr'><em>vd</em></span> <span class='ocrx_word' id='word_1_155' title='bbox 1189 1295 1344 1336; x_wconf 84' lang='grc' dir='ltr'><em>πεδίον</em></span> <span class='ocrx_word' id='word_1_156' title='bbox 1376 1296 1509 1335; x_wconf 83' lang='grc' dir='ltr'><em>τοῦτο</em></span> <span class='ocrx_word' id='word_1_157' title='bbox 1541 1292 1633 1348; x_wconf 77' lang='grc' dir='ltr'><em>ἔσχε</em></span> <span class='ocrx_word' id='word_1_158' title='bbox 1662 1291 1743 1347; x_wconf 85' lang='grc' dir='ltr'><em>τὴν</em></span> 
     </span>
     <span class='ocr_line' id='line_1_21' title="bbox 356 1347 1745 1417; baseline 0 -27"><span class='ocrx_word' id='word_1_159' title='bbox 356 1351 665 1417; x_wconf 86' lang='grc' dir='ltr'><em>προςηγορίαν.</em></span> <span class='ocrx_word' id='word_1_160' title='bbox 714 1348 876 1392; x_wconf 87' lang='grc' dir='ltr'><em>τούτου</em></span> <span class='ocrx_word' id='word_1_161' title='bbox 923 1347 1169 1403; x_wconf 82' lang='grc' dir='ltr'><em>θυγατέρας</em></span> <span class='ocrx_word' id='word_1_162' title='bbox 1215 1349 1290 1392; x_wconf 90' lang='grc' dir='ltr'><em>καὶ</em></span> <span class='ocrx_word' id='word_1_163' title='bbox 1338 1347 1571 1392; x_wconf 84' lang='grc' dir='ltr'><em>Σκεδάσου</em></span> <span class='ocrx_word' id='word_1_164' title='bbox 1623 1349 1745 1397; x_wconf 80' lang='grc' dir='ltr'><em>τινος</em></span> 
     </span>
     <span class='ocr_line' id='line_1_22' title="bbox 358 1401 1744 1473; baseline 0 -27"><span class='ocrx_word' id='word_1_165' title='bbox 358 1401 519 1457; x_wconf 84' lang='grc' dir='ltr'><em>ὁμοίως</em></span> <span class='ocrx_word' id='word_1_166' title='bbox 549 1404 686 1459; x_wconf 85' lang='grc' dir='ltr'><em>κόρας</em></span> <span class='ocrx_word' id='word_1_167' title='bbox 713 1405 914 1473; x_wconf 86' lang='grc' dir='ltr'><em>πρέσβεις</em></span> <span class='ocrx_word' id='word_1_168' title='bbox 942 1407 1301 1459; x_wconf 81' lang='grc' dir='ltr'><em>Λακεδαιμονίων</em></span> <span class='ocrx_word' id='word_1_169' title='bbox 1329 1404 1584 1460; x_wconf 76' lang='grc' dir='ltr'><em>ἐβιάσαντο·</em></span> <span class='ocrx_word' id='word_1_170' title='bbox 1624 1407 1669 1447; x_wconf 77' lang='grc' dir='ltr'><em>αἱ</em></span> <span class='ocrx_word' id='word_1_171' title='bbox 1698 1404 1744 1446; x_wconf 77' lang='grc' dir='ltr'><em>δὲ</em></span> 
     </span>
     <span class='ocr_line' id='line_1_23' title="bbox 275 1459 1744 1531; baseline 0.001 -29"><span class='ocrx_word' id='word_1_172' title='bbox 275 1474 331 1515; x_wconf 78' lang='lat'><em>20</em></span> <span class='ocrx_word' id='word_1_173' title='bbox 357 1459 636 1515; x_wconf 85' lang='grc' dir='ltr'><em>υβρισθεῖσαι</em></span> <span class='ocrx_word' id='word_1_174' title='bbox 676 1477 757 1516; x_wconf 89' lang='grc' dir='ltr'><em>την</em></span> <span class='ocrx_word' id='word_1_175' title='bbox 795 1461 1032 1515; x_wconf 80' lang='grc' dir='ltr'><em>συιιφοράν</em></span> <span class='ocrx_word' id='word_1_176' title='bbox 1072 1460 1155 1504; x_wconf 77' lang='grc' dir='ltr'><em>οὐκ</em></span> <span class='ocrx_word' id='word_1_177' title='bbox 1197 1462 1448 1515; x_wconf 76' lang='grc' dir='ltr'><em>ἐνέγκασαι,</em></span> <span class='ocrx_word' id='word_1_178' title='bbox 1472 1465 1536 1531; x_wconf 85' lang='grc' dir='ltr'><em>τῇ</em></span> <span class='ocrx_word' id='word_1_179' title='bbox 1566 1462 1744 1529; x_wconf 89' lang='grc' dir='ltr'><em>πατρίδι</em></span> 
     </span>
     <span class='ocr_line' id='line_1_24' title="bbox 358 1515 1744 1588; baseline 0.001 -29"><span class='ocrx_word' id='word_1_180' title='bbox 358 1533 410 1572; x_wconf 84' lang='grc' dir='ltr'><em>τῃ</em></span> <span class='ocrx_word' id='word_1_181' title='bbox 441 1516 645 1572; x_wconf 81' lang='grc' dir='ltr'><em>πεμψάσῃ</em></span> <span class='ocrx_word' id='word_1_182' title='bbox 675 1533 780 1567; x_wconf 90' lang='grc' dir='ltr'><em>τους</em></span> <span class='ocrx_word' id='word_1_183' title='bbox 808 1517 1021 1572; x_wconf 83' lang='grc' dir='ltr'><em>υβριστας</em></span> <span class='ocrx_word' id='word_1_184' title='bbox 1049 1519 1404 1588; x_wconf 87' lang='grc' dir='ltr'><em>καταρασάμεναι</em></span> <span class='ocrx_word' id='word_1_185' title='bbox 1433 1516 1511 1561; x_wconf 81' lang='grc' dir='ltr'><em>τὸν</em></span> <span class='ocrx_word' id='word_1_186' title='bbox 1540 1519 1649 1587; x_wconf 85' lang='grc' dir='ltr'><em>βίον</em></span> <span class='ocrx_word' id='word_1_187' title='bbox 1667 1515 1744 1561; x_wconf 84' lang='grc' dir='ltr'><em>αύ-</em></span> 
     </span>
     <span class='ocr_line' id='line_1_25' title="bbox 359 1573 1743 1645; baseline 0 -29"><span class='ocrx_word' id='word_1_188' title='bbox 359 1575 551 1643; x_wconf 85' lang='grc' dir='ltr'><em>τοχειρία</em></span> <span class='ocrx_word' id='word_1_189' title='bbox 586 1573 894 1645; x_wconf 81' lang='grc' dir='ltr'><em>κατέστρεψαν.</em></span> <span class='ocrx_word' id='word_1_190' title='bbox 946 1578 1121 1617; x_wconf 89' lang='grc' dir='ltr'><em>πολλων</em></span> <span class='ocrx_word' id='word_1_191' title='bbox 1161 1575 1207 1618; x_wconf 82' lang='grc' dir='ltr'><em>δὲ</em></span> <span class='ocrx_word' id='word_1_192' title='bbox 1240 1575 1319 1618; x_wconf 87' lang='grc' dir='ltr'><em>καὶ</em></span> <span class='ocrx_word' id='word_1_193' title='bbox 1357 1573 1500 1617; x_wconf 80' lang='grc' dir='ltr'><em>ἄλλων</em></span> <span class='ocrx_word' id='word_1_194' title='bbox 1528 1573 1743 1617; x_wconf 90' lang='grc' dir='ltr'><em>τοιούτων</em></span> 
     </span>
     <span class='ocr_line' id='line_1_26' title="bbox 358 1617 1742 1699; baseline 0.001 -27"><span class='ocrx_word' id='word_1_195' title='bbox 358 1617 619 1685; x_wconf 85' lang='grc' dir='ltr'><em>λεγομένων,</em></span> <span class='ocrx_word' id='word_1_196' title='bbox 648 1630 724 1673; x_wconf 86' lang='grc' dir='ltr'><em>καὶ</em></span> <span class='ocrx_word' id='word_1_197' title='bbox 751 1634 832 1673; x_wconf 84' lang='grc' dir='ltr'><em>τοῦ</em></span> <span class='ocrx_word' id='word_1_198' title='bbox 857 1628 1213 1699; x_wconf 77' lang='grc' dir='ltr'><em>Ἐπαμεινώνδου</em></span> <span class='ocrx_word' id='word_1_199' title='bbox 1243 1630 1567 1699; x_wconf 83' lang='grc' dir='ltr'><em>συναγαγόντος</em></span> <span class='ocrx_word' id='word_1_200' title='bbox 1596 1631 1742 1687; x_wconf 82' lang='grc' dir='ltr'><em>ἐκκλη-</em></span> 
     </span>
     <span class='ocr_line' id='line_1_27' title="bbox 275 1686 1801 1757; baseline 0 -27"><span class='ocrx_word' id='word_1_201' title='bbox 275 1695 330 1738; x_wconf 77' lang='lat'><em>25</em></span> <span class='ocrx_word' id='word_1_202' title='bbox 360 1688 479 1739; x_wconf 90' lang='grc' dir='ltr'><em>σίαν,</em></span> <span class='ocrx_word' id='word_1_203' title='bbox 517 1687 592 1730; x_wconf 85' lang='grc' dir='ltr'><em>καὶ</em></span> <span class='ocrx_word' id='word_1_204' title='bbox 620 1687 727 1737; x_wconf 80' lang='grc' dir='ltr'><em>τούς</em></span> <span class='ocrx_word' id='word_1_205' title='bbox 756 1687 1019 1756; x_wconf 80' lang='grc' dir='ltr'><em>στρατιώτας</em></span> <span class='ocrx_word' id='word_1_206' title='bbox 1046 1693 1140 1737; x_wconf 87' lang='grc' dir='ltr'><em>τοῖς</em></span> <span class='ocrx_word' id='word_1_207' title='bbox 1169 1689 1345 1738; x_wconf 87' lang='grc' dir='ltr'><em>οἰκείοις</em></span> <span class='ocrx_word' id='word_1_208' title='bbox 1383 1686 1529 1742; x_wconf 86' lang='grc' dir='ltr'><em>λόγοις</em></span> <span class='ocrx_word' id='word_1_209' title='bbox 1558 1704 1736 1757; x_wconf 79' lang='grc' dir='ltr'><em>προτρε-</em></span> <span class='ocrx_word' id='word_1_210' title='bbox 1751 1688 1801 1728; x_wconf 82' lang='lat'><em>46</em></span> 
     </span>
     <span class='ocr_line' id='line_1_28' title="bbox 358 1742 1745 1814; baseline 0.001 -28"><span class='ocrx_word' id='word_1_211' title='bbox 358 1743 561 1799; x_wconf 83' lang='grc' dir='ltr'><em>ψαμένου</em></span> <span class='ocrx_word' id='word_1_212' title='bbox 598 1743 712 1797; x_wconf 82' lang='grc' dir='ltr'><em>πρός</em></span> <span class='ocrx_word' id='word_1_213' title='bbox 749 1743 827 1786; x_wconf 88' lang='grc' dir='ltr'><em>τὸν</em></span> <span class='ocrx_word' id='word_1_214' title='bbox 857 1742 1031 1798; x_wconf 75' lang='grc' dir='ltr'><em>ἀγῶνα,</em></span> <span class='ocrx_word' id='word_1_215' title='bbox 1070 1744 1228 1794; x_wconf 86' lang='grc' dir='ltr'><em>πάντες</em></span> <span class='ocrx_word' id='word_1_216' title='bbox 1258 1744 1487 1813; x_wconf 79' lang='grc' dir='ltr'><em>μετέθεντο</em></span> <span class='ocrx_word' id='word_1_217' title='bbox 1526 1745 1603 1795; x_wconf 83' lang='grc' dir='ltr'><em>τὰς</em></span> <span class='ocrx_word' id='word_1_218' title='bbox 1630 1761 1745 1814; x_wconf 79' lang='grc' dir='ltr'><em>γνω-</em></span> 
     </span>
     <span class='ocr_line' id='line_1_29' title="bbox 359 1799 1743 1870; baseline 0.001 -28"><span class='ocrx_word' id='word_1_219' title='bbox 359 1816 469 1870; x_wconf 87' lang='grc' dir='ltr'><em>μας,</em></span> <span class='ocrx_word' id='word_1_220' title='bbox 505 1800 580 1842; x_wconf 85' lang='grc' dir='ltr'><em>καὶ</em></span> <span class='ocrx_word' id='word_1_221' title='bbox 615 1816 694 1867; x_wconf 89' lang='grc' dir='ltr'><em>της</em></span> <span class='ocrx_word' id='word_1_222' title='bbox 727 1816 806 1854; x_wconf 91' lang='grc' dir='ltr'><em>μεν</em></span> <span class='ocrx_word' id='word_1_223' title='bbox 836 1801 1176 1856; x_wconf 86' lang='grc' dir='ltr'><em>δεισιδαιμονίας</em></span> <span class='ocrx_word' id='word_1_224' title='bbox 1216 1799 1518 1856; x_wconf 87' lang='grc' dir='ltr'><em>ἀπελύθησαν,</em></span> <span class='ocrx_word' id='word_1_225' title='bbox 1556 1800 1667 1858; x_wconf 81' lang='grc' dir='ltr'><em>πρὸς</em></span> <span class='ocrx_word' id='word_1_226' title='bbox 1696 1802 1743 1844; x_wconf 79' lang='grc' dir='ltr'><em>δὲ</em></span> 
     </span>
     <span class='ocr_line' id='line_1_30' title="bbox 358 1855 1742 1925; baseline 0.001 -26"><span class='ocrx_word' id='word_1_227' title='bbox 358 1873 441 1912; x_wconf 86' lang='grc' dir='ltr'><em>την</em></span> <span class='ocrx_word' id='word_1_228' title='bbox 468 1855 608 1912; x_wconf 86' lang='grc' dir='ltr'><em>μάχην</em></span> <span class='ocrx_word' id='word_1_229' title='bbox 646 1855 879 1910; x_wconf 79' lang='grc' dir='ltr'><em>εὐθαρσεῖς</em></span> <span class='ocrx_word' id='word_1_230' title='bbox 917 1861 1010 1907; x_wconf 86' lang='grc' dir='ltr'><em>ταῖς</em></span> <span class='ocrx_word' id='word_1_231' title='bbox 1046 1862 1205 1925; x_wconf 80' lang='grc' dir='ltr'><em>ψυχαῖς</em></span> <span class='ocrx_word' id='word_1_232' title='bbox 1239 1858 1518 1913; x_wconf 83' lang='grc' dir='ltr'><em>κατέστησαν.</em></span> <span class='ocrx_word' id='word_1_233' title='bbox 1557 1859 1664 1913; x_wconf 82' lang='grc' dir='ltr'><em>ἡλθε</em></span> <span class='ocrx_word' id='word_1_234' title='bbox 1694 1857 1742 1900; x_wconf 81' lang='grc' dir='ltr'><em>δὲ</em></span> 
     </span>
     <span class='ocr_line' id='line_1_31' title="bbox 358 1912 1743 1982; baseline 0.001 -26.001"><span class='ocrx_word' id='word_1_235' title='bbox 358 1913 435 1956; x_wconf 83' lang='grc' dir='ltr'><em>καὶ</em></span> <span class='ocrx_word' id='word_1_236' title='bbox 475 1915 693 1968; x_wconf 85' lang='grc' dir='ltr'><em>συμμαχία</em></span> <span class='ocrx_word' id='word_1_237' title='bbox 730 1912 839 1956; x_wconf 79' lang='grc' dir='ltr'><em>κατὰ</em></span> <span class='ocrx_word' id='word_1_238' title='bbox 877 1929 1038 1956; x_wconf 86' lang='grc' dir='ltr'><em>τουτον</em></span> <span class='ocrx_word' id='word_1_239' title='bbox 1072 1914 1152 1956; x_wconf 82' lang='grc' dir='ltr'><em>τόν</em></span> <span class='ocrx_word' id='word_1_240' title='bbox 1189 1914 1349 1967; x_wconf 80' lang='grc' dir='ltr'><em>καιρόν</em></span> <span class='ocrx_word' id='word_1_241' title='bbox 1391 1919 1483 1964; x_wconf 88' lang='grc' dir='ltr'><em>τοῖς</em></span> <span class='ocrx_word' id='word_1_242' title='bbox 1524 1916 1743 1982; x_wconf 83' lang='grc' dir='ltr'><em>Θηβαίοις</em></span> 
     </span>
     <span class='ocr_line' id='line_1_32' title="bbox 276 1969 1743 2039; baseline 0.001 -26"><span class='ocrx_word' id='word_1_243' title='bbox 276 1981 330 2020; x_wconf 85' lang='lat'><em>30</em></span> <span class='ocrx_word' id='word_1_244' title='bbox 358 1969 478 2023; x_wconf 77' lang='grc' dir='ltr'><em>παρὰ</em></span> <span class='ocrx_word' id='word_1_245' title='bbox 511 1972 757 2021; x_wconf 78' lang='grc' dir='ltr'><em>Θετταλῶν,</em></span> <span class='ocrx_word' id='word_1_246' title='bbox 794 1970 913 2022; x_wconf 79' lang='grc' dir='ltr'><em>πεζοὶ</em></span> <span class='ocrx_word' id='word_1_247' title='bbox 933 1969 1031 2028; x_wconf 81' lang='grc' dir='ltr'><em>μὲν</em></span> <span class='ocrx_word' id='word_1_248' title='bbox 1044 1971 1198 2039; x_wconf 91' lang='grc' dir='ltr'><em>χίλιοι</em></span> <span class='ocrx_word' id='word_1_249' title='bbox 1230 1971 1305 2013; x_wconf 88' lang='grc' dir='ltr'><em>καὶ</em></span> <span class='ocrx_word' id='word_1_250' title='bbox 1343 1969 1643 2027; x_wconf 68' lang='grc' dir='ltr'><em>πεντακόσιοι,</em></span> <span class='ocrx_word' id='word_1_251' title='bbox 1675 1973 1743 2014; x_wconf 79' lang='grc' dir='ltr'><em>ἰπ-</em></span> 
     </span>
     <span class='ocr_line' id='line_1_33' title="bbox 359 2025 1743 2082; baseline 0 -12"><span class='ocrx_word' id='word_1_252' title='bbox 359 2031 453 2076; x_wconf 88' lang='grc' dir='ltr'><em>πεῖς</em></span> <span class='ocrx_word' id='word_1_253' title='bbox 490 2025 536 2068; x_wconf 82' lang='grc' dir='ltr'><em>δὲ</em></span> <span class='ocrx_word' id='word_1_254' title='bbox 574 2025 877 2077; x_wconf 79' lang='grc' dir='ltr'><em>πεντακόσιοι,</em></span> <span class='ocrx_word' id='word_1_255' title='bbox 916 2028 979 2070; x_wconf 85' lang='grc' dir='ltr'><em>ὠν</em></span> <span class='ocrx_word' id='word_1_256' title='bbox 1028 2025 1173 2082; x_wconf 87' lang='grc' dir='ltr'><em>ηγεῖτο</em></span> <span class='ocrx_word' id='word_1_257' title='bbox 1212 2026 1374 2070; x_wconf 90' lang='grc' dir='ltr'><em>Ἰάσων.</em></span> <span class='ocrx_word' id='word_1_258' title='bbox 1435 2029 1566 2077; x_wconf 82' lang='grc' dir='ltr'><em>οὐτος</em></span> <span class='ocrx_word' id='word_1_259' title='bbox 1604 2027 1743 2070; x_wconf 83' lang='grc' dir='ltr'><em>επεισε</em></span> 
     </span>
     <span class='ocr_line' id='line_1_34' title="bbox 358 2081 1744 2154; baseline 0 -28"><span class='ocrx_word' id='word_1_260' title='bbox 358 2082 465 2134; x_wconf 89' lang='grc' dir='ltr'><em>τούς</em></span> <span class='ocrx_word' id='word_1_261' title='bbox 488 2098 533 2126; x_wconf 89' lang='grc' dir='ltr'><em>τε</em></span> <span class='ocrx_word' id='word_1_262' title='bbox 564 2081 792 2133; x_wconf 75' lang='grc' dir='ltr'><em>Βοιωτούς</em></span> <span class='ocrx_word' id='word_1_263' title='bbox 821 2083 895 2126; x_wconf 87' lang='grc' dir='ltr'><em>καὶ</em></span> <span class='ocrx_word' id='word_1_264' title='bbox 923 2084 1028 2133; x_wconf 80' lang='grc' dir='ltr'><em>τούς</em></span> <span class='ocrx_word' id='word_1_265' title='bbox 1056 2085 1435 2154; x_wconf 67' lang='grc' dir='ltr'><em>Λακεδαιμονίους</em></span> <span class='ocrx_word' id='word_1_266' title='bbox 1465 2082 1625 2138; x_wconf 86' lang='grc' dir='ltr'><em>ἀνοχας</em></span> <span class='ocrx_word' id='word_1_267' title='bbox 1649 2100 1744 2127; x_wconf 88' lang='grc' dir='ltr'><em>ποι-</em></span> 
     </span>
     <span class='ocr_line' id='line_1_35' title="bbox 359 2138 1750 2211; baseline 0.001 -29"><span class='ocrx_word' id='word_1_268' title='bbox 359 2139 578 2210; x_wconf 79' lang='grc' dir='ltr'><em>ήσασθαι,</em></span> <span class='ocrx_word' id='word_1_269' title='bbox 613 2140 688 2182; x_wconf 83' lang='grc' dir='ltr'><em>καὶ</em></span> <span class='ocrx_word' id='word_1_270' title='bbox 715 2138 767 2183; x_wconf 78' lang='grc' dir='ltr'><em>τὰ</em></span> <span class='ocrx_word' id='word_1_271' title='bbox 791 2138 1023 2194; x_wconf 87' lang='grc' dir='ltr'><em>παράλογα</em></span> <span class='ocrx_word' id='word_1_272' title='bbox 1051 2144 1127 2195; x_wconf 80' lang='grc' dir='ltr'><em>τῆς</em></span> <span class='ocrx_word' id='word_1_273' title='bbox 1155 2141 1285 2210; x_wconf 88' lang='grc' dir='ltr'><em>τύχης</em></span> <span class='ocrx_word' id='word_1_274' title='bbox 1314 2140 1626 2211; x_wconf 86' lang='grc' dir='ltr'><em>ευλαβηθῆναι</em></span> <span class='ocrx_word' id='word_1_275' title='bbox 1678 2157 1750 2211; x_wconf 53' lang='grc' dir='ltr'><em>γεηἐ</em></span> 
     </span>
     <span class='ocr_line' id='line_1_36' title="bbox 360 2195 1800 2270; baseline -0.001 -30"><span class='ocrx_word' id='word_1_276' title='bbox 360 2196 562 2252; x_wconf 84' lang='grc' dir='ltr'><em>νομένων</em></span> <span class='ocrx_word' id='word_1_277' title='bbox 600 2197 647 2240; x_wconf 84' lang='grc' dir='ltr'><em>δὲ</em></span> <span class='ocrx_word' id='word_1_278' title='bbox 687 2200 777 2240; x_wconf 78' lang='grc' dir='ltr'><em>τῶν</em></span> <span class='ocrx_word' id='word_1_279' title='bbox 816 2198 1021 2240; x_wconf 82' lang='grc' dir='ltr'><em>σπονδῶν</em></span> <span class='ocrx_word' id='word_1_280' title='bbox 1050 2196 1361 2270; x_wconf 86' lang='grc' dir='ltr'><em>Κλεόμβροτος</em></span> <span class='ocrx_word' id='word_1_281' title='bbox 1399 2195 1594 2250; x_wconf 76' lang='grc' dir='ltr'><em>ἀνέζευξε</em></span> <span class='ocrx_word' id='word_1_282' title='bbox 1634 2195 1742 2266; x_wconf 78' lang='grc' dir='ltr'><em>μετοὲ</em></span> <span class='ocrx_word' id='word_1_283' title='bbox 1783 2241 1800 2249; x_wconf 77' lang='lat'><em>..</em></span> 
     </span>
     <span class='ocr_line' id='line_1_37' title="bbox 277 2251 1741 2326; baseline 0 -29"><span class='ocrx_word' id='word_1_284' title='bbox 277 2261 330 2303; x_wconf 73' lang='lat'><em>35</em></span> <span class='ocrx_word' id='word_1_285' title='bbox 360 2257 437 2308; x_wconf 83' lang='grc' dir='ltr'><em>τῆς</em></span> <span class='ocrx_word' id='word_1_286' title='bbox 475 2251 700 2308; x_wconf 87' lang='grc' dir='ltr'><em>δυνάμεως</em></span> <span class='ocrx_word' id='word_1_287' title='bbox 741 2269 788 2296; x_wconf 86' lang='grc' dir='ltr'><em>εκ</em></span> <span class='ocrx_word' id='word_1_288' title='bbox 812 2257 898 2322; x_wconf 87' lang='grc' dir='ltr'><em>τῆς</em></span> <span class='ocrx_word' id='word_1_289' title='bbox 936 2255 1172 2305; x_wconf 89' lang='grc' dir='ltr'><em>Βοιωτίας,</em></span> <span class='ocrx_word' id='word_1_290' title='bbox 1213 2254 1286 2298; x_wconf 86' lang='grc' dir='ltr'><em>καὶ</em></span> <span class='ocrx_word' id='word_1_291' title='bbox 1334 2253 1577 2326; x_wconf 84' lang='grc' dir='ltr'><em>ἀπήντησεν</em></span> <span class='ocrx_word' id='word_1_292' title='bbox 1621 2252 1741 2297; x_wconf 84' lang='grc' dir='ltr'><em>αὐτω</em></span> 
     </span>
     <span class='ocr_line' id='line_1_38' title="bbox 362 2308 1741 2368; baseline -0.002 -12"><span class='ocrx_word' id='word_1_293' title='bbox 362 2309 468 2368; x_wconf 80' lang='grc' dir='ltr'><em>ἄλλη</em></span> <span class='ocrx_word' id='word_1_294' title='bbox 500 2310 685 2368; x_wconf 81' lang='grc' dir='ltr'><em>δύναμις</em></span> <span class='ocrx_word' id='word_1_295' title='bbox 713 2308 876 2368; x_wconf 86' lang='grc' dir='ltr'><em>μεγάλη</em></span> <span class='ocrx_word' id='word_1_296' title='bbox 895 2311 1255 2368; x_wconf 86' lang='grc' dir='ltr'><em>Λακεδαιμονίων</em></span> <span class='ocrx_word' id='word_1_297' title='bbox 1282 2310 1356 2355; x_wconf 85' lang='grc' dir='ltr'><em>καὶ</em></span> <span class='ocrx_word' id='word_1_298' title='bbox 1385 2314 1471 2357; x_wconf 77' lang='grc' dir='ltr'><em>τῶν</em></span> <span class='ocrx_word' id='word_1_299' title='bbox 1503 2308 1741 2366; x_wconf 76' lang='grc' dir='ltr'><em>συμμάχων</em></span> 
     </span>
    </p>
   </div>
   <div class='ocr_carea' id='block_1_3' title="bbox 280 704 337 805">
    <p class='ocr_par' dir='ltr' id='par_1_3' title="bbox 280 704 337 805">
     <span class='ocr_line' id='line_1_39' title="bbox 308 704 336 748; baseline 0 0"><span class='ocrx_word' id='word_1_300' title='bbox 308 704 336 748; x_wconf 83' lang='grc'>5</span> 
     </span>
     <span class='ocr_line' id='line_1_40' title="bbox 280 763 337 805; baseline 0 0"><span class='ocrx_word' id='word_1_301' title='bbox 280 763 337 805; x_wconf 69' lang='lat'><em>54</em></span> 
     </span>
    </p>
   </div>
   <div class='ocr_carea' id='block_1_4' title="bbox 358 2475 1742 2849">
    <p class='ocr_par' dir='ltr' id='par_1_4' title="bbox 358 2475 1742 2525">
     <span class='ocr_line' id='line_1_41' title="bbox 358 2475 1742 2525; baseline -0.001 -10"><span class='ocrx_word' id='word_1_302' title='bbox 358 2480 393 2515; x_wconf 84' lang='grc'><em>2.</em></span> <span class='ocrx_word' id='word_1_303' title='bbox 428 2476 548 2524; x_wconf 84' lang='grc' dir='ltr'><em>διότι]</em></span> <span class='ocrx_word' id='word_1_304' title='bbox 571 2482 649 2524; x_wconf 83' lang='lat' dir='ltr'><em>post</em></span> <span class='ocrx_word' id='word_1_305' title='bbox 681 2478 751 2514; x_wconf 82' lang='lat' dir='ltr'><em>hoc</em></span> <span class='ocrx_word' id='word_1_306' title='bbox 781 2478 937 2515; x_wconf 73' lang='lat' dir='ltr'>inserunt</span> <span class='ocrx_word' id='word_1_307' title='bbox 969 2479 1036 2514; x_wconf 71' lang='lat' dir='ltr'><em>HL</em></span> <span class='ocrx_word' id='word_1_308' title='bbox 1067 2477 1135 2523; x_wconf 70' lang='grc' dir='ltr'><em>ἔξω</em></span> <span class='ocrx_word' id='word_1_309' title='bbox 1168 2481 1234 2525; x_wconf 83' lang='grc' dir='ltr'><em>τῆς</em></span> <span class='ocrx_word' id='word_1_310' title='bbox 1258 2475 1545 2524; x_wconf 72' lang='grc' dir='ltr'><em>Πελοποννήσου</em></span> <span class='ocrx_word' id='word_1_311' title='bbox 1570 2476 1617 2515; x_wconf 67' lang='grc' dir='ltr'><em>τά</em></span> <span class='ocrx_word' id='word_1_312' title='bbox 1644 2479 1742 2514; x_wconf 78' lang='grc' dir='ltr'><em>Λεῦ-</em></span> 
     </span>
    </p>

    <p class='ocr_par' dir='ltr' id='par_1_5' title="bbox 359 2526 1741 2572">
     <span class='ocr_line' id='line_1_42' title="bbox 359 2526 1741 2572; baseline -0.001 -11"><span class='ocrx_word' id='word_1_313' title='bbox 359 2539 469 2570; x_wconf 75' lang='grc' dir='ltr'><em>κτραε</em></span> <span class='ocrx_word' id='word_1_314' title='bbox 492 2528 617 2568; x_wconf 80' lang='lat' dir='ltr'><em>„credo</em></span> <span class='ocrx_word' id='word_1_315' title='bbox 639 2527 792 2572; x_wconf 77' lang='lat' dir='ltr'><em>glossam</em></span> <span class='ocrx_word' id='word_1_316' title='bbox 818 2538 901 2565; x_wconf 77' lang='lat' dir='ltr'><strong>csse,</strong></span> <span class='ocrx_word' id='word_1_317' title='bbox 923 2539 992 2571; x_wconf 80' lang='lat' dir='ltr'><em>qna</em></span> <span class='ocrx_word' id='word_1_318' title='bbox 1016 2526 1167 2560; x_wconf 80' lang='lat' dir='ltr'><strong><em>Leuctra</em></strong></span> <span class='ocrx_word' id='word_1_319' title='bbox 1191 2528 1276 2560; x_wconf 84' lang='lat' dir='ltr'><strong><em>haec</em></strong></span> <span class='ocrx_word' id='word_1_320' title='bbox 1298 2527 1561 2571; x_wconf 81' lang='lat' dir='ltr'><em>distinguantur</em></span> <span class='ocrx_word' id='word_1_321' title='bbox 1581 2527 1626 2560; x_wconf 82' lang='lat' dir='ltr'><em>ab</em></span> <span class='ocrx_word' id='word_1_322' title='bbox 1650 2527 1741 2560; x_wconf 80' lang='lat' dir='ltr'><strong><em>eius-</em></strong></span> 
     </span>
    </p>

    <p class='ocr_par' dir='ltr' id='par_1_6' title="bbox 361 2553 1739 2629">
     <span class='ocr_line' id='line_1_43' title="bbox 361 2553 1739 2629; baseline -0.001 -21"><span class='ocrx_word' id='word_1_323' title='bbox 361 2575 440 2609; x_wconf 81' lang='lat' dir='ltr'><em>dem</em></span> <span class='ocrx_word' id='word_1_324' title='bbox 462 2553 607 2607; x_wconf 78' lang='lat' dir='ltr'>n6minz&#39;s</span> <span class='ocrx_word' id='word_1_325' title='bbox 623 2574 710 2629; x_wconf 71' lang='lat' dir='ltr'><em>⁹aliis</em></span> <span class='ocrx_word' id='word_1_326' title='bbox 732 2573 770 2605; x_wconf 85' lang='lat' dir='ltr'><em>in</em></span> <span class='ocrx_word' id='word_1_327' title='bbox 794 2572 1033 2614; x_wconf 79' lang='lat' dir='ltr'><em>Peloponneso.</em></span> <span class='ocrx_word' id='word_1_328' title='bbox 1063 2574 1087 2605; x_wconf 81' lang='grc'><strong><em>1</em></strong></span> <span class='ocrx_word' id='word_1_329' title='bbox 1085 2574 1140 2607; x_wconf 75' lang='lat' dir='ltr'><em>id.</em></span> <span class='ocrx_word' id='word_1_330' title='bbox 1167 2572 1255 2606; x_wconf 83' lang='lat' dir='ltr'><strong><em>Plut.</em></strong></span> <span class='ocrx_word' id='word_1_331' title='bbox 1269 2573 1378 2628; x_wconf 84' lang='lat' dir='ltr'><em>Pelop.</em></span> <span class='ocrx_word' id='word_1_332' title='bbox 1394 2584 1428 2616; x_wconf 84' lang='lat' dir='ltr'><em>p.</em></span> <span class='ocrx_word' id='word_1_333' title='bbox 1439 2572 1547 2606; x_wconf 82' lang='grc'><em>288.“</em></span> <span class='ocrx_word' id='word_1_334' title='bbox 1570 2573 1739 2606; x_wconf 64' lang='lat' dir='ltr'>Wnssnn.</span> 
     </span>
    </p>

    <p class='ocr_par' dir='ltr' id='par_1_7' title="bbox 363 2615 1741 2713">
     <span class='ocr_line' id='line_1_44' title="bbox 544 2615 1741 2675; baseline -0.001 -22"><span class='ocrx_word' id='word_1_335' title='bbox 544 2620 579 2653; x_wconf 76' lang='lat'><em>9.</em></span> <span class='ocrx_word' id='word_1_336' title='bbox 611 2617 830 2672; x_wconf 81' lang='grc' dir='ltr'><em>ἀπεφήνατο</em></span> <span class='ocrx_word' id='word_1_337' title='bbox 853 2618 1122 2663; x_wconf 81' lang='lat' dir='ltr'>Wesselingius:</span> <span class='ocrx_word' id='word_1_338' title='bbox 1150 2618 1232 2652; x_wconf 81' lang='lat' dir='ltr'>libri</span> <span class='ocrx_word' id='word_1_339' title='bbox 1238 2615 1425 2675; x_wconf 78' lang='grc' dir='ltr'><em>ἀπέφηνε</em></span> <span class='ocrx_word' id='word_1_340' title='bbox 1447 2616 1489 2653; x_wconf 78' lang='grc' dir='ltr'><em>τό</em></span> <span class='ocrx_word' id='word_1_341' title='bbox 1683 2618 1741 2653; x_wconf 89' lang='grc'><em>11.</em></span> 
     </span>
     <span class='ocr_line' id='line_1_45' title="bbox 363 2660 1649 2713; baseline -0.003 -11"><span class='ocrx_word' id='word_1_342' title='bbox 363 2662 639 2713; x_wconf 81' lang='grc' dir='ltr'><em>ἀποβαλοῦσιν]</em></span> <span class='ocrx_word' id='word_1_343' title='bbox 673 2663 908 2710; x_wconf 73' lang='grc' dir='ltr'><em>ἀποβάλωσιν</em></span> <span class='ocrx_word' id='word_1_344' title='bbox 930 2664 960 2698; x_wconf 79' lang='lat' dir='ltr'>L</span> <span class='ocrx_word' id='word_1_345' title='bbox 1135 2664 1193 2698; x_wconf 88' lang='lat'><em>11.</em></span> <span class='ocrx_word' id='word_1_346' title='bbox 1224 2660 1298 2698; x_wconf 81' lang='grc' dir='ltr'><em>υπὸ</em></span> <span class='ocrx_word' id='word_1_347' title='bbox 1329 2666 1505 2712; x_wconf 84' lang='grc' dir='ltr'><em>Θηβαίων</em></span> <span class='ocrx_word' id='word_1_348' title='bbox 1537 2674 1606 2698; x_wconf 89' lang='lat' dir='ltr'><em>om.</em></span> <span class='ocrx_word' id='word_1_349' title='bbox 1630 2663 1649 2698; x_wconf 89' lang='grc' dir='ltr'>Ι</span> 
     </span>
    </p>

    <p class='ocr_par' dir='ltr' id='par_1_8' title="bbox 361 2708 1740 2849">
     <span class='ocr_line' id='line_1_46' title="bbox 499 2708 1285 2754; baseline -0.001 -9"><span class='ocrx_word' id='word_1_350' title='bbox 499 2712 555 2746; x_wconf 88' lang='grc'><em>18.</em></span> <span class='ocrx_word' id='word_1_351' title='bbox 581 2710 900 2754; x_wconf 79' lang='grc' dir='ltr'><em>Λακεδαιμονίων]</em></span> <span class='ocrx_word' id='word_1_352' title='bbox 925 2708 1215 2751; x_wconf 83' lang='grc' dir='ltr'><em>Λακεδαιμόνιοι</em></span> <span class='ocrx_word' id='word_1_353' title='bbox 1237 2711 1285 2744; x_wconf 78' lang='lat' dir='ltr'><em>FI</em></span> 
     </span>
     <span class='ocr_line' id='line_1_47' title="bbox 452 2755 1740 2810; baseline -0.005 -17"><span class='ocrx_word' id='word_1_354' title='bbox 452 2757 510 2793; x_wconf 62' lang='lat'>46.</span> <span class='ocrx_word' id='word_1_355' title='bbox 557 2757 614 2791; x_wconf 80' lang='grc'><em>28</em></span> <span class='ocrx_word' id='word_1_356' title='bbox 650 2760 728 2796; x_wconf 84' lang='grc' dir='ltr'><em>τοῖς</em></span> <span class='ocrx_word' id='word_1_357' title='bbox 764 2758 852 2800; x_wconf 85' lang='lat' dir='ltr'><em>(hoc</em></span> <span class='ocrx_word' id='word_1_358' title='bbox 884 2767 952 2790; x_wconf 90' lang='lat' dir='ltr'><em>om.</em></span> <span class='ocrx_word' id='word_1_359' title='bbox 988 2757 1033 2799; x_wconf 74' lang='lat' dir='ltr'><em>L)</em></span> <span class='ocrx_word' id='word_1_360' title='bbox 1072 2757 1252 2801; x_wconf 83' lang='grc' dir='ltr'><em>Θηβαίοις</em></span> <span class='ocrx_word' id='word_1_361' title='bbox 1282 2760 1360 2801; x_wconf 74' lang='lat' dir='ltr'><em>post</em></span> <span class='ocrx_word' id='word_1_362' title='bbox 1392 2755 1577 2800; x_wconf 86' lang='grc' dir='ltr'><em>συμμαχία</em></span> <span class='ocrx_word' id='word_1_363' title='bbox 1608 2757 1740 2810; x_wconf 83' lang='lat' dir='ltr'>ponunt</span> 
     </span>
     <span class='ocr_line' id='line_1_48' title="bbox 361 2798 1738 2849; baseline -0.002 -11"><span class='ocrx_word' id='word_1_364' title='bbox 361 2804 443 2838; x_wconf 70' lang='lat' dir='ltr'><strong>1³⁴1ss</strong></span> <span class='ocrx_word' id='word_1_365' title='bbox 556 2803 614 2839; x_wconf 76' lang='lat'><em>31.</em></span> <span class='ocrx_word' id='word_1_366' title='bbox 638 2801 753 2840; x_wconf 85' lang='grc' dir='ltr'><em>ε’πεισε</em></span> <span class='ocrx_word' id='word_1_367' title='bbox 775 2803 818 2845; x_wconf 83' lang='lat' dir='ltr'><em>A,</em></span> <span class='ocrx_word' id='word_1_368' title='bbox 842 2802 970 2839; x_wconf 79' lang='lat' dir='ltr'><strong>caeteri</strong></span> <span class='ocrx_word' id='word_1_369' title='bbox 991 2801 1029 2838; x_wconf 79' lang='grc' dir='ltr'><em>τ’</em></span> <span class='ocrx_word' id='word_1_370' title='bbox 1054 2800 1173 2840; x_wconf 75' lang='grc' dir='ltr'><em>ἔπεισε</em></span> <span class='ocrx_word' id='word_1_371' title='bbox 1297 2803 1500 2849; x_wconf 75' lang='grc' dir='ltr'><em>Βοιωτούς]</em></span> <span class='ocrx_word' id='word_1_372' title='bbox 1528 2798 1738 2842; x_wconf 69' lang='grc' dir='ltr'><em>ΒοιωταςΕ</em></span> 
     </span>
    </p>
   </div>
  </div>
 </body>
</html>
