1820 3249
227 87 338 127 1484
602 82 717 125 LIB.
747 81 838 124 XX.
895 81 1023 133 GAP'.
1050 85 1120 126 32.
1127 86 1219 127 ‚⁵33

225 210 294 246 τες
322 194 669 266 ἐξεκολύμβησαν
699 195 809 250 πρός
836 211 934 239 τινα
960 197 1069 241 ναὸν
1097 199 1171 253 τῆς
1188 195 1351 252 ἼΙρας
1366 195 1599 252 γενομένης

228 255 312 295 οὐν
347 268 484 307 μαχης
525 252 624 305 περὶ
661 255 751 294 τῶν
796 256 998 308 σκαφῶν,
1043 254 1116 297 καὶ
1154 258 1242 296 τῶν
1284 255 1601 322 Καρχηδονίων

227 309 550 378 ἐπιβαλλόντων
588 310 772 378 σιδηρᾶς
806 315 948 365 χεῖρας
985 311 1057 353 καὶ
1063 310 1342 380 βιαιότερον
1360 308 1600 352 ἀποσπών-

144 378 199 418 60
228 381 317 408 των
351 364 441 408 ἀπὸ
479 369 556 420 τῆς
587 369 707 421 γῆς,
727 364 846 408 δέκα
860 367 939 421 μὲν
977 365 1164 435 τριήρεις
1194 367 1410 410 ἑάλωσαν·
1449 366 1525 416 τὰς
1554 363 1602 408 δ’

228 421 361 472 ἄλλας
410 422 458 465 ἐκ
490 426 581 477 τῆς
611 422 776 471 πόλεως
804 422 1189 494 ἐπιβοηθήσαντές
1224 440 1336 474 τινες
1375 421 1601 466 διέσωσαν.

227 480 315 521 καὶ
333 478 387 521 τὰ
414 479 492 534 μὲν
521 480 620 532 περὶ
647 479 852 522 Σικελίαν
881 480 928 522 ἐν
956 481 1128 530 τούτοις
1156 485 1224 536 ην.
1595 503 1598 506 ’

141 549 197 588 33
342 535 453 588 Περὶ
485 536 531 578 δὲ
559 552 640 589 την
669 534 842 591 Λιβύην
863 535 1156 591 Ἀγαθοκλῆς,
1193 536 1348 606 ἐπειδὴ
1366 536 1603 581 κατέπλευῆ

141 605 195 645 (55
226 594 309 655 σἀν
337 593 385 634 οἱ
412 608 493 647 την
517 589 691 647 Ἀμίλκα
720 592 913 647 κεφαλήν
941 594 1225 647 κομίζοντες,
1239 592 1471 649 αναλαβών
1500 591 1603 635 ταύ-

224 647 304 711 τὴν
333 648 430 691 καὶ
444 648 749 702 παριππεύσας
782 650 981 703 πλησίον
993 654 1073 705 τῆς
1102 654 1376 706 παρεμβολῆς
1405 654 1493 696 τῶν
1517 664 1602 692 πο·-

224 704 387 760 λέιιίων
425 707 484 755 εἰς
514 710 666 760 φωνῆς
688 704 851 762 ακοήν,
890 705 1019 756 ἐδειξε
1056 711 1145 756 τοῖς
1172 709 1393 761 πολεμίοις
1420 706 1495 749 καὶ
1523 705 1603 760 τήν

223 766 314 804 τῶν
340 762 648 829 στρατοπέδων
677 763 811 817 ἡτταν
841 760 1115 817 διεσαφησεν
1161 764 1204 805 οἱ
1234 763 1280 805 δὲ
1308 761 1604 831 Καρχηδόνιοι

223 821 469 872 περιαλγεῖς
507 816 755 872 γενόμενοι,
796 819 870 860 καὶ
906 819 1186 873 βαρβαρικοῖς
1214 818 1604 875 προςκυνήσαντες,

140 887 197 927 70
225 887 463 929 συμφοραν
493 874 665 917 ἑαυτῶν
681 874 923 917 ἐποιοῦντο
949 876 1027 918 τὸν
1055 880 1134 919 τοῦ
1154 876 1363 944 βασιλέως
1389 875 1679 926 θανατον,4ἓ9

224 932 297 976 καὶ
326 930 435 983 πρὸς
472 930 552 973 τόν
582 930 689 974 ὅλον
716 929 909 986 πόλεμον
938 930 1106 988 αθυμοι
1135 931 1502 1001 καθειστηκεισαν.
1560 932 1604 977 οἱ

224 988 273 1031 δὲ
301 988 400 1038 περὶ
423 986 506 1030 τόν
528 986 796 1042 Ἀγαθοκλέα
823 992 916 1038 τοῖς
951 1005 1049 1043 περι
1078 988 1251 1044 Λιβύην
1278 987 1605 1044 προτερήμασιν

223 1043 500 1097 ἐπαρθέντες,
530 1043 797 1099 τηλικούτων
828 1043 1133 1114 εύτυχηματων
1160 1045 1515 1100 προςγενομένων
1533 1060 1604 1100 με-

225 1102 384 1153 τέωροι
421 1105 516 1150 ταῖς
551 1100 720 1143 ἐλπίσιν
739 1100 1049 1175 ἐγενήθησαν,
1081 1119 1138 1153 ως
1168 1101 1488 1173 ἀπηλλαγμένοι
1515 1106 1604 1145 τῶν

141 1163 196 1207 75
227 1160 399 1226 δεινων;
418 1211 421 1213 -
454 1156 509 1200 ού
538 1157 626 1212 μὴν
648 1174 679 1214 ,η
697 1155 803 1213 τύχη
823 1173 898 1211 γε
909 1160 1029 1201 εἴ-ασε
1052 1159 1132 1214 τὴν
1162 1159 1344 1213 εὔροιαν
1372 1161 1518 1214 μένειν
1534 1158 1604 1201 ἐπὶ

225 1218 302 1269 τῆς
329 1211 477 1282 αὐτῆς
514 1214 693 1266 ταξεως,
732 1213 830 1256 ἀλλ’
870 1213 917 1257 ἐκ
952 1219 1041 1258 τῶν
1070 1217 1196 1258 ἰδίων
1232 1218 1507 1268 στρατιωτων
1542 1217 1604 1269 τῷ

227 1269 443 1326 δυνάστη
461 1270 564 1320 τοὺς
584 1271 817 1340 μεγίστους
845 1269 1066 1328 ἐπήνεγκε
1077 1271 1344 1322 κινδύνους.
1385 1272 1606 1320 Λυκίσκος

225 1343 307 1380 γαρ
339 1343 403 1376 τις
433 1343 521 1368 των
551 1325 624 1382 ἐφ’
655 1326 874 1390 ἡγεμονία
888 1327 1165 1387 πεταγμένων
1193 1329 1496 1398 παραληφθεὶς
1523 1325 1602 1371 ὑπ’

141 1391 195 1430 80
220 1381 540 1452 Ἀγαθοκλέους
581 1383 647 1426 ἐπὶ
682 1384 765 1426 τό
766 1382 977 1428 δεῖπνον
997 1385 1197 1436 οἰνωθεὶς
1232 1384 1500 1441 ἐβλασφήμει
1526 1384 1606 1427 τὸν

224 1439 469 1494 δυνάστηνκ.
487 1437 517 1482 6
541 1439 620 1494 μὲν
651 1442 734 1483 οὑν
758 1438 1028 1510 Ἀγαθοκλῆς
1058 1442 1130 1485 διοὶ
1160 1440 1236 1492 τὰς
1266 1442 1313 1484 ἐν
1340 1446 1402 1512 τῷ
1430 1441 1604 1511 πολέμῳ

222 1498 367 1552 χρείας
394 1495 714 1565 ἀποδεχόμενος
743 1495 822 1540 τὸν
846 1496 1014 1551 ἄνδρα,
1045 1516 1097 1555 τη
1134 1501 1288 1542 παιδια
1316 1499 1371 1542 τὰ
1397 1498 1512 1557 πρὸς
1537 1514 1605 1541 πο·

222 1554 352 1606 κρίαν
373 1551 585 1607 λεγόμενα
617 1553 840 1608 διέσυρεν·
863 1552 895 1597 6
927 1553 970 1605 δ’
1001 1556 1100 1605 υἱὸς
1124 1544 1389 1615 Ἀρχαγαθος
1412 1551 1606 1622 χαλεπως

138 1615 192 1658 85
223 1610 370 1665 φέρων
401 1610 576 1664 ἐπετίμα
594 1626 638 1653 τε
658 1611 728 1654 καὶ
753 1611 1020 1681 διηπείλεῖτο.
1058 1611 1349 1664 διαλυθέντος
1363 1612 1418 1656 δὲ
1427 1616 1508 1654 τοῦ
1526 1610 1605 1654 πό

220 1683 304 1709 του
333 1666 409 1708 καὶ
446 1666 555 1736 πρός
584 1684 665 1722 την
705 1667 872 1732 σκηνήν
894 1666 1125 1715 ἀπιόντων
1146 1669 1429 1726 ἐλοιδόρησεν
1460 1666 1485 1712 6
1506 1667 1604 1711 Λυ-

219 1725 387 1775 κίσκος
410 1722 513 1765 τόν.
513 1721 788 1795 Ἀρχάγαθον
824 1723 899 1775 εἰς
922 1725 1015 1781 τὴν
1023 1741 1117 1780 της
1141 1731 1358 1798 μητρυιᾶς·
1383 1721 1602 1781 μοιχείαν·

219 1779 362 1822 ἐδόκει
391 1778 475 1833 γάρ
511 1779 623 1834 ἔχειν
647 1780 815 1838 λαθρᾳ
826 1784 908 1824 τοῦ
935 1781 1100 1833 πατρὸς
1139 1783 1218 1852 τὴν
1242 1781 1432 1834 Ἀλκίαν·
1472 1785 1604 1825 τοῦτο

222 1835 308 1891 γὰρ
349 1831 404 1891 ἧν
435 1835 592 1890 ὄνομα
613 1842 667 1893 τῇ
696 1838 886 1891 γυναικί.
946 1839 970 1881 ὁ
1010 1837 1054 1882 6'
1084 1838 1350 1908 Ἀρχαγαθος
1379 1841 1437 1890 εἰς
1467 1836 1605 1893 ὀργην

139 1903 194 1943 90
222 1892 590 1948 ὑπερβάλλουσαν
617 1897 880 1961 προαχθείς,
910 1895 983 1938 καὶ
1012 1895 1131 1949 παρά
1161 1913 1279 1947 τινος
1306 1899 1396 1939 τῶν
1422 1894 1604 1946 ὑπασπι-

225 1961 359 1993 στων
371 1949 568 2006 αρπάσας
597 1949 802 2006 σιβύνην,
819 1950 1008 2006 διήλασε
1039 1953 1112 1995 διὰ
1140 1957 1228 1996 τῶν
1257 1957 1473 2006 πλευρῶν.
1507 1955 1604 1994 τοῦ-

222 2022 303 2049 τον
330 2005 438 2060 μὲν
461 2022 547 2056 ουν
585 2011 849 2079 παραχρῆμα
884 2008 1199 2062 τελευτήσαντα
1236 2011 1362 2079 πρὸς
1381 2009 1474 2064 τὴν
1487 2009 1605 2051 ἰδίαν

225 2053 478 2117 ἀπήνεγκαν
508 2063 674 2118 σκηνήν
704 2067 770 2113 οἱς
802 2066 857 2133 ἠγ
887 2064 1103 2120 ἐπιμελές·
1140 2064 1230 2119 ἅμα
1260 2062 1321 2108 δ’
1316 2062 1473 2122 ἡμέρα
1502 2068 1604 2107 συν-

227 2118 431 2169 ελθόντες
464 2120 508 2171 οἱ
534 2124 616 2162 τοῦ
647 2120 944 2174 φονευθέντος
975 2123 1097 2189 φίλοι
1125 2123 1199 2165 καὶ
1229 2123 1385 2166 πολλοι
1410 2125 1498 2164 τῶν
1528 2120 1604 2163 ἄλ.-

140 2182 195 2225 95
225 2181 329 2218 λων
346 2181 622 2229 στρατιωτῶν
652 2177 974 2244 συνδραμόντες
1000 2176 1113 2233 η’γαν
1117 2178 1279 2221 άκτουν
1299 2178 1366 2222 ἐπὶ
1390 2183 1480 2227 τοῖς
1499 2193 1602 2229 πρα-

221 2237 364 2314 χθεῖσι
391 2232 465 2276 καὶ
493 2231 701 2320 θορύβου
730 2233 811 2289 την
835 2232 1119 2317 παρεμβολὴν
1146 2232 1413 2315 ἐπληρωσαν.
1450 2234 1604 2277 πολλοὶ

221 2345 278 2380 56.
307 2344 563 2389 ἔκολύμβησαν
586 2347 616 2379 F
799 2350 864 2392 τῆς
886 2320 1032 2393 ἔ’.[Ιρικς]
1054 2347 1174 2391 ”Ηρας
1206 2349 1240 2382 Τ
1264 2350 1348 2382 Bas.
1545 2347 1600 2382 58.

221 2391 518 2438 ἐπιβαλλόντων]
554 2391 806 2447 ἐπιβαλόντων
852 2396 916 2429 F..
1112 2397 1169 2430 61.
1212 2395 1417 2439 διέσωσαν]
1462 2393 1602 2430 ἔσωσαν

212 2440 252 2473 ·F
414 2439 495 2472 65.
521 2437 788 2484 παριππεύσας]
814 2453 858 2475 πε
864 2443 1063 2484 ριππεύσας
1086 2442 1127 2483 F,
1151 2440 1418 2484 περιιππεύσας
1442 2442 1488 2474 W

312 2485 378 2528 τῆς
400 2467 634 2529 παρεμβολῆς
656 2497 724 2519 om.
751 2488 817 2520 ΤΧ
842 2489 925 2522 B.s.1
917 2509 946 2530 .1‚
972 2488 1136 2522 asterisco
1162 2489 1297 2523 notavit
1323 2488 1520 2532 Stephanus

289 2530 348 2564 69.
375 2528 589 2586 ἐποιοῦντο]
613 2531 793 2575 ἐποίησαν
810 2534 884 2574 W,
909 2532 1130 2577 ἐποιήσαντο
1154 2535 1185 2568 F

340 2576 409 2611 29
443 2576 500 2610 ῖ5.
533 2574 712 2622 ἐν’ροιατ]
747 2578 908 2614 εὔνοιαν
931 2582 963 2624 Q
999 2579 1409 2624 Βαε.81.τῷ
1439 2579 1599 2625 πολέμῳ]

222 2621 367 2666 πολέμω
392 2623 472 2656 Bas.
657 2625 713 2659 81.
738 2638 777 2660 τε
796 2637 869 2660 ..0111
892 2627 952 2659 Γ
1105 2626 1162 2661 87.
1185 2624 1341 2669 Ἀλκίαν]
1366 2627 1514 2661 α’λκείαν
1537 2627 1568 2660 F

358 2669 417 2703 92.
443 2667 500 2708 οἷς
522 2682 569 2713 ην
589 2668 770 2714 ἐπιμελες
775 2683 849 2706 nm..
871 2674 917 2713 X,
943 2672 1108 2706 asterisco
1132 2673 1268 2709 notavit
1289 2674 1487 2719 Stephanus

267 2714 328 2749 96.
349 2705 564 2761 ἐπλήρωσαν
587 2716 732 2752 FTWY
761 2711 845 2755 Bas.
836 2744 866 2761 .‚
897 2720 1025 2754 caeteri
1053 2718 1237 2766 ἐπλήρουν
