1820 3249
470 161 1118 206 LlB.xv1.CAP.76.w.
1374 163 1480 203 1111

102 276 328 331 κνωμένοις
361 275 437 320 καὶ
472 278 584 344 τοῖς
605 273 736 326 ὕψεσι
775 272 1081 328 διαφερούσας.
1143 268 1272 316 αὗται
1308 274 1356 318 δὲ
1385 277 1480 324 ταῖς
1509 277 1534 321 5

28 338 88 375 141
106 335 358 404 οἰκοδομαῖς
385 330 450 375 ἀεὶ
478 330 589 375 κατὰ
616 332 695 386 τὴν
724 332 785 382 εἰς
814 330 892 375 τὸν
921 330 1066 385 λόφον
1107 329 1324 399 ἀνάβασιν
1355 329 1479 386 ἀλλή-

104 396 193 433 λων
220 389 492 444 υπερέχουσι,
522 389 597 432 καὶ
624 388 675 431 τὸ
706 391 846 444 σχῆμα
873 391 948 442 τῆς
977 388 1079 444 ὅλης
1108 385 1271 437 πόλεως
1299 392 1480 442 θεατρο-

103 447 212 498 ειδὲς
241 445 509 489 ἀποτελοῦσι.
569 444 722 499 διόπερ
750 449 839 487 τῶν
864 449 1015 500 τειχῶν
1047 457 1237 499 συνεχως
1266 447 1478 514 καταβαλ-

102 504 323 560 λομένων
335 500 470 546 οὐδὲν
497 500 789 572 ἠλαττοῦντο·
834 503 1145 556 διοικοδομοῦν
1138 517 1215 551 τες
1251 499 1337 571 γὰρ
1374 501 1479 551 τούς
1512 508 1563 547 10

103 559 354 610 στενωπούς
391 564 486 610 ταῖς
520 557 588 602 ἀεὶ
623 557 889 609 κατωτάταις
933 560 1090 609 οἰκίαις
1127 558 1267 611 ὥςπερ
1307 555 1480 612 ὀχυροῖς

102 628 190 660 τισι
214 618 395 672 τείχεσιν
425 617 626 685 ἐχρῶντο.
686 615 834 669 διόπερ
869 613 893 659 6
931 618 1146 666 Φίλιππος
1174 614 1277 671 μετα
1305 617 1481 657 πολλων

102 673 253 717 πόνων
288 674 362 716 καὶ
398 671 621 717 κινδύνων
648 677 730 716 τοῦ
757 675 924 728 τείχους
952 671 1197 742 κρατήσας
1198 670 1481 726 ἰσχυρότερον

101 728 281 799 ηὕρισκε
310 728 360 773 τὸ
387 734 525 786 τεῖχος
553 729 602 774 τὸ
635 730 708 774 δια
736 735 825 773 τῶν
855 731 1009 773 οἰκιῶν
1029 727 1282 796 αυτομάτως
1305 727 1480 784 ἡτοιμα-

102 786 273 842 σμένον
330 787 439 840 πρὸς
465 787 511 830 δὲ
539 786 711 838 τούτοις
736 787 782 830 ἐκ
811 790 890 830 τοῦ
913 787 1160 840 Βυζαντίου
1189 784 1366 828 πάντων
1391 788 1480 826 τῶν
1513 784 1564 825 15

100 843 212 898 πρός
238 843 316 886 τὸν
344 843 538 898 πόλεμον
562 846 783 914 χρησίμων
803 843 998 900 ἑτοίμως
1007 841 1360 913 χορηγουμένων,
1391 840 1480 896 ἐμέ-

102 912 195 955 ρισε
233 917 311 951 τας
346 902 553 954 δυνάμεις
591 903 650 952 εἰς
679 900 763 945 δύο
794 901 926 957 μέρη,
970 902 1044 944 καὶ
1072 900 1176 950 τούς
1207 900 1285 954 μὲν
1313 898 1481 966 ἡμίσεις

101 973 192 1001 των
222 962 499 1011 στρατιωτῶν
528 956 736 1002 οἷπέλιπεν
764 959 834 1002 ἐπὶ
854 962 930 1014 τῆς
953 958 1222 1011 πολιορκίας
1252 953 1481 1010 έπιστησας

104 1012 255 1065 αὐτοῖς
283 1013 387 1064 τούς
416 1014 622 1068 ἀρίστους
649 1013 886 1071 ἡγεμόνας,
931 1015 1039 1065 τούς
1077 1013 1124 1058 δ’
1155 1012 1314 1085 ἄλλους
1343 1027 1480 1066 παρα·
1510 1013 1566 1052 20

103 1071 251 1143 λαβὼν
280 1069 414 1121 αὐτὸς
441 1072 701 1124 προςέπεσεν
720 1072 847 1128 ἄφνω
869 1075 930 1129 τῷ
951 1072 1175 1128 Βυζαντίῳ
1204 1069 1278 1113 καὶ
1294 1071 1483 1123 πολιορ·

103 1129 209 1171 κίαν
235 1127 418 1183 ἰσχυράν
448 1128 753 1184 συνεστήσατο
795 1131 838 1172 οἱ
859 1130 905 1172 65
928 1115 1161 1181 Βυζάντιοι
1179 1130 1268 1170 τῶν
1297 1142 1340 1169 τε
1359 1137 1484 1178 στρα-

103 1187 272 1227 τιωτῶν
310 1185 385 1227 καὶ
422 1190 511 1228 τῶν
551 1188 694 1240 βελῶν
733 1187 807 1229 καὶ
843 1189 932 1229 τῶν
962 1184 1106 1228 ἄλλων
1135 1187 1225 1227 τῶν
1263 1184 1485 1252 χρησίμων

103 1241 224 1294 παρα
252 1245 345 1292 τοῖς
377 1245 635 1295 Περινθίοις
664 1242 807 1286 ὄντων
837 1245 896 1293 εἰς
925 1242 1112 1314 πολλὴν
1115 1241 1347 1285 ἐνέπιπτον
1377 1238 1483 1295 ἄμη-

104 1301 272 1367 χανίαν.
332 1299 406 1343 καὶ
431 1299 484 1342 τοὶ
515 1301 595 1354 μὲν
622 1300 722 1354 περὶ
753 1302 1025 1354 Περινθίους
1043 1298 1116 1342 καὶ
1139 1298 1406 1350 Βυζαντίους
1435 1296 1482 1339 έν
1511 1295 1566 1336 25

104 1353 279 1405 τούτοις
307 1358 384 1424 ἡν
436 1360 532 1398 τῶν
570 1358 616 1400 δὲ
658 1357 948 1427 συγγραφέων
975 1356 1173 1410 Ἐφορος
1217 1354 1295 1410 μὲν
1333 1351 1357 1397 6
1396 1355 1485 1396 Κυ-

106 1416 233 1467 μαῖος
265 1428 346 1466 την
380 1413 579 1466 ιστορίαν
617 1413 774 1456 ἐνθάδε
801 1413 1097 1469 κατέστροφεν
1127 1414 1187 1463 εἰς
1214 1411 1294 1484 τήν
1328 1411 1486 1465 Περίν-

105 1473 196 1510 θου
224 1471 499 1538 πολιορκίαι)-
529 1472 778 1526 περιείληφε
805 1471 850 1513 65
879 1474 934 1543 τῇ
962 1473 1113 1525 γραφῇ
1136 1468 1314 1521 πράξεις
1341 1466 1419 1518 τοὶς
1439 1482 1484 1510 τε

107 1528 195 1575 τῶν
229 1522 447 1580 Ἑλλήνων
483 1527 556 1570 καὶ
594 1527 834 1582 βαρβάρων
873 1525 1115 1582 ἀρξάμενος
1153 1524 1240 1569 ἀπὸ
1278 1529 1354 1595 τῆς
1394 1527 1485 1567 τῶν

102 1579 396 1635 Ἡρακλειδῶν
423 1583 645 1628 καθόδου·
673 1583 836 1640 χρόνον
865 1584 910 1628 65
939 1582 1165 1638 περιέλαβε
1195 1580 1347 1638 σχεδὸν
1377 1579 1486 1624 ἐτῶν
1514 1577 1569 1617 30

108 1637 389 1682 ἑπτακοσίων
407 1640 482 1684 καὶ
505 1640 794 1696 πεντήκοντα,
839 1641 911 1684 καὶ
942 1642 1122 1697 βίβλους
1149 1639 1339 1710 γέγραφε
1366 1654 1486 1690 τρια-

106 1711 269 1764 κοντα,
311 1698 547 1752 προοίμιον
575 1697 732 1754 ἑκάστῃ
761 1699 956 1751 προθείς.
1013 1698 1205 1746 Δίυλλος
1236 1693 1279 1739 δ’
1309 1693 1333 1738 6
1359 1691 1487 1766 Ἀθη-

107 1756 234 1803 ναῑος
261 1756 337 1807 τῆς
357 1754 571 1825 δευτέρας
600 1755 841 1807 συντάξεως
871 1754 1006 1811 αρχὴν
1026 1754 1254 1809 πεποίηται
1269 1755 1346 1807 τῆς
1360 1750 1488 1806 Ἐφο-

112 1825 196 1864 ρου
212 1810 420 1864 ἱστορίας
447 1809 534 1882 τὴντ
556 1811 780 1881 τελευτήν,
812 1812 886 1854 καὶ
914 1812 989 1863 τὰς
1019 1811 1112 1866 ἑξῆς
1141 1810 1316 1863 πράξεις
1347 1808 1488 1852 συνεί-

112 1881 178 1920 ρει
212 1866 288 1917 τάς
322 1883 367 1910 τε
405 1871 494 1910 τῶν
523 1867 743 1926 Ἑλλήνων
772 1869 846 1912 καὶ
873 1872 961 1912 τῶν
991 1866 1231 1926 βαρβάρων
1260 1866 1385 1923 μέχρι
1410 1868 1489 1922 τῆς
1518 1857 1571 1899 35

118 1924 341 1968 Φιλίππου
366 1923 580 1994 τελευτῆς.

214 1979 320 2023 Ἑπ
367 1998 581 2053 αρχθνΐθς
626 1981 671 2026 δ’
709 1980 918 2039 Ἀθήνησι
965 1979 1253 2053 Θεοφραστου
1282 1977 1490 2037 Ρωμαῖοι
1518 1975 1573 2015 77

111 2035 191 2091 μὲν
221 2035 414 2089 ὑπάτους
443 2038 708 2094 κατέστησαν
737 2040 929 2093 Μάρκον
965 2039 1207 2094 Οὐαλέριον
1235 2037 1310 2080 καὶ
1339 2038 1488 2079 Αὐλον

111 2095 389 2166 Κορνήλιον
403 2094 643 2152 Ὀλυμπιας
673 2095 716 2140 δ’
737 2097 853 2170 ἤχθη
885 2096 1040 2168 δεκάτη
1070 2095 1181 2151 πρὸς
1201 2099 1295 2145 ταῖς
1317 2091 1488 2142 ἑκατόν,
1517 2086 1571 2130 40

111 2149 216 2193 καθ’
267 2151 324 2207 ἢν
372 2152 493 2196 ἐνίκα
531 2153 713 2197 σταδιον
755 2154 976 2210 Ἀντικλῆς
1013 2152 1260 2209 Ἀθηναῖος
1326 2149 1396 2193 ἐπὶ
1443 2149 1490 2192 65

115 2207 285 2251 τούτων
332 2211 554 2253 Φιλίππου
583 2209 823 2263 Βυζάντιον
861 2214 1224 2281 πολιορκοῦντος,
1264 2205 1492 2276 Ἀθηναῖοι

117 2263 220 2319 μὲν
221 2264 414 2320 ε’κριναν
450 2267 530 2311 τόν
560 2269 783 2313 Φίλιππον
817 2268 1044 2313 λελυκέναι
1082 2268 1162 2325 τὴν
1189 2264 1299 2322 πρὸς
1330 2262 1492 2314 αὐτους

187 2447 377 2484 141.1⁰.
424 2453 506 2492 ταῖς
530 2449 587 2488 ἀεὶ
609 2448 837 2490 κατωτᾶταις
859 2450 1017 2495 οἰκίαις]
1042 2449 1130 2492 τοῦς
1144 2445 1321 2485 υποκοῖτω
1338 2449 1421 2487 ταῖς
1440 2446 1494 2481 οἰ-

120 2493 218 2534 Ἠἀῐς
239 2496 303 2538 QX
486 2499 544 2534 13.
585 2497 629 2534 τό
654 2499 790 2542 τεῖχος]
814 2501 929 2542 τεῖχος
951 2499 981 2532 F
1167 2497 1222 2530 27.
1257 2493 1493 2539 περιείληφε]

120 2541 346 2586 περιειλήφει
369 2543 430 2578 FL
451 2545 535 2579 Bas.
718 2544 775 2578 30.
820 2543 1069 2588 πεντήκοντα]
1094 2547 1153 2578 aut
1177 2540 1344 2576 Clementi
1361 2541 1490 2574 Strom.

123 2586 152 2621 l.
177 2599 209 2629 p.
234 2587 311 2622 337.
346 2590 573 2634 πεντήκοντα
606 2595 669 2625 aut
697 2591 851 2624 modom
883 2589 1083 2632 τριάκοντα
1106 2589 1353 2623 restituendum
1378 2589 1493 2619 monet

123 2633 303 2668 cuntonus
322 2635 413 2668 Fast.
436 2648 468 2680 p.
494 2639 550 2671 vl.
574 2639 627 2674 ed.
649 2649 716 2671 Sec.
741 2637 854 2670 nub-1
878 2637 1063 2671 Clementis
1085 2640 1180 2670 sunt:
1204 2632 1278 2670 ἀπὸ
1299 2635 1365 2677 τῆς
1383 2630 1494 2675 Ηρα-

123 2681 277 2714 κλειδῶν
300 2681 471 2717 καθόδου
495 2682 552 2719 ἐπὶ
581 2681 787 2719 Εὕαίνετον
809 2679 989 2740 ἄρχοντα,
1032 2681 1098 2740 ἐφ’
1131 2696 1175 2718 ου
1202 2692 1315 2725 φασιν
1335 2679 1404 2715 ’ἓΑλ
1400 2679 1494 2731 50²?-

123 2727 216 2769 δοῦν
238 2728 288 2766 εἰς
320 2726 388 2771 τὴν
417 2725 534 2764 Ἀσίαν
559 2732 756 2776 διαβῆναι,
791 2742 841 2769 ως
857 2728 1042 2774 Ἐφορος,
1076 2727 1136 2774 ἔτη
1162 2726 1359 2765 ἑπτακόσιοι
1383 2722 1487 2767 τριά-

123 2785 238 2807 κοντα
261 2773 366 2808 πέντε
547 2778 606 2812 32.
623 2776 816 2836 προθείς]
839 2778 1014 2822 προςθείς
1037 2777 1119 2811 Bas.
1301 2774 1359 2809 40.
1388 2771 1495 2815 Ἀθη-

123 2822 231 2861 vatos,-
251 2821 281 2855 F
303 2821 388 2855 Bas.
398 2823 558 2865 ‚caeteri
581 2818 602 2859 6
623 2821 823 2869 Ἀθηναῖοι·
