1820 3249
314 141 424 180 1216
716 136 1281 180 LIB'XV11.cAP.83

313 249 387 293 καὶ
415 244 505 293 τῶν
534 252 810 303 στρατιωτῶν
845 252 907 307 τῷ
936 248 1093 319 πλήθει
1127 250 1203 319 τῆς
1244 245 1455 318 ὠφελείας
1485 249 1692 321 διορθου-

313 306 458 361 μένων
487 306 565 378 τήν
594 305 917 359 κακοπαθειαν,
953 305 1059 362 ταχὺ
1087 304 1267 349 πάντων
1295 308 1383 348 τῶν
1415 304 1634 361 ἐγχωρίων
1665 305 1689 350 6

313 364 516 419 βασιλεὺς
545 363 779 416 ἐκυρίευσε.

228 423 284 462 83
425 419 551 463 Mete}
590 422 636 463 δὲ
671 424 810 463 ταῦτα
846 417 1080 474 παρελθων
1117 419 1301 487 πλησίον
1338 420 1420 461 τοῦ
1449 416 1690 461 Καυκάσου

227 482 281 521 60
311 477 812 546 κατεστρατοπέδευσεν,
850 476 874 519 ὅ
902 493 1014 526 τινες
1045 474 1367 544 Παροπάμισον
1396 474 1501 529 ὄρος
1530 488 1691 529 προςα-

308 531 558 604 γορεύουσι.
617 533 666 576 τὸ
707 532 749 576 δ’
787 531 890 587 ὅρος
921 536 1049 575 τοῦτο
1086 531 1195 575 κατὰ
1224 531 1389 582 πλάτος
1429 533 1615 574 διελθών
1643 532 1692 576 ἐν

242 600 245 603 “
292 590 489 645 ἡμέραις
529 590 757 633 ἑκκαίδεκα
794 588 924 632 πόλιν
965 589 1102 631 ε’κτισε
1139 605 1248 631 κατα
1278 605 1364 658 την
1388 589 1583 655 εἰςβολην
1613 588 1693 643 τὴν

310 647 537 701 φέρουσαν
568 649 626 697 εἰς
658 645 737 701 την
761 645 980 713 Μηδικήν,
1011 643 1066 700 ὴν
1096 643 1325 699 ωνόμασεν
1354 643 1692 698 Ἀλεξάνδρειαν.

308 720 418 746 κατα
461 703 506 746 δε
554 703 687 758 μέσον
733 704 811 745 τὸν
858 701 1099 744 Καύκασον
1141 702 1229 744 ἔστι
1256 701 1406 769 πέτρα
1443 703 1548 744 δέκα
1587 713 1692 743 στα-

225 761 279 802 65
310 760 417 803 δίων
465 760 623 815 ε’χουσα
670 758 750 815 τὴν
802 761 1082 813 περίμετρον,
1143 757 1360 811 τεττάρων
1406 757 1451 800 δὲ
1503 758 1693 801 σταδίων

307 817 357 860 τὸ
395 816 534 868 ὕψος,
578 816 624 859 ἐν
661 817 689 871 ᾑ
733 816 808 858 καὶ
839 815 888 859 τὸ
921 813 1192 870 Προμηθέως
1222 813 1452 870 σπηλαιον
1467 812 1692 858 ἐδείκνυθ·’

307 871 396 916 ’ὑπὸ
439 878 527 915 τῶν
575 873 793 940 ἐγχωρίων
832 872 905 914 καὶ
943 871 969 928 ἡ
1011 875 1091 913 τοῦ
1128 871 1517 940 μυθολογηθέντος
1558 887 1693 922 αετου

307 931 429 999 κοίτη
466 929 540 972 καὶ
569 929 621 971 τὰ
650 946 739 991 των
770 931 941 998 δεσμων
971 932 1134 983 σημεῖα.
1196 926 1219 970 6
1250 924 1292 971 δ’
1320 925 1600 981 Ἀλέξανδρος
1621 927 1695 970 καὶ

310 985 448 1041 ἄλλην
466 986 596 1028 πόλιν
615 984 793 1037 εκτισεν,
802 986 979 1055 ημέρας
1003 984 1111 1028 666v
1119 983 1381 1053 απέχουσαν
1406 988 1481 1039 τῆς
1497 983 1694 1035 Ἀλεξαν-

226 1046 280 1084 70
312 1045 470 1096 δρείας
530 1042 741 1098 κατῴκισε
771 1020 812 1086 6'
835 1044 894 1092 εἰς
915 1041 1049 1092 αὐτας
1079 1045 1165 1084 τῶν
1195 1042 1273 1096 μὲν
1305 1042 1543 1096 βαρβάρων
1573 1039 1695 1083 ἑπτα-

311 1101 560 1154 κιςχιλίους,
590 1103 678 1142 τῶν
708 1097 752 1142 δ’
784 1098 907 1148 ἐκτὸς
925 1099 1083 1149 τάξεως
1106 1097 1564 1141 συνακολουθούντων
1582 1113 1696 1150 τρις-

308 1159 472 1226 χιλίους
509 1156 582 1199 καὶ
620 1172 710 1198 των
740 1153 1030 1225 μισθοφόρων
1058 1171 1163 1205 τους
1192 1154 1501 1227 βουλομένους.
1562 1153 1696 1204 αὐτὸς

310 1213 356 1256 δὲ
386 1211 620 1283 αναλαβών
649 1211 730 1268 τὴν
762 1211 950 1268 δύναμιν
979 1217 1177 1282 προῆγεν
1203 1213 1263 1262 εἰς
1291 1227 1370 1266 την
1400 1209 1694 1278 Βακτριανήν,

227 1273 282 1315 75
314 1267 492 1313 ακούων
527 1269 605 1312 τὸν
637 1272 814 1325 Βησσον
852 1268 1044 1324 διάδημα
1076 1285 1121 1312 τε
1153 1267 1433 1324 ἀνειληφέναι
1459 1268 1532 1311 καὶ
1562 1266 1696 1313 δυνα-

310 1343 402 1384 μεις
432 1327 667 1379 ἀθροίζειν.
726 1326 799 1368 καὶ
828 1343 881 1368 τα
910 1342 1001 1395 μεν,
1017 1326 1115 1379 περὶ
1139 1325 1418 1380 Ἀλέξανδρον
1449 1324 1496 1367 ἐν
1520 1323 1696 1375 τούτοις

307 1400 376 1438 ην.
437 1401 478 1426 οι
514 1381 556 1426 δ’
589 1384 649 1433 εἰς
678 1399 757 1437 την
781 1381 949 1437 Ἀρείαν
978 1381 1288 1437 ἀπεσταλμένοι
1313 1381 1546 1449 στρατηγοὶ
1568 1397 1697 1424 κατα-

307 1440 491 1493 λαβόντε
496 1456 516 1489 ς
546 1455 651 1489 τους
682 1438 982 1511 ἀφεστηκότας
1011 1438 1216 1494 δυναμεις
1255 1436 1512 1507 ἀξιολόγους
1540 1436 1693 1506 ἠθροι-

307 1497 463 1548 κότας,
522 1496 597 1538 καὶ
632 1497 882 1567 στρατηγὸν
930 1497 1105 1552 ἔχοντας
1143 1494 1499 1552 Σατιβαρζάνην,
1552 1493 1695 1550 ἄνδρα

225 1555 279 1595 80
311 1554 546 1609 στρατηγίᾳ
573 1553 646 1595 καὶ
678 1552 859 1610 ανδρεία
889 1553 1176 1608 διαφέροντα,
1215 1551 1696 1622 κατεστρατοπέδευσαν

283 1611 493 1665 πλησίον
532 1613 622 1652 τῶν
664 1612 897 1665 πολεμίων.
955 1610 1202 1665 γινομένων
1245 1609 1291 1652 δε
1328 1609 1538 1659 πολλάκις
1565 1606 1695 1663 ἄκρο·

308 1669 544 1737 βολισμων,
575 1665 697 1721 μέχρι
726 1667 805 1722 μέν
833 1684 953 1718 τινος
983 1684 1138 1736 μαχαι
1146 1663 1242 1710 κατ’
1265 1665 1442 1722 ὀλίγους
1472 1666 1693 1721 ἐγίνοντο·

309 1723 414 1791 μετὰ
445 1723 490 1766 δὲ
520 1739 659 1766 ταυτα
687 1723 965 1777 παρατάξεως
983 1722 1232 1779 γενομένης,
1261 1724 1334 1766 και
1351 1739 1440 1766 των
1451 1722 1696 1793 βαρβάρων

226 1778 279 1820 85
310 1779 521 1847 ισόμαχον
563 1781 816 1823 ποιούντων
854 1780 934 1824 τόν
972 1782 1204 1832 κίνδυνον,
1252 1779 1275 1824 6
1305 1796 1394 1823 των
1436 1778 1696 1822 ἅποστατων

310 1836 551 1906 στρατηγὸς
579 1835 910 1892 Σατιβαρζανης
946 1837 1132 1907 αφελών
1151 1842 1245 1888 ταῖς
1272 1838 1392 1900 χερσὶ
1421 1835 1470 1879 τὸ
1493 1837 1592 1891 περὶ
1615 1834 1696 1892 τήν

309 1894 510 1949 κεφαλήν
539 1893 716 1946 κράνος,
748 1895 821 1937 καὶ
853 1895 994 1946 δείξας
1024 1893 1163 1937 αὑτὸν
1194 1893 1243 1944 ὂς
1272 1901 1339 1952 ην,
1369 1892 1694 1963 προεκαλέσατο
1737 1927 1750 1935 .

308 1950 389 1993 τόν
419 1949 693 2006 βουλόμενον
725 1955 814 1993 τῶν
847 1956 1100 2008 στρατηγῶν
1128 1955 1448 2021 μονομαχῆσαι.
1502 1948 1697 1993 υπακού-

311 2018 470 2058 σαντος
509 2008 554 2050 δὲ
596 2011 676 2049 τοῦ
712 2005 956 2078 Εριγυίου,
1004 2026 1078 2051 και
1115 2008 1349 2063 γενομένης
1390 2023 1525 2077 μαχης
1566 2005 1694 2062 ἡρωι-

227 2065 282 2106 90
311 2081 403 2133 κης,
436 2064 597 2119 συνέβη
627 2068 802 2120 νικῆσαι
831 2064 910 2108 τόν
933 2064 1168 2121 Ἐρίγυιον.
1228 2067 1272 2108 οι
1301 2065 1347 2109 δὲ
1378 2063 1601 2135 βαρβαροι
1623 2063 1696 2107 δια

309 2121 388 2164 τὸν
416 2137 496 2163 του
527 2125 776 2176 στρατηγοῦ
805 2122 1005 2165 θάνατον
1033 2123 1400 2177 καταπλαγέντες,
1431 2121 1505 2164 καὶ
1536 2118 1718 2176 λαβόνφ

309 2194 377 2229 τες
428 2178 508 2233 τήν
562 2177 832 2232 ἀσφάλειαν,
887 2180 1146 2233 παρέδωκαν
1187 2178 1371 2229 ἑαυτοὺς
1410 2182 1470 2236 τῷ
1511 2181 1692 2234 βασιλεῖ.

310 2238 483 2291 Βῆσσος
515 2234 560 2278 δε
593 2233 753 2279 ἑαυτὸν
782 2234 1069 2293 ἀναδεδειχώς
1097 2235 1276 2292 βασιλέα
1297 2241 1388 2288 τοῖς
1409 2239 1531 2286 θεοῖς
1549 2235 1693 2288 ἔθυσε,

307 2371 365 2406 59.
399 2370 692 2419 Παροπαμισον]
715 2372 951 2416 προπάνισον
975 2375 1016 2418 F,
1043 2373 1405 2420 ΠαροπανισονΤΧ,
1431 2374 1693 2432 Ρατοιζαφηίεειιε

306 2419 372 2451 Cos
358 2430 436 2461 pus
620 2419 677 2453 61.
722 2419 762 2464 ἐξ
787 2421 849 2456 καὶ
874 2422 961 2457 δέκα
989 2422 1019 2454 F
1204 2423 1262 2456 62.
1310 2419 1511 2466 Μηδικὴν]
1538 2418 1693 2466 Ἰνδικήν

307 2464 469 2498 Reiskius
659 2466 716 2499 64.
765 2467 875 2522 δέκα]
914 2467 977 2521 καὶ
1001 2467 1182 2512 praeponit
1205 2471 1234 2502 F
1259 2470 1400 2512 punctis
1424 2467 1648 2524 superpositis

489 2510 548 2544 6.8
597 2508 709 2557 ἄλλην
731 2511 840 2548 πόλιν
863 2535 908 2540 -
933 2513 1145 2567 απέχουσαν
1170 2517 1247 2553 FL,
1283 2515 1411 2550 caeteri
1434 2511 1545 2555 ἄλλας
1567 2512 1694 2554 πόλεις

307 2577 350 2582 -
377 2554 586 2600 ἀπεχούσας
771 2560 828 2595 70.
876 2558 1013 2604 αὐτὰς]
1051 2558 1188 2601 ταύτας
1211 2561 1269 2595 FL
1451 2561 1509 2595 71.
1526 2559 1694 2618 τάξεως

305 2604 376 2645 FL,
401 2603 528 2637 caeteri
553 2603 691 2646 τάξεων
876 2609 933 2643 74.
987 2608 1241 2663 Βακτριανήν]
1267 2608 1466 2654 Βακτρίαν,
1492 2600 1541 2642 οὐ
1563 2602 1609 2652 ἦν
1631 2609 1693 2641 FL

491 2648 548 2683 75
598 2649 863 2709 ἀνειληφέναι]
898 2652 1089 2698 εἰληφέναι
1116 2655 1197 2688 Bas.
1390 2656 1448 2690 79.
1492 2655 1692 2711 στρατηγίᾳ

308 2695 416 2739 FLQ,
441 2695 570 2729 caeteri
596 2697 838 2755 στρατηγικὸν
1021 2700 1079 2735 83.
1127 2701 1348 2746 γενομένης]
1373 2700 1564 2747 γινομένης
1586 2701 1616 2742 L

400 2741 458 2776 86.
495 2738 635 2787 αυτὸν]
662 2741 779 2779 αὐτόν
803 2746 833 2778 L
969 2745 1027 2782 88.
1055 2744 1271 2793 Ἐριγυίου]
1296 2748 1490 2804 Ερυγυίου
1515 2749 1610 2791 Bas„
1633 2747 1692 2782 hic

308 2789 342 2822 et
365 2786 435 2828 89.,
461 2785 609 2833 ἐρυγίου
634 2795 668 2825 et
692 2789 840 2837 ἐρύγιον
863 2792 892 2825 F
1086 2793 1145 2830 92.
1193 2795 1354 2839 ἑαυτὸν]
1379 2791 1494 2831 αυτὸν
1515 2795 1545 2829 F
