1820 3249
533 205 1535 251 LIB.X1x.CAP.28.30.1365

171 327 289 360 στου
314 317 390 361 καὶ
425 294 689 387 Ἀντιγένους
726 314 896 389 ἄγημα,
935 317 1217 388 τριακοσίους
1256 317 1354 373 ἔχον
1392 319 1533 370 ἷππεῖς

171 377 250 445 μιᾶ
280 373 655 444 περιειλημμένους
692 374 790 443 ἰ’λῃ,
828 373 896 417 ἐπ’
928 372 1066 429 ἄκρου
1097 373 1142 417 δε
1169 377 1251 417 τοῦ
1277 375 1456 428 κέρατος
1482 375 1532 419 τὸ
1560 380 1615 424 45

173 417 400 499 Ευμένους
434 429 599 486 ἄγημα,
635 429 740 481 τούς
775 432 902 482 ι’σους
938 431 1036 486 ἕχον
1065 432 1226 481 ἱππεῖς,
1263 431 1336 474 καὶ
1364 431 1533 474 τούτων

170 485 398 557 πρόταγμα
435 489 524 530 τῶν
563 484 791 556 Εὐμένους
828 488 998 555 παίδων
1037 488 1132 538 ι’λας
1172 487 1275 539 δύο,
1329 498 1534 543 συνεστη-

167 543 294 594 κυίας
322 542 522 596 ἑκατέρας
549 543 592 595 ἐξ
620 542 784 587 ἱππέων
820 543 1107 599 πεντήκοντα,
1137 543 1210 586 καὶ
1238 545 1420 616 πλαγίας
1431 560 1533 613 φυ-

168 598 408 650 λαττούσας
436 599 513 650 ἔξω
550 603 632 643 τοῦ
662 599 844 651 κέρατος
871 602 966 651 ἴλας
997 600 1217 668 τέτταρας,
1250 601 1296 644 έν
1325 597 1394 651 αἶς
1419 594 1534 670 ᾖσαν
1561 606 1615 649 50

170 656 313 706 ἴππεῖς
351 655 564 699 ἐπίλεκτοι
603 656 832 699 διακόσιοι.
887 657 1014 712 χωρὶς
1051 656 1096 699 δὲ
1135 654 1304 699 τούτων
1342 654 1428 700 ἀπὸ
1456 672 1534 700 πα-

171 714 263 754 σῶν
290 715 377 754 τῶν
407 713 653 768 ἱππαρχιῶν
681 712 1030 768 ἐπιλελεγμένους
1059 717 1148 762 τοῖς
1176 713 1319 767 τάχεσι
1339 713 1412 756 καὶ
1440 718 1535 765 ταῖς

171 765 338 838 ρςόμαις
367 769 509 819 ἱππεῖς
538 771 817 823 τριακοσίους
846 770 990 838 ἔστησε
1018 766 1204 812 κατόπιν
1232 772 1311 811 τοῦ
1331 769 1429 824 περὶ
1458 767 1534 812 αὐ-

167 823 246 865 τὸν
284 822 515 895 ἀγήματος.
580 824 700 880 παρὰ
738 826 784 868 δὲ
823 842 902 881 την
939 826 1044 882 ὅλην
1081 828 1161 868 τοῦ
1197 823 1376 878 κέρατος
1411 824 1534 877 τάξιν

166 878 403 937 προέταξεν
431 880 664 953 ἐλέφαντας
689 882 1014 936 τετταράκοντα
1072 880 1100 937 ἡ
1130 880 1175 924 ὀε
1203 885 1320 924 πᾶσα
1349 879 1535 936 δύναμις
1563 885 1617 928 55

167 936 225 992 ἡν
253 939 342 978 τῶν
376 938 474 990 περὶ
500 939 578 981 τὸν
615 936 792 1008 Εὐμένη
827 940 945 992 πεζοὶ
981 938 1060 1007 μὲν
1094 937 1339 1008 τριςμύριοι
1376 952 1532 980 πεντα-

169 993 386 1059 κιςχίλιοι,
435 996 575 1045 ἱππεῖς
616 994 662 1037 δὲ
701 994 971 1050 έξακιςχίλιοι
1011 994 1185 1047 ἑκατόν,
1224 993 1452 1050 ἐλέφαντες
1487 993 1533 1038 δὲ

170 1047 326 1091 ἑκατόν
352 1053 737 1120 τετταρεςκαίδεκα.

279 1103 522 1176 Ἀντίγονος
553 1104 596 1149 δ’
628 1106 676 1149 έκ
689 1106 932 1174 μετεώρων
959 1105 1105 1148 τόπων
1125 1104 1314 1149 κατιδών
1343 1103 1423 1160 τὴν
1445 1107 1534 1148 τῶν
1562 1111 1617 1150 29

171 1161 388 1230 πολεμίων
427 1161 569 1215 ταξιν,
617 1160 728 1230 πρὸς
761 1161 933 1231 ταύτην
972 1160 1245 1216 αρμοζόντως
1282 1161 1534 1232 διεκόσμησε
1564 1169 1618 1209 60

171 1216 251 1272 τὴν
277 1219 395 1287 ἰδίαν
424 1217 625 1271 δύναμιν.
687 1216 805 1287 ὁρῶν
843 1217 927 1273 γὰρ
964 1217 1012 1260 τὸ
1042 1222 1130 1260 τῶν
1158 1217 1364 1260 ἐναντίων
1394 1216 1535 1269 δεξιὸν

170 1273 302 1328 κέρας
340 1272 629 1345 ὠχυρωμένον
663 1279 755 1325 τοῖς
792 1290 835 1317 τε
862 1274 1037 1329 θηρίοις
1073 1273 1147 1316 καὶ
1175 1279 1266 1324 τοῖς
1293 1275 1537 1328 κρατίστοις

171 1333 260 1372 τῶν
288 1332 472 1379 ἱππέων,
513 1330 709 1383 αντέταξε
743 1329 845 1381 τούς
881 1329 1205 1398 έλαφροτατους
1241 1333 1330 1373 τῶν
1359 1330 1535 1384 ἱππέων,

172 1387 217 1429 οἳ
255 1385 363 1429 κατὰ
393 1386 529 1458 στόμα
567 1387 646 1443 μὲν
682 1387 868 1456 ἤμελλον
903 1385 1225 1442 φυγομαχήσειν
1262 1384 1411 1440 αραιοὶ
1439 1388 1536 1430 δια·
1565 1390 1619 1433 65

174 1442 373 1494 στάντες,
404 1443 451 1487 ἐκ
486 1447 724 1511 μεταβολῆς
755 1443 800 1486 δε
830 1445 1176 1497 διαγωνιεῖσθαι,
1206 1442 1279 1486 καὶ
1307 1442 1457 1512 τούτῳ
1477 1445 1538 1501 τῷ

172 1497 321 1557 τρόπῳ
350 1498 547 1570 ποιήσειν
576 1500 798 1553 ἄπρακτον
826 1503 913 1541 τῶν
944 1498 1151 1541 ἐναντίων
1179 1503 1309 1541 τοῦτο
1337 1500 1386 1542 τὸ
1407 1487 1540 1554 μέρος

173 1572 208 1613 ῳ
239 1554 411 1623 μάλιστ’
451 1556 688 1599 ἐπίστευον.
748 1556 895 1610 ἔστησε
925 1554 965 1598 δ’
997 1555 1064 1597 ἐπὶ
1091 1554 1247 1609 ταύτης
1272 1558 1347 1609 τῆς
1377 1555 1540 1622 φάλαγ-

175 1627 252 1682 γος
280 1610 385 1662 τούς
411 1627 456 1654 τε
485 1611 532 1655 ἐκ
568 1613 743 1681 Μηδίας
778 1611 852 1654 καὶ
892 1612 1152 1663 Παρθυαίας
1193 1610 1542 1681 ἀφιπποτοξότας

173 1667 249 1711 καὶ
285 1667 608 1739 λογχοφόρους,
641 1667 770 1718 ὄντας
806 1668 884 1722 μὲν
922 1670 1108 1722 χιλίους,
1136 1667 1384 1737 πεφυκότας
1413 1665 1456 1710 δ’
1489 1669 1537 1710 εὐ
1567 1677 1622 1716 70

174 1722 285 1776 πρὸς
321 1725 400 1780 τὴν
441 1724 488 1768 ἐκ
526 1722 766 1780 μεταβολῆς
800 1725 968 1776 κρίσιν,
1010 1723 1103 1779 ἑξῆς
1133 1725 1180 1767 δὲ
1207 1722 1310 1773 τούς
1339 1721 1423 1766 ἀπό
1453 1728 1541 1767 θα-

176 1779 330 1836 λαττης
380 1781 809 1851 συναναβεβηκότας
838 1782 1134 1833 Ταραντίνους
1186 1781 1413 1835 διςχιλίους
1468 1779 1542 1823 καὶ

177 1838 449 1888 διακοσίους,
497 1838 743 1888 ἐπιλέκτους
793 1836 839 1879 έν
889 1836 1085 1888 ἐνέδραις
1133 1837 1206 1879 καὶ
1258 1839 1397 1886 καλῶς
1445 1837 1543 1879 δια-

175 1894 399 1949 κειμένους
426 1898 519 1943 ταῖς
545 1893 734 1944 εὐνοίαις
770 1891 882 1947 πρὸς
919 1890 1073 1945 αὐτόν,
1103 1892 1206 1944 τούς
1236 1890 1278 1935 6'
1310 1890 1393 1935 ἀπὸ
1426 1896 1542 1946 Φρυ-

176 1951 274 2005 γίας
310 1951 383 1992 καὶ
422 1951 588 2000 Λυδίας
626 1952 808 2006 χιλίους,
854 1949 957 1999 τούς
994 1949 1038 1992 δὲ
1052 1949 1180 2018 μετὰ
1219 1948 1437 1999 Πύθωνος
1474 1965 1539 2004 χι-
1568 1956 1622 1999 75

177 2007 300 2056 λίους
344 2009 656 2057 πεντακοσίους
701 2007 774 2050 καὶ
817 2004 921 2054 τοὺς
963 2004 1068 2059 μετὰ
1115 2006 1341 2048 Λυσανίου
1388 2006 1539 2055 ξυστο-

178 2061 350 2118 φόρους
395 2065 724 2119 τετρακοσίους,
775 2061 844 2106 ἐπὶ
891 2064 996 2105 πᾶσι
1045 2061 1091 2105 δὲ
1137 2061 1240 2113 τούς
1281 2077 1326 2105 τε
1371 2059 1542 2118 αμφίπ-

178 2243 237 2281 47.
281 2243 499 2292 πρόταγμα]
537 2243 749 2302 πρόςταγμα
777 2244 854 2277 VW
1090 2242 1146 2277 45).
1193 2239 1390 2287 τέτταρας]
1417 2240 1541 2276 τέσσα

180 2303 248 2332 ρας
271 2302 388 2326 omnes
570 2291 627 2326 51.
674 2289 747 2326 ἀπό
771 2290 919 2332 πασων]
943 2285 1095 2324 &nocam
1122 2289 1194 2322 FW
1377 2288 1434 2320 54.
1479 2286 1542 2322 τά-

181 2338 237 2379 ξιν
259 2348 327 2370 om.
351 2338 384 2371 T
407 2339 488 2372 Bas.
670 2336 726 2370 55.
773 2348 911 2377 τετταρ.
934 2336 975 2375 F,
999 2347 1026 2379 μ
1049 2336 1127 2368 Bas.
1121 2361 1142 2378 .‚
1165 2345 1304 2378 τεσσαρ.
1331 2332 1457 2366 caeteri

273 2381 329 2416 58.
372 2384 707 2430 τετταρεςκαίδεκα]
733 2383 988 2424 δεκατέσσαρες
1011 2381 1107 2421 FW,
1140 2381 1175 2414 ιδ
1199 2381 1294 2436 13:12„
1315 2379 1440 2413 caeteri
1463 2389 1543 2412 τεσ-

185 2428 441 2468 σαρεςκαίδεκα
634 2431 691 2464 61.
742 2427 809 2472 τήν
842 2429 943 2462 ἰδίαν
975 2426 1156 2470 δύναμιν]
1189 2425 1256 2469 τὴν
1288 2424 1444 2469 δύναμιν
1474 2422 1541 2467 τὴν

185 2474 284 2507 ἰδίαν
309 2474 388 2510 ΒΜ.
575 2474 631 2510 65.
679 2472 718 2509 ἐκ
740 2487 817 2518 μετ.
842 2472 904 2517 δε]
936 2472 999 2507 καὶ
1022 2471 1060 2507 ἐκ
1084 2485 1158 2516 μετ.
1185 2472 1293 2505 Fvw
1483 2470 1541 2504 (57.

183 2516 332 2562 μάλιστ’
354 2520 406 2562 F,
438 2521 563 2556 caeteri
584 2520 741 2564 μάλιστα
934 2518 1123 2553 ἐπίστευον
1147 2519 1434 2551 Rhodomannus:
1459 2515 1542 2548 libri

185 2562 370 2599 ἐπίστευεν
502 2568 559 2601 69.
586 2567 808 2606 Παρθυαίας
826 2566 923 2599 Wess
911 2564 1083 2618 elingiue
1100 2565 1310 2605 Παρουλίας
1327 2563 1425 2605 QTY
1445 2562 1486 2594 Ba
1488 2573 1541 2601 ts,

184 2610 310 2643 caeteri
325 2608 510 2655 Ἀρμενίας
643 2613 699 2647 69.
725 2608 1027 2656 ἀφιπποτοξότας
1050 2610 1145 2653 QlY
1167 2611 1259 2651 Bas„
1279 2608 1406 2644 caeteri
1430 2619 1539 2651 εφιπ-

185 2654 389 2698 πθῑθξθῑᾱς
587 2657 643 2692 71.
690 2657 899 2701 θαλάττης]
941 2656 1130 2698 θαλασσης
1162 2635 1279 2689 οιτιηὲε
1483 2652 1539 2684 72.

186 2702 380 2746 διςχιλίους
403 2702 464 2738 καὶ
486 2702 716 2748 διακοσίους]
742 2706 955 2741 διακοσίους
977 2702 1038 2736 καὶ
1063 2701 1255 2744 ὄις-χιλίους
1279 2701 1307 2733 F
1480 2696 1538 2729 73-

183 2746 223 2782 ἐν
248 2759 316 2782 om.
338 2749 369 2782 F
547 2748 604 2782 74.
649 2750 735 2790 τούς
767 2749 833 2794 δ’]
869 2747 1019 2792 ἐχόμενα
1049 2746 1088 2781 δὲ
1117 2745 1264 2785 τούτοις
1292 2745 1339 2779 W
1363 2746 1396 2776 et
1418 2741 1535 2775 811111ῑο

183 2806 271 2834 τους
293 2794 322 2827 F
490 2792 547 2828 75·
592 2795 750 2839 χιλίους]
780 2796 918 2850 χιλίους
939 2794 1001 2828 καὶ
1023 2793 1054 2826 F
1211 2792 1269 2825 77.
1318 2785 1539 2831 αμφίππους

184 2839 444 2886 Wesseflngius,
466 2836 655 2882 ἆθίππους
675 2842 771 2886 Bas·‚
795 2840 1007 2881 οἷσθίππους
1030 2838 1105 2880 ΧΥ,
1133 2838 1260 2874 caeteri
1282 2834 1491 2874 ἄνθίππους
