1820 3249
478 101 754 144 LIB.XV11.
814 100 1142 142 CAP.77.78.
1394 99 1502 140 1211

125 215 211 272 γὰρ
240 218 330 259 τῶν
358 212 564 258 ἁπάντων
584 210 760 266 άνδρων
790 210 862 254 διὰ
879 211 956 261 τὰς
974 210 1147 266 πράξεις
1167 210 1351 264 ἄριστον
1371 208 1506 263 ὑπάρ·

125 289 235 329 χειν,
274 270 414 328 αὐτην
443 272 490 314 δὲ
518 285 606 313 των
634 272 857 324 γυναικῶν
882 267 998 339 ἀλκῇ
1029 284 1072 311 τε
1101 267 1174 311 καὶ
1204 266 1382 334 ἀνδρείᾳ
1412 268 1504 309 δια·
1533 269 1588 313 65

127 331 291 398 φέρειν.
349 327 467 378 εἰκός
505 323 587 370 οὖν
627 326 676 370 τό
714 323 943 394 γεννηθὲν
962 325 1008 368 ἐκ
1038 326 1164 368 δυοῖν
1192 323 1360 392 γονέων
1389 340 1503 377 πρω-

125 385 342 431 τενόντων
363 383 590 438 τὺπερέξειν
626 381 760 451 άρετη
797 398 885 427 των
926 379 1070 424 ἄλλων
1107 379 1370 435 ἀνθρώπων
1429 381 1504 425 καὶ

124 444 278 513 πέρας
297 441 447 498 ἡσθεις
488 440 511 484 6
542 439 745 497 βασιλεύς
773 440 846 483 καὶ
877 437 1219 493 προςὸεξάμενος
1247 437 1329 511 την
1359 436 1503 483 ε’ντεν-

125 502 193 552 ξιν
222 497 376 554 αὐτῆς,
407 498 480 542 καὶ
510 497 887 567 συμπεριενεχθεὶς
916 494 1077 565 ἡμέρας
1106 496 1417 551 τρειςκαίδεκα,
1446 515 1505 542 τι-

52 577 55 580 ‘
124 555 266 626 μήσας
293 572 337 599 τε
367 553 612 609 ἀξιολόγοις
634 553 806 607 δώροις,
835 551 1125 605 ἐξαπέστειλεν
1147 554 1208 594 εί-
1189 557 1305 613 ,τὴν
1324 559 1501 600 οἰκείαν
1532 561 1587 600 70

123 612 239 681 μετά
260 612 305 656 δὲ
334 617 473 655 ταῦτα
503 610 634 663 δόξας
663 610 753 683 ἤδη
777 609 1089 681 κεκρατηκέναι
1110 617 1185 669 τῆς
1208 614 1411 682 ἐπιβολῆς
1433 613 1507 656 καὶ

124 668 222 739 τήν
235 671 459 725 βασιλείαν
489 667 700 723 άδηριτον
731 668 865 722 ἔχειν,
909 667 1069 724 ἤρξατο
1101 674 1257 741 ζηλοῦν
1286 669 1366 726 τήν
1398 674 1507 724 Περ-

125 725 253 781 σικήν
281 726 459 783 τρυφὴν
496 726 571 769 καὶ
607 726 687 780 τὴν
716 726 999 769 πολυτέλειαν
1031 731 1119 769 τῶν
1151 725 1362 770 Ἀσιανῶν
1389 730 1508 781 βασι-

123 783 246 827 λέων.
303 784 375 827 καὶ
405 787 580 838 πρῶτον
609 799 687 839 μεν
716 783 812 837 περὶ
841 782 919 838 τὴν
950 781 1090 854 αύλην
1120 782 1201 839 εἶχε
1234 783 1509 853 ραβδούχους

115 837 397 896 Ἀσιαγενεῖς,
448 841 594 884 ἔπειτα
640 840 745 890 τούς
761 840 1163 900 ἐπιφανεστάτους
1199 845 1288 884 τῶν
1323 839 1507 893 ἀνδρῶν
1535 839 1590 883 75

121 898 395 967 δορυφορεῖν
433 898 600 950 ε’ταξεν,
650 897 698 940 ἐν
735 895 800 948 οἷς
838 900 895 964 ἠν
928 898 1002 941 καὶ
1031 896 1054 940 6
1086 900 1281 952 Δαρείου
1313 895 1505 951 ἀδελφὸς

121 950 344 1023 Ὀξάθρης.
403 952 494 998 εἶτα
531 953 582 996 τό
618 970 662 997 τε
694 953 915 1007 Περσικὸν
954 954 1147 1011 διάδημα
1174 954 1399 1009 περιέθετο
1431 953 1505 996 καὶ

118 1009 198 1052 τὸν
224 1010 471 1054 διάλευκον
509 1010 742 1054 ἐνεδύσατο
771 1014 932 1064 χιτῶνα
961 1012 1034 1054 καὶ
1063 1013 1144 1068 τήν
1175 1010 1398 1066 Περσικήν
1428 1008 1505 1062 ζώ-

120 1082 203 1122 νην
238 1068 312 1110 καὶ
352 1067 486 1110 τᾶλλα
521 1067 645 1137 πλὴν
660 1071 750 1110 τῶν
780 1067 1056 1122 άναξυρίδων
1085 1069 1158 1111 καὶ
1186 1072 1268 1111 τοῦ
1298 1067 1501 1118 κάνδυος.
1532 1071 1587 1110 80

121 1124 300 1167 διέδωκε
328 1124 375 1177 δὲ
395 1125 478 1168 καὶ
505 1128 597 1174 τοῖς
627 1123 814 1178 ἑταίροις
843 1125 1210 1180 περιπορφύρους
1231 1124 1400 1175 στολάς,
1430 1124 1504 1167 καὶ

120 1185 212 1240 τοῖς
251 1182 399 1232 ι’πποις
430 1180 649 1235 Περσικὰς
688 1180 846 1232 σκευὰς
885 1184 1127 1238 περιέθηκε.
1185 1182 1296 1236 πρὸς
1327 1182 1373 1225 δὲ
1398 1179 1504 1223 τού-

119 1254 213 1288 τοις
242 1237 319 1289 τὰς
345 1239 614 1289 παλλακίδας
644 1237 806 1293 ὁμοίως
824 1242 884 1295 τῷ
904 1241 1081 1309 Δαρείῳ
1104 1243 1307 1307 περιῆγε,
1323 1237 1400 1281 τὸν
1423 1237 1502 1293 μὲν

120 1293 313 1365 άριθμὸν
341 1293 477 1347 οὔσας
506 1293 590 1339 οὐκ
620 1294 824 1346 ἐλάττους
842 1285 1002 1351 πλήθει
1019 1313 1109 1339 των
1129 1312 1238 1338 κατα
1259 1294 1338 1338 τόν
1361 1294 1503 1337 ἐνιαυ-

118 1351 222 1395 τὸν
221 1349 427 1407 ἡμερῶν
479 1351 626 1396 κάλλει
668 1352 714 1395 δὲ
750 1354 1022 1406 διαπρεπεῖς,
1070 1352 1130 1403 ὥς
1161 1350 1215 1394 ἂν
1245 1351 1288 1403 ἐξ
1318 1350 1501 1395 ἁπασῶν
1531 1354 1584 1396 85

117 1413 207 1452 τῶν
235 1409 348 1452 κατὰ
371 1424 454 1465 την
474 1407 619 1452 Ἀσίαν
645 1414 872 1463 γυναικών
900 1408 1237 1464 ἐπιλελεγμένας.
1296 1411 1425 1452 αὑται
1455 1407 1501 1451 δὲ

118 1464 301 1537 εκάστης
328 1466 486 1518 νυκτὸς
514 1466 750 1536 περιῄεσαν
778 1466 858 1521 τὴν
887 1469 1040 1522 κλίνην
1074 1470 1155 1509 τοῦ
1173 1465 1396 1535 βασιλέως,
1430 1481 1503 1507 ινα

119 1522 201 1579 τήν
229 1522 424 1593 ἐκλογὴν
442 1521 575 1574 αὐτὸς
605 1521 839 1594 ποιήσηται
859 1527 935 1578 τῆς
958 1523 1197 1595 μελλούσης
1220 1521 1337 1578 αὐτῷ
1362 1521 1502 1565 συνιέ-

118 1597 206 1624 ναι.
263 1579 440 1630 τούτοις
467 1596 546 1634 μεν
577 1581 659 1622 οὐν
687 1586 780 1631 τοῖς
803 1579 1000 1635 ἐθισμοῖς
1021 1578 1294 1631 Ἀλέξανδρος
1313 1580 1504 1628 σπανίως
1534 1583 1588 1622 90

119 1636 296 1694 ἐχρῆτο,
332 1642 428 1687 τοῖς
466 1637 512 1680 δὲ
551 1636 910 1706 προϋπάρχουσι
919 1636 1029 1679 κατὰ
1059 1636 1107 1679 τὸ
1136 1640 1339 1680 πλεῖστον
1371 1635 1504 1679 ἐνδιέ-

97 1698 261 1764 ·τριβε,
318 1691 598 1748 φοβούμενος
643 1692 692 1736 τὸ
743 1692 1034 1746 προςκόπτειν
1084 1698 1175 1744 τοῖς
1228 1691 1502 1735 Μακεδόσιν.

118 1749 237 1806 ὅμως
277 1750 322 1794 δὲ
358 1754 538 1793 πολλῶν
578 1748 696 1806 αὐτῷ
725 1750 1160 1806 μεμψιμοιρούντων,
1208 1748 1395 1799 τούτους
1424 1749 1504 1804 μὲν

117 1813 212 1858 ταῖς
242 1810 425 1862 δωρεαῖς
462 1796 752 1860 ἐθεράπεύεν,
797 1807 929 1858 αὐτος
959 1807 1005 1850 δὲ
1034 1807 1287 1876 πυθόμενος
1315 1805 1394 1848 τὸν
1422 1807 1501 1861 μὲν

119 1866 315 1924 Δαρείου
355 1863 582 1918 σατράπην
621 1864 958 1935 Σατιβαρζάνην
987 1862 1252 1934 άνηρηκέναι
1290 1863 1370 1918 μὲν
1399 1879 1504 1913 τους

119 1921 474 1991 κατειλεγμένους
511 1919 589 1964 νπ’
631 1919 772 1965 αὐτου
811 1919 1099 1975 στρατιώτας,
1145 1924 1415 1975 συμφρονεῖν
1456 1920 1501 1963 δὲ

122 1976 279 2057 Βήσσῳ
300 1978 373 2022 καὶ
394 1976 641 2034 κεκρικέναι
659 1977 753 2035 μετ’
785 1978 957 2023 ἐκείνου
986 1980 1263 2034 διαπολεμεῖν
1292 1975 1501 2021 Μακεδό-

1531 1787 1587 1825 78

1534 1842 1587 1884 95

119 2145 183 2187 63
217 2148 286 2195 γὰρ
311 2162 383 2186 om.
406 2152 438 2187 F
622 2151 679 2186 64.
722 2148 862 2196 αὑτήν]
889 2149 1008 2195 αὐτὴν
1032 2161 1151 2184 omnes
1336 2148 1393 2185 65.
1424 2161 1501 2194 γ-εν

119 2193 258 2241 νηθεν]
292 2195 519 2243 γεννώμενον
552 2197 613 2232 Fh
815 2198 872 2233 66.
919 2197 1048 2240 δυοῖν]
1085 2198 1187 2232 δυεῖν
1219 2197 1248 2231 L
1424 2162 1501 2230 γ.69

119 2243 387 2287 τρειςκαίδεκα[
423 2245 654 2288 τριςκαίδεκοι
677 2245 708 2277 F
732 2244 816 2278 Bas.
1012 2242 1170 2287 τιμήσας
1193 2243 1252 2286 τε]
1287 2241 1444 2285 τιμήσας
1467 2242 1501 2275 Τ

120 2288 201 2322 Bas.
360 2290 417 2324 70.
468 2290 628 2346 οἰκείαν]
657 2291 781 2325 οἰκίαν
797 2292 827 2325 F
985 2290 1042 2324 74.
1092 2288 1327 2335 ῥαβδούχους
1352 2293 1445 2332 εῖχεν
1469 2288 1500 2321 F

300 2335 358 2370 77.
406 2334 612 2380 Ὀξάρθρης
635 2338 716 2371 Bas.
903 2336 961 2370 78.
996 2335 1230 2390 ενεδύσατο]
1256 2333 1362 2370 ἐνέδυ
1390 2336 1420 2368 F

211 2378 270 2414 79·
315 2378 574 2427 ἆναξνρίδων]
608 2385 807 2428 βασιλικων
830 2379 1082 2428 ὑποδημάτων
1107 2381 1139 2414 Τ
1326 2380 1383 2415 80.
1432 2380 1502 2414 τοῦ

121 2422 306 2471 κάνδνος]
341 2424 500 2472 ἐσθητος
530 2430 714 2476 Περσικῆς
744 2430 778 2464 Τ
981 2428 1038 2463 81.
1090 2426 1397 2471 περιπορφύρους
1429 2427 1501 2469 ῈῚι,

122 2472 253 2506 caeteri
274 2473 601 2518 παραπορφύρονς
793 2479 872 2515 τοῖς
894 2475 1057 2530 ι’πποις]
1075 2487 1160 2513 τους
1185 2475 1321 2515 ἵππους
1344 2473 1410 2507 ΕΤ

213 2517 270 2553 82.
315 2521 520 2561 παλακίδας
542 2522 572 2555 F
745 2521 802 2557 83.
850 2519 1012 2565 ὁμοίως]
1038 2517 1170 2565 ὁμοίας
1193 2521 1275 2557 Bas.
1442 2518 1500 2553 89.

121 2562 312 2619 συνιέναι]
348 2570 512 2602 συνεῖναι
533 2567 743 2602 Schaeferus
775 2569 894 2602 Melet.
921 2581 953 2624 p.
977 2568 1035 2602 63.
1242 2567 1298 2600 90.
1347 2562 1500 2618 ἐχρῆτο]

121 2607 301 2665 ἐχρήσατο
326 2611 387 2646 FL
570 2613 896 2658 προϋπάρχονσιν]
921 2611 1154 2657 νπάρχουσιν
1178 2613 1262 2647 Bas.
1441 2609 1499 2644 95.

121 2667 189 2700 μεν
213 2657 400 2702 Δαρείου]
423 2655 560 2702 Ἀρείας
581 2660 745 2694 Reiskius
910 2661 968 2695 96.
1018 2657 1334 2715 κατειλεγμένους]
1359 2658 1502 2692 κατελε-

122 2701 279 2748 γμένονς
301 2703 374 2784 ἕξ,
403 2704 728 2794 ιὲαταλελεέιῗνους
740 2707 804 2787 1;Υ
964 2706 1022 2743 97.
1070 2704 1298 2750 κεκρικέναι]
1324 2704 1447 2748 κρίναι
1470 2701 1500 2734 F

429 2763 552 2788 κεινου
673 2763 738 2787 cae
754 2753 805 2788 eri
830 2751 951 2790 αὐτοῦ
