1820 3249
583 169 700 210 LIB.
753 167 913 212 XVII.
1332 168 1445 210 1579

472 294 685 367 ⁵L1B.
779 326 996 369 xv11.

173 456 367 492 Prooemio
388 454 583 489 annuntiat
610 455 808 490 historicus
837 456 924 490 hinc
955 455 1146 489 historiam
1169 453 1367 488 Alexandri
1389 456 1444 492 M,

61 512 183 559 operis
218 513 500 547 fundamentum
541 518 575 545 et
611 524 730 547 novae
772 513 914 558 periodi
944 524 1116 546 normam
1155 523 1230 546 esse
1267 512 1447 554 futuram,

60 570 113 604 ita
143 577 184 604 ut
211 570 322 604 rebus
352 569 461 615 gesfis
490 569 686 603 Alexandri
727 570 886 604 afiorunr
916 570 1143 614 populoruzn
1172 580 1230 602 res
1259 580 1448 601 incniora-

59 626 152 661 bsses
191 626 238 660 sst
268 637 493 660 annexurus
530 626 608 671 ipsa
637 627 807 672 penodus
840 628 882 661 12
918 638 1034 659 annos
1067 625 1328 670 conqssecfitur
1367 622 1520 684 [l.].111

60 683 263 717 Alexander
301 683 400 716 ultus
432 682 586 717 caedem
616 685 731 729 patris
772 691 809 718 et
837 689 1036 728 procurato
1072 683 1148 716 eius
1177 683 1309 715 funere
1339 682 1447 726 regni
1475 707 1498 740 2
1529 677 1537 684 ⁰

60 740 211 785 negotia
239 739 405 784 suscipit.
440 740 624 774 humanus
653 741 692 774 in
723 741 874 774 obvium
905 750 1111 786 quemque,
1143 739 1283 772 civium
1312 745 1348 772 et
1378 750 1446 771 ex-
1500 733 1509 742 ⁰

59 802 273 839 ternorum,
304 797 522 841 praesertim
551 799 805 840 Graecorum,
835 807 999 831 amorem
1031 795 1279 841 consequitur.
1329 806 1445 828 unum

58 853 227 887 Attalum
254 864 368 899 regno
398 854 634 888 insidiantem
665 854 839 888 Hecataei
876 865 989 898 opera
1017 864 1103 886 usus
1133 851 1447 897 comprehendere

60 916 97 943 et
133 911 266 944 tollere
304 910 408 944 iubet
447 907 523 958 [2.]
566 911 805 945 Athenienses
839 917 965 944 tamen
1005 921 1090 943 cum
1131 908 1253 942 Attalo
1295 908 1449 942 consilia

59 967 261 1001 conferunt
289 967 334 1000 de
363 967 584 1001 vindicanda
621 967 814 1003 ubertate:
856 967 994 1001 caeteri
1025 967 1137 999 efianz
1169 965 1306 1000 (Jraeci
1337 965 1449 998 abae-

58 1015 130 1070 que
161 1030 289 1069 gentes
317 1023 815 1058 defectionemmoliuntur.
853 1024 917 1057 sed
950 1023 1148 1056 Alexandri
1177 1019 1378 1067 prudentia
1407 1022 1446 1055 in

59 1080 171 1113 rebus
201 1079 432 1114 difficillimis
470 1082 610 1114 eminet
644 1078 720 1129 [3].
760 1081 950 1114 Thessalos
979 1086 1016 1113 et
1045 1079 1360 1124 Amphictyonum
1390 1090 1449 1111 se-

57 1143 190 1170 natum
221 1136 410 1179 comitate,
443 1137 683 1171 Athenienses
707 1138 743 1170 vi
775 1144 811 1170 et
839 1144 1002 1179 terrore,
1031 1136 1202 1182 quamvis
1231 1136 1449 1170 adversante

57 1192 329 1236 Demosthene,
361 1195 557 1227 Persarum
591 1194 757 1238 pecuniis
791 1194 994 1236 conducto,
1031 1192 1217 1238 permovit
1255 1200 1297 1226 ut
1325 1193 1449 1238 ipsum

60 1249 242 1284 Graeciae
271 1249 536 1295 imperatorem
566 1257 736 1284 crearent
764 1256 801 1283 et
830 1250 972 1284 bellum
1005 1255 1134 1283 contra
1166 1251 1292 1283 Persas
1322 1249 1449 1282 decer-

59 1312 192 1340 nerent
223 1303 300 1357 [4.].
339 1306 462 1340 Attalo
492 1307 532 1340 in
563 1308 644 1340 Asia
674 1308 874 1341 interemto
907 1307 1084 1340 exercitus
1113 1306 1154 1339 in
1182 1306 1294 1339 fidem
1324 1305 1449 1342 rediit.

58 1363 154 1397 Belli
183 1363 320 1397 Persici
355 1363 511 1398 historia
546 1364 690 1409 incipit.
733 1375 867 1410 regum
903 1364 1048 1397 Persiae
1079 1362 1234 1396 historia
1263 1363 1308 1395 ab
1341 1362 1448 1396 Ocho

59 1419 232 1465 repetita.
288 1421 469 1454 exstincta
509 1421 613 1466 regia
650 1420 764 1465 stirpe
794 1420 929 1454 Darius
969 1431 1035 1452 rex
1072 1425 1220 1453 creatus
1252 1416 1330 1467 [5.].
1373 1419 1449 1452 cla-

58 1487 123 1510 rus
159 1482 242 1510 erat
280 1477 416 1511 Darius
452 1477 601 1511 virtutis
634 1478 838 1522 specimine
885 1478 923 1510 in
961 1477 1060 1510 hello
1097 1481 1228 1510 contra
1272 1476 1450 1510 Cadusios

60 1533 172 1568 edito.
250 1534 329 1567 Hic
367 1534 444 1568 iam
491 1534 580 1568 olim
629 1546 651 1567 a
689 1534 860 1580 Philippo
908 1533 954 1567 ad
1007 1533 1149 1566 bellum
1204 1539 1447 1577 provocatus,

57 1589 208 1635 expedit
264 1590 386 1635 copias
447 1590 487 1624 in
543 1590 812 1632 Alexandrum,
877 1602 992 1637 quem
1055 1589 1177 1635 primo
1245 1596 1452 1623 contemse-

57 1652 130 1681 rat.
171 1652 258 1680 ante
297 1647 423 1681 omnia
452 1650 695 1682 Memnonem
726 1648 844 1681 mittit
882 1659 970 1681 cum
1000 1647 1150 1692 agmine
1181 1645 1227 1680 ad
1261 1658 1451 1691 occupan-

58 1703 146 1737 dam
175 1703 353 1748 Cyzicum
387 1701 463 1752 [6.].
495 1704 567 1738 iter
597 1716 726 1750 suprav
747 1710 918 1738 montem
947 1704 1078 1747 Idam,
1108 1704 1212 1737 cuius
1242 1709 1380 1737 natura
1415 1707 1452 1735 et

58 1760 466 1795 memorabilia.obiter
499 1761 771 1796 describuntur.
782 1785 789 1791 ,γ
804 1761 893 1795 urbs
923 1767 1086 1802 servata,
1121 1760 1185 1794 sed
1215 1771 1304 1805 ager
1331 1765 1453 1793 vasta-

60 1822 130 1850 tus.
173 1817 371 1851 Parmenio
412 1819 599 1862 Grynium
640 1818 676 1851 vi
715 1818 838 1863 capit,
895 1817 1019 1852 Callas
1057 1817 1096 1849 in
1134 1816 1280 1852 Troade
1321 1822 1452 1850 contra

57 1874 185 1907 Persas
212 1880 356 1919 pugnat
387 1871 462 1922 [7.].
500 1875 641 1908 interea
675 1874 880 1909 Alexander
908 1874 947 1907 in
981 1873 1161 1915 Thracia,
1192 1874 1368 1920 Paeonia,
1401 1873 1452 1906 11-

56 1929 200 1974 lyride,
246 1936 371 1976 gentes
411 1943 506 1976 quae
549 1932 766 1966 defecerant
805 1931 958 1965 domat:
1000 1937 1083 1964 tum
1123 1931 1270 1964 Thebas
1308 1929 1451 1964 obsidet

57 1986 216 2032 imperio
245 1986 322 2021 eius
352 1987 584 2022 adversantes
617 1986 692 2036 [8].
731 1988 899 2022 Thebani
928 1987 1102 2021 obstinati
1136 1979 1279 2021 oblatas
1309 1999 1332 2021 a
1361 1998 1450 2032 rege

57 2044 158 2088 pacis
190 2043 420 2078 conditiones
447 2051 627 2089 respuunt
658 2051 695 2079 et
721 2045 856 2078 ultima
886 2044 1126 2089 experiuntur
1161 2041 1248 2092 [9.]‚
1280 2044 1451 2089 quamvis

59 2107 211 2151 externo
245 2100 382 2134 auxilio
414 2101 580 2135 destituti
615 2102 866 2148 prodigiisque
895 2101 1023 2134 multis
1055 2101 1178 2134 territi
1221 2098 1324 2149 [lO.].
1360 2101 1450 2134 urbs

57 2163 271 2203 oppugnata
301 2163 338 2191 et
367 2158 515 2192 defensa
543 2159 725 2193 acerrime
760 2155 864 2206 [11.].
894 2157 1078 2191 advocatis
1105 2156 1262 2203 denique
1292 2157 1336 2190 iis
1358 2169 1450 2203 quos

57 2213 98 2247 in
128 2213 295 2248 subsidiis
333 2215 581 2249 collocaverat
616 2215 824 2250 Alexander
855 2214 1001 2248 Thebas
1040 2214 1077 2248 vi
1113 2215 1213 2260 capit
1254 2212 1354 2262 [12.].
1396 2214 1450 2248 vi-

60 2276 206 2305 ctorum
238 2271 385 2306 animus
421 2272 579 2306 invictus
611 2271 866 2318 pulcherrime
902 2270 1126 2316 depingitur.
1178 2272 1312 2305 caedes
1351 2276 1452 2304 atro-

60 2326 207 2360 cissima
253 2324 354 2376 [13.].
400 2340 591 2362 caesorum
636 2335 905 2373 captorumque
953 2339 1142 2363 numerus.
1192 2340 1212 2362 e
1260 2327 1453 2361 communi

60 2384 297 2418 Graecorum
335 2385 488 2420 consilio
537 2386 624 2420 urbs
665 2385 834 2418 funditus
877 2384 1018 2428 excisa,
1059 2385 1197 2430 captivi
1245 2391 1373 2418 autem
1413 2385 1454 2419 in

59 2441 278 2474 servitutem
310 2438 451 2476 ven'diti
480 2449 564 2476 sunt
599 2439 699 2490 [14.].
739 2442 795 2475 his
836 2441 995 2487 peractis
1026 2441 1233 2475 Alexander
1262 2442 1308 2475 ab
1339 2442 1453 2475 Athe-

61 2496 248 2530 niensibus
274 2498 473 2541 postulavit
502 2506 544 2533 ut
574 2502 618 2534 10
648 2504 814 2532 oratores
847 2498 912 2544 qui
951 2497 1139 2533 civitatem
1169 2498 1215 2533 ab
1251 2499 1330 2544 ipso
1362 2500 1452 2532 aba-

59 2553 257 2588 lienassent
285 2553 470 2589 dederent.
528 2556 705 2591 Demadis
733 2554 933 2600 prudentia
961 2566 1025 2588 rex
1054 2555 1318 2589 reconciliatus
1350 2552 1451 2602 [15.].

61 2621 124 2644 rex
159 2610 201 2644 in
228 2611 487 2646 Macedoniam
516 2612 633 2648 redux
661 2611 879 2659 posthabitis
908 2612 1048 2656 nuptiis
1079 2612 1124 2646 de
1162 2612 1261 2646 bello
1293 2613 1330 2644 in
1363 2613 1451 2644 Per-

61 2678 118 2701 sas
146 2667 308 2713 gerendo
343 2668 494 2702 consilia
523 2671 633 2716 capit.
662 2681 769 2703 sacra
799 2674 837 2702 et
865 2669 1032 2702 convivia
1063 2670 1110 2703 ob
1139 2669 1341 2703 instantem
1360 2679 1449 2712 pro·

62 2723 262 2758 sectionem
300 2725 535 2759 celebrantur
574 2723 675 2775 [16.].
718 2725 924 2760 Alexander
969 2725 1110 2759 traiicit
1146 2725 1187 2758 in
1224 2726 1370 2767 Asiam,
1414 2730 1450 2757 et

63 2780 102 2814 in
132 2780 278 2816 Troade
315 2782 502 2828 expositas
532 2783 653 2829 copias
685 2788 866 2819 recenset.
894 2782 1059 2817 militum
1089 2793 1268 2818 numerus
1297 2781 1451 2816 ducum·
1504 2782 1515 2791 '

1464 2699 1544 2734 111.
