1820 3249
521 65 636 106 LIB.
666 63 984 106 XV11.cAP.
1013 67 1083 108 57.
1113 67 1183 107 58.
1437 71 1542 112 1191

169 178 215 222 δὲ
252 175 422 221 τούτων
460 175 562 227 τοὺς
602 176 648 219 ἐκ
688 173 863 247 Κρήτης
899 173 1077 227 τοξότας
1116 176 1232 227 ἔταξε
1261 177 1334 220 καὶ
1363 179 1466 230 τοὺς
1496 179 1544 224 ἐκ

165 239 241 290 τῆς
265 232 431 303 Ἀχαΐας
447 231 779 305 μισθοφόρους.
840 230 914 301 ἐφ’
946 231 1151 301 ἑκατέρου
1181 232 1227 276 δὲ
1257 238 1338 276 τοῦ
1364 237 1544 289 κέρατος

164 289 425 346 ἐπικάμπιον
441 289 614 345 ἐποίησε
635 289 712 358 τῂν
732 287 867 341 ταξιν,
898 287 1015 339 ὅπως
1035 291 1091 344 μὴ
1114 290 1332 332 δύνωνται
1350 297 1542 336 κυκλοῦν

168 350 212 391 οἱ
249 349 448 402 πολέμιοι
485 349 545 402 τῷ
585 346 742 414 πλήθει
779 350 868 388 τῶν
898 351 1176 399 στρατιωτῶν
1204 346 1287 415 τὴν
1312 345 1540 417 ὀλιγότητα

163 409 252 448 τῶν
284 390 569 446 Μακεδόνων
626 402 736 456 πρός
756 402 801 445 δὲ
824 400 902 453 τας
923 406 1014 445 τῶν
1035 402 1384 472 δρεπανηφόρων
1406 404 1538 460 ἆρμα-
1571 411 1622 449 10

161 478 249 505 των
277 458 491 516 ἐπιφορὰς
521 475 829 528 μηχανωμενος
859 457 883 502 ὁ
914 459 1118 515 βασιλευς
1159 458 1415 515 παρήγγειλε
1443 468 1537 514 τοῖς

160 518 208 562 ἐν
235 520 289 574 τῇ
317 517 509 573 φάλαγγι
540 519 696 568 πεζοῖς,
726 514 832 559 ὅταν
859 516 1066 586 πλησιάζῃ
1096 516 1146 559 τὰ
1177 518 1405 570 τέθριππα,
1437 530 1538 562 συν-

161 577 339 617 ασπίσαι
376 574 448 617 καὶ
488 577 581 624 ταῖς
624 573 823 641 σαρίσαις
854 590 931 624 τας
966 570 1150 624 ἀσπίδας
1181 573 1378 624 τύπτειν,
1420 574 1538 627 ὅπως

158 630 230 674 διὰ
277 629 355 674 τόν
404 627 555 699 ψόφον
600 629 853 684 πτυρόμενα
899 628 981 685 τήν
1030 633 1088 681 εἰς
1129 628 1321 673 τούπίσω
1360 636 1536 704 ποιῆται
1572 639 1620 674 lo

156 704 327 756 φοραν,
367 692 458 737 τοῖς
490 685 535 729 δὲ
565 686 838 756 βιαζομένοις
868 686 1040 730 διδόναι
1071 687 1351 756 διαστήματα,
1382 688 1443 731 δι’
1476 691 1540 732 ὠν

152 742 408 799 ποιήσονται
438 742 517 798 τὴν
547 743 743 795 διέξοδον
773 741 1014 786 ἀκίνδυνον
1035 749 1127 793 τοῖς
1150 742 1428 787 ΝΙακεδόσιν·
1460 744 1538 788 αύ-

153 800 228 851 τὸς
258 801 304 844 δὲ
330 803 411 843 τοῦ
440 801 584 851 δεξιοῦ
613 800 773 871 μέρους
801 799 1058 855 ἡγούμενος,
1089 802 1162 843 καὶ
1192 800 1325 856 λοξὴν
1355 801 1434 856 τὴν
1464 802 1536 844 τά-

154 858 221 910 ξιν
251 855 538 911 ποιούμενος,
587 855 648 899 δι’
680 856 841 900 ἑαυτοῦ
870 857 949 914 τὴν
978 856 1084 914 ὅλην
1114 859 1258 913 κρίσιν
1286 861 1366 900 τοῦ
1387 858 1536 903 κινδύ-

153 930 237 963 νου
266 918 488 957 ποιεῖσθαι
517 911 751 968 διεγνώκει
1563 918 1618 957 20

262 990 311 1035 Ὁ
357 992 404 1035 δὲ
443 996 633 1046 Δαρεῖος
674 992 784 1036 κατὰ
822 991 898 1043 τὰς
926 1008 1015 1035 των
1045 992 1189 1035 ἐθνῶν
1218 994 1423 1050 περιοχας
1452 995 1532 1066 τὴν
1561 1002 1617 1041 58

151 1048 322 1101 ε’κταξιν
352 1048 664 1120 πεποιημένος,
707 1048 817 1092 κατά
845 1065 889 1092 τε
919 1048 999 1093 τόν
1026 1046 1306 1102 Ἀλέξανδρον
1336 1052 1534 1123 τεταγμέ-

149 1121 241 1157 νος,
272 1109 463 1160 προῆγεν
491 1105 560 1148 ἐπὶ
588 1122 693 1156 τους
721 1108 969 1160 πολεμίους.
1032 1104 1089 1155 ὥς
1121 1104 1166 1147 δ’
1191 1105 1444 1177 ἐπλησίαζον
1463 1108 1534 1152 αλ-

149 1161 300 1232 λήλαις
328 1179 374 1205 αι
403 1161 625 1217 δυναμεις,
656 1164 700 1205 οἱ
732 1163 809 1218 μὲν
839 1162 1096 1233 σαλπιγκταὶ
1125 1161 1232 1232 παρ’
1270 1163 1533 1219 ἀμφοτέροις
1562 1170 1617 1212 25

145 1218 391 1291 ἐσήμαινον
412 1218 462 1262 τὸ
491 1216 742 1274 πολεμικόν,
773 1221 817 1263 οἱ
846 1217 888 1262 δ’
920 1218 1075 1273 ἄνδρες
1105 1219 1211 1272 μετα
1241 1225 1403 1277 πολλῆς
1425 1225 1532 1278 βοῆς

145 1273 347 1346 ἀλλήλοις
375 1275 651 1346 ἐπεφέροντο.
709 1276 784 1320 καὶ
811 1279 990 1330 πρῶτον
1017 1293 1070 1319 τα
1100 1277 1415 1348 δρεπανηφόρα
1444 1284 1532 1322 τῶν

147 1331 358 1387 ἆρματων
387 1330 474 1376 ἀπὸ
514 1349 706 1385 κρατους
734 1331 1004 1387 ἐλαυνόμενα
1034 1333 1199 1388 πολλὴν
1229 1333 1429 1389 ε’κπληξιν
1459 1336 1530 1379 καὶ

147 1388 293 1446 φόβον
328 1393 422 1440 τοῖς
460 1389 718 1433 Μακεδόσιν
755 1390 972 1459 ἐπέστησε.
1031 1391 1104 1433 καὶ
1141 1390 1223 1444 γὰρ
1263 1395 1465 1444 Μαζαῖος
1505 1392 1528 1436 ὁ

144 1450 235 1489 τῶν
242 1445 430 1513 ἱππέων
455 1444 702 1502 ἡγούμενος
732 1452 919 1496 πυκναῖς
947 1452 1040 1497 ταῖς
1068 1449 1181 1496 ἴλαις
1212 1446 1296 1489 σὺν
1313 1454 1406 1500 τοῖς
1435 1452 1528 1503 δρε-
1557 1453 1613 1493 30

146 1500 428 1571 πανηφόροις
467 1504 710 1558 ἐπήλαυνε,
755 1503 1219 1574 καταπληκτικωτὲραν
1262 1509 1404 1547 ποιῶν
1447 1506 1527 1562 τήν

146 1558 366 1615 ἐπιφορὰν
402 1563 491 1602 τῶν
513 1559 889 1630 δρεπανηφόρων
950 1564 1026 1616 τῆς
1065 1560 1110 1604 δὲ
1140 1558 1364 1615 φόλαγγος
1398 1575 1526 1605 συνα-

146 1616 383 1672 σπιζούσης
411 1632 523 1659 κατα
553 1617 630 1668 τὰς
658 1621 740 1660 τοῦ
769 1617 978 1673 βασιλέως
1005 1619 1308 1686 παραγγελίας,
1339 1618 1412 1661 καὶ
1433 1625 1527 1670 ταῖς

85 1700 89 1708 -
147 1675 347 1727 σαρίσαις
392 1671 570 1716 πάντων
615 1673 869 1717 τυπτόντων
912 1675 988 1724 τὰς
1037 1672 1241 1723 ἀσπίδας,
1296 1676 1525 1744 συνέβαινε
1557 1677 1610 1720 35

143 1729 297 1784 ψόφον
325 1729 468 1773 πολυν
495 1732 708 1784 γίνεσθαι.
768 1730 919 1783 διόπερ
950 1747 1004 1773 τα
1026 1731 1164 1773 πολλα
1198 1733 1286 1772 τῶν
1294 1729 1526 1799 ἁρμάτων

145 1786 434 1841 πτυρομένων
461 1790 548 1829 τῶν
577 1789 721 1831 ἳππων
750 1787 1003 1843 ἐστρέφετο,
1039 1787 1109 1830 καὶ
1141 1785 1218 1842 τὴν
1249 1785 1390 1857 ῥύμην
1421 1807 1524 1832 ακα-

144 1842 356 1914 vd6xetpv
387 1847 600 1886 ποιοῦντα
634 1843 743 1897 πρὸς
780 1845 883 1894 τούς
917 1846 1057 1894 ἰδίους
1085 1845 1238 1899 βιαίως
1261 1842 1521 1915 ἀνέστρεφε·

143 1904 233 1944 τῶν
263 1899 304 1944 δ’
337 1898 480 1943 ἄλλων
506 1899 836 1953 προςπεσόντων
863 1905 917 1958 τῇ
947 1900 1162 1969 φαλαγγι,
1201 1917 1274 1943 και
1303 1905 1392 1944 τῶν
1423 1906 1524 1971 Μα-

144 1956 340 2002 κεδόνων
368 1954 622 2001 ποιούντων
660 1956 866 2015 ἀξιόλογα
902 1956 1192 2015 διαστήματα,
1239 1955 1311 2000 δια
1352 1958 1524 2003 τούτων
1552 1956 1607 2000 40

142 2161 177 2196 5.
204 2159 318 2206 ἔταξε]
344 2159 452 2206 ἔπηξε
477 2161 559 2195 Bas.
698 2162 732 2196 6.
761 2160 808 2206 ἐφ
816 2160 827 2174 ’
845 2173 913 2196 om.
931 2162 1014 2195 Bas.
1025 2177 1032 2179 -
1151 2159 1184 2194 7.
1210 2158 1278 2203 τὴν
1295 2158 1415 2206 τάξιν]
1440 2162 1522 2197 libri

140 2207 244 2250 τάξιν
413 2207 469 2241 13.
516 2208 684 2250 σαρίσαις
707 2208 772 2243 FT
796 2214 832 2242 et
853 2209 910 2242 34.
934 2210 983 2250 F,
1009 2207 1138 2242 caeteri
1162 2210 1352 2249 σαρίσσαις

142 2253 313 2310 τύπτειν]
333 2256 487 2288 κτυπεῖν
509 2254 599 2309 FLQ
769 2254 824 2289 15.
871 2255 1046 2309 ποιῆται]
1071 2252 1271 2308 ποιήσηται
1293 2255 1354 2288 FL

141 2300 200 2335 21.
245 2298 311 2346 τὴν
333 2298 494 2344 ἔκταξιν]
530 2297 595 2340 τοὶς
616 2300 736 2344 τάξεις
760 2302 803 2355 Q
816 2305 849 2335 et
872 2301 931 2345 qui
955 2301 991 2335 in
1015 2312 1128 2344 marg.
1152 2313 1205 2344 γρ,
1229 2297 1296 2344 τήν
1321 2299 1517 2343 ε’ῐ·“κταξιν

324 2345 382 2380 22.
429 2359 522 2380 κατα
547 2347 607 2390 τε]
631 2349 692 2383 καὶ
716 2361 807 2383 κατα
833 2348 862 2380 F
1024 2347 1080 2380 26.
1127 2348 1265 2390 πολλῆς
1287 2348 1528 2381 οιιι.1ιΒιιΒ.

324 2391 381 2426 27.
429 2393 720 2450 δρεπανηφόρα]
757 2391 962 2438 &maamad
995 2394 1090 2435 FIQ
1295 2393 1352 2426 29.
1401 2391 1421 2428 ὁ
1445 2405 1515 2427 om.

141 2437 225 2472 Bas.
407 2438 465 2474 30.
515 2438 583 2474 σὺν
606 2452 677 2475 om.
701 2442 731 2475 F
910 2441 970 2475 31.
1015 2438 1424 2484 καταπληκτικωτέραν]
1451 2452 1514 2474 κα-

432 2497 477 2518 αν

138 2526 475 2573 ταπληκτικιότὲρον
499 2531 528 2565 F
709 2532 765 2566 32.
814 2529 1136 2574 δρεπανηφόρων]
1162 2531 1375 2574 τεθρίππων
1400 2532 1458 2565 Fl,

231 2575 521 2620 συνασπιζοτὶσης
543 2575 615 2620 FL,
640 2578 766 2613 caeteri
792 2577 1106 2622 συνασπιζομένης
1252 2578 1310 2613 33.
1357 2578 1451 2613 κατὰ
1468 2596 1510 2602 --

137 2623 383 2666 παραγγελιας
406 2622 467 2657 καὶ
489 2623 569 2663 FL,
604 2625 733 2658 caeteri
755 2625 818 2661 καὶ
841 2624 937 2660 κατὰ
959 2644 1006 2650 —
1029 2624 1271 2668 παραγγελίας
1453 2622 1508 2657 35·

134 2669 306 2726 *γίνεσθαι
329 2669 360 2702 F
383 2680 488 2712 supra
510 2680 662 2712 versum,
684 2670 855 2715 γενέσθαι
876 2673 949 2713 FL,
972 2671 1102 2707 caeteri
1122 2672 1314 2717 γίγνεσθαι
1454 2668 1513 2703 36.

137 2712 354 2760 ἐστρέφετο]
378 2712 574 2759 ἐπέστρεφε
597 2717 626 2750 F
630 2716 658 2749 1,
