1820 3249
332 151 440 190 144}
663 144 781 185 LIB.
811 143 918 186 XIX.
975 144 1107 186 cAP.
1140 149 1236 188 104.
1269 147 1364 188 105.

222 243 302 283 ¹⁰4
445 258 501 302 Οἱ
536 234 583 301 δὲ
609 255 709 311 περὶ
737 255 815 300 τὸν
841 254 1140 314 Δεινοκράτην
1177 255 1393 329 φυγάδες,
1426 255 1596 327 ἔχοντες
1626 252 1695 297 πἐ-

247 302 301 340 70
331 313 431 368 ζούς
459 331 508 370 με
511 330 537 357 ν
566 312 676 367 ὑπὲρ
705 312 808 364 τοὺς
834 316 1110 370 τριςχιλίους,
1142 315 1281 365 ἱππεῖς
1311 311 1351 356 δ’
1383 311 1465 356 οὐκ
1495 312 1698 361 ἐλάττους

331 373 566 426 διςχιλίων,
603 369 683 426 τὴν
720 371 991 441 καλουμένην
1019 373 1243 424 Γαλαρίαν
1270 368 1580 443 κατελάβοντο,
1609 371 1699 411 τῶν

329 433 517 472 πολιτῶν
555 427 762 478 ἑκουσίως
795 427 1189 482 ἐπικαλεσαμένων,
1227 428 1300 471 καὶ
1337 443 1442 477 τους
1469 441 1548 497 μεν
1577 422 1699 480 Ἀγα-

329 484 541 535 θοκλέους
579 484 801 554 ἐξέβαλον,
842 484 966 528 αὐτοὶ
1004 485 1051 528 δὲ
1079 483 1165 539 πρὸ
1204 489 1282 554 τῆς
1308 482 1472 534 πόλεως
1501 483 1698 552 ἐστρατο-

246 547 301 591 75
329 543 553 611 πέᾙδευσαν.
622 538 939 597 Ἀγαθοκλέους
977 542 1024 584 δε
1060 540 1219 596 ταχέως
1256 540 1589 590 ἀποστείλαντος
1627 536 1698 582 ἐπ’

331 597 493 649 αὐτούς
514 599 764 653 Πασίφιλον
793 599 865 642 καὶ
886 597 1150 654 Δημόφιλον
1177 597 1281 653 μετά
1311 600 1585 656 στρατιωτῶν
1605 611 1702 639 πεν-

329 656 624 710 τακιςχιλίων,
654 654 818 711 ἐγένετο
848 655 959 711 μάχη
988 655 1097 708 πρὸς
1125 654 1227 724 τούς
1256 655 1468 725 φυγάδας,
1499 656 1562 696 ὠν
1588 651 1701 708 ἡγεῖ-

328 729 378 756 το
390 711 701 785 Δεινοκράτης
730 712 803 755 καὶ
844 713 1112 767 Φιλωνίδης,
1151 711 1204 754 τά
1234 710 1391 770 κέρατα
1421 710 1702 766 διειληφότες

329 768 402 825 ἐφ’
437 767 592 812 ἱκανόν
611 770 709 838 μὲν
749 785 832 811 ουν
859 768 1025 824 χρόνον
1062 766 1297 824 ἰσόῤῥοπος
1332 771 1387 838 ἠν
1427 767 1450 810 6
1480 769 1701 817 κίνδυνος,

246 833 300 872 80
330 828 572 897 φιλοτίμως
595 823 853 881 άμφοτέρων
890 828 978 868 τῶν
1007 825 1311 880 στρατοπέδων
1350 823 1702 891 ἀγωνιζομένων·

326 886 408 926 τοῦ
437 881 477 926 δ’
510 882 658 936 ἐτέρου
687 898 776 924 των
793 886 1073 953 στρατηγων
1089 884 1338 925 Φιλωνίδου
1367 880 1599 932 πεσόντος,
1624 878 1705 940 ,καὶ

326 942 410 982 τοῦ
436 939 545 982 κατὰ
573 954 735 981 τουτον
751 955 910 994 μερους
939 937 1192 994 τραπέντος,
1220 936 1481 1010 ηναγκάσθη
1508 937 1584 981 καὶ
1607 941 1705 980 Δει-

327 995 541 1051 νοκράτης
573 994 864 1052 ἀποχωρῆσαι.
917 998 962 1039 οἱ
997 997 1043 1039 δὲ
1081 997 1202 1066 περὶ
1207 995 1286 1039 τόν
1317 997 1569 1065 Πασίφιλον
1596 992 1704 1037 τού-

328 1069 416 1095 των
444 1069 488 1096 τε
517 1053 708 1103 πολλοὺς
737 1069 848 1096 κατα
878 1052 958 1108 τὴν
996 1069 1145 1126 φυγην
1177 1051 1252 1096 άνε
1239 1057 1351 1096 ῐλον
1390 1055 1463 1095 καὶ
1506 1051 1586 1108 τὴν
1618 1054 1706 1093 Γα-

245 1112 299 1155 85
328 1110 487 1163 λαρίαν
513 1107 817 1181 άνακτησάμετ
822 1126 863 1153 οι
891 1109 995 1160 τοὺς
1025 1112 1191 1161 αἰτίους
1219 1113 1293 1165 τῆς
1316 1107 1591 1159 ἀποστάσεως
1613 1104 1706 1150 ἐκό-

329 1171 481 1210 λασαν.
513 1165 779 1222 Ἀγαθοκλῆς
808 1167 854 1210 δὲ
882 1167 1230 1236 πυνθανόμενος
1245 1168 1349 1217 τοὺς
1374 1166 1708 1236 Καρχηδονίους

328 1223 407 1267 τὸν
422 1223 645 1279 Ἐκνομον
683 1222 961 1294 καλούμενον
999 1222 1145 1293 λόφον
1174 1224 1221 1267 ἐν
1249 1241 1301 1281 τη
1333 1222 1484 1281 Γελῴα
1512 1225 1707 1291 κατειλη-

329 1280 483 1337 φέναι,
525 1282 587 1323 διέ
571 1296 677 1352 ξγνω
708 1279 826 1351 πάσῃ
855 1296 907 1337 τῃ
941 1280 1124 1336 δυνάμει
1156 1267 1515 1351 διαγωνίσασθαι.
1574 1276 1707 1333 ὁρμή-

245 1344 300 1385 90
330 1348 408 1389 σας
437 1335 481 1380 δ’
513 1335 585 1381 ἐπ’
617 1337 793 1388 αὐτούς,
822 1339 896 1380 καὶ
925 1340 1111 1393 πλησίον
1139 1336 1394 1409 γενόμενος,
1424 1334 1705 1405 προεκαλεῖτο

329 1396 390 1445 εἷς
418 1393 578 1450 μάχην,
620 1394 858 1450 ἐπηρμένος
871 1398 939 1464 τῇ
968 1396 1316 1464 προγεγενημένῃ
1345 1395 1462 1450 νίκῃ.
1514 1391 1577 1436 ου’
1605 1395 1707 1434 τολ-’

328 1450 511 1520 μώντων
541 1451 586 1494 δε
614 1455 703 1494 τῶν
739 1450 977 1521 βαρβάρων
1004 1451 1358 1505 παρατάξασθαι,
1388 1450 1571 1520 νομίσας
1599 1447 1708 1504 ἀκοή

327 1507 416 1551 νιτὶ
442 1512 619 1562 κρατεῖν
653 1511 742 1551 τῶν
778 1507 1036 1579 υπαίθρων
1071 1509 1331 1580 ἐπανῆλθεν
1359 1509 1419 1558 εἶς
1455 1524 1533 1557 τας
1561 1509 1710 1576 Συρα-

328 1562 494 1615 κου’σας
536 1565 610 1609 καὶ
650 1567 739 1608 τῶν
775 1568 896 1608 ναῶν
934 1564 1037 1618 τοὺς
1066 1563 1438 1636 ἐπιφανεστάτους
1470 1567 1568 1636 τοῖς
1607 1560 1709 1606 σκύ-

244 1625 298 1666 95
328 1626 423 1672 λοις
441 1619 704 1693 ἐκόσμησε
753 1625 892 1665 ταῦτα
933 1622 1012 1678 μὲν
1051 1625 1134 1666 οὐν
1163 1622 1358 1694 ἐπράχθη
1399 1637 1509 1665 κατα
1546 1622 1709 1678 ’τοῦτον

328 1678 406 1723 τόν
435 1678 639 1722 ἐνιαυτὸν
668 1680 732 1723 ὠν
758 1677 894 1751 ἡμεῖς
910 1677 1186 1748 ἐδυνήθημεν
1215 1678 1455 1750 ἐφικέσθαι.

220 1741 301 1781 105
438 1734 533 1778 Ἐπ’
567 1734 779 1791 άρχοντος
809 1735 853 1779 δ’
883 1734 1091 1792 Ἀθήνησι
1119 1738 1375 1792 Σιμωνίδου
1401 1731 1605 1804 Ῥωμαῖοι
1632 1747 1709 1788 μεν

328 1789 524 1843 ὑπάτους
569 1793 838 1848 κατέστησαν
866 1793 1071 1847 Μάρκον
1110 1793 1358 1847 Οὐαλέριον
1396 1793 1470 1835 καὶ
1511 1789 1711 1834 Πόπλιον

225 1857 300 1897 100
328 1847 502 1893 Δέκιον.
561 1849 631 1893 ἐπὶ
668 1850 715 1893 δὲ
754 1850 926 1893 τούτων
963 1852 1008 1893 οἱ
1036 1850 1134 1905 περὶ
1171 1850 1467 1905 Κάσσανδρον
1493 1849 1569 1892 καὶ
1598 1847 1711 1890 Πτο-

326 1911 508 1961 λεμαῖον
545 1923 620 1950 και
648 1907 911 1979 Λυσίμαχον
934 1907 1151 1959 διαλύσεις
1186 1907 1446 1978 ἐποιήσαντο
1475 1904 1587 1964 πρὸς
1611 1899 1709 1945 'Ais-

326 1964 505 2018 τίγονον
532 1964 607 2007 καὶ
634 1962 859 2024 συνθήκας
888 1963 1097 2018 ἔγραψαν.
1154 1963 1204 2008 ἐν
1233 1965 1280 2007 δὲ
1308 1962 1488 2014 ταύταις
1515 1964 1573 2032 ἦν
1593 1956 1711 2002 Κάσ-

330 2021 525 2072 σανδρον
562 2035 642 2073 μεν
679 2024 792 2063 εἰναι
827 2020 1073 2094 στρατηγὸν
1110 2024 1188 2090 τῆς
1218 2019 1463 2093 Εὐρώπης,
1492 2017 1614 2074 μέχρι
1652 2013 1709 2057 ἂν

325 2075 604 2129 Ἀλέξανδρος
634 2074 657 2118 ὁ
696 2076 743 2120 ἐκ
768 2077 987 2145 Ρωξάνης
1016 2079 1075 2128 εἰς
1110 2075 1284 2132 ηλικίαν
1314 2076 1443 2132 ἔλθῃ,
1474 2075 1548 2117 καὶ
1578 2072 1709 2116 Λυσί-

275 2134 301 2177 5
330 2149 472 2202 μαχον
510 2133 588 2187 μὲν
624 2135 702 2205 τῆς
744 2131 916 2190 Θράκης
955 2134 1201 2188 κυριεύειν,
1242 2135 1517 2187 Πτολεμαῖον
1555 2130 1601 2174 δὲ
1632 2132 1710 2184 τῆς

327 2189 556 2257 Αἰγύπτου
584 2189 659 2232 καὶ
687 2193 775 2232 τῶν
805 2194 1134 2262 συνοριζουσῶν
1162 2189 1300 2247 ταύτῃ
1330 2189 1500 2232 πόλεων
1529 2185 1639 2230 κατά
1663 2200 1709 2228 τε

327 2245 407 2302 τὴν
429 2244 612 2317 Λιβύην
639 2246 714 2290 καὶ
744 2246 823 2303 τὴν
848 2244 1070 2320 Ἀραβίαν,
1093 2245 1344 2316 Ἀντίγονον
1366 2247 1412 2288 δὲ
1423 2245 1711 2315 ἀφηγεῖσθαι

327 2307 405 2356 τῆς
429 2300 572 2354 Ἀσίας
608 2301 774 2374 πάσης·
808 2303 912 2355 τοὺς
952 2302 994 2348 δ’
1018 2304 1232 2359 Έλληνας
1271 2301 1546 2373 αὐτονόμους
1582 2304 1711 2344 εἰναι.

330 2357 383 2403 οὐ
411 2359 497 2416 μὴν
524 2359 748 2416 ἐνέμεινάν
775 2376 825 2417 γε
853 2365 948 2413 ταῖς
977 2361 1228 2418 ὁμολογίαις
1256 2358 1455 2414 ταύταις,
1488 2355 1586 2402 ἀλλ’
1617 2355 1712 2400 ἕκα-

332 2515 390 2550 70.
421 2511 510 2556 τούς
531 2525 600 2550 om.
626 2518 657 2551 F
839 2519 897 2553 71.
932 2518 1148 2563 Γαλαρίαν]
1179 2519 1398 2565 Καλαβρίαν
1428 2517 1479 2560 V,
1507 2512 1709 2571 γαλαβρίαν

332 2563 364 2597 F
547 2562 605 2596 72-
638 2563 824 2609 πολιτων]
848 2566 1050 2600 πολιτικων
1074 2565 1182 2598 FVW
1363 2564 1421 2600 78.
1451 2561 1604 2606 κέρατα]
1630 2562 1709 2595 κέν-

332 2620 402 2652 τρα
425 2606 487 2642 καὶ
511 2606 644 2653 κέρατα
667 2611 700 2654 Q
867 2612 924 2646 80.
949 2610 1229 2655 στρατοπέδων]
1258 2609 1493 2655 στρατιωτῶν
1516 2609 1580 2643 καὶ
1602 2618 1710 2648 στρα-

332 2651 499 2695 ῑοπέδων
526 2655 571 2709 Q
671 2656 729 2690 84
757 2658 972 2702 Γαλαρίαν]
999 2656 1183 2714 Γαλέριαν
1207 2657 1259 2700 Τ,
1283 2656 1490 2711 γαλαυρίαν
1512 2655 1543 2689 F
1651 2652 1709 2687 89.

336 2697 495 2745 αὐτούς]
521 2696 650 2741 αὐτοῖς
673 2703 737 2736 FT
918 2703 975 2737 93.
1006 2701 1072 2744 τοὶς
1096 2715 1166 2738 om.
1186 2704 1218 2737 F
1401 2702 1524 2748 ναῶν]
1550 2710 1646 2735 νεων
1677 2698 1708 2731 F

516 2745 574 2780 94.
607 2751 685 2787 τοῖς
706 2749 853 2804 σκύλοις
884 2754 962 2795 post
985 2746 1169 2806 ἐκόσμησε
1199 2748 1297 2795 ponit
1320 2749 1363 2789 Ε,
1544 2746 1579 2782 3·
1603 2742 1709 2791 μέχρι

332 2791 366 2827 Τ
388 2793 472 2829 Bas.
484 2818 495 2836 ‚
516 2794 646 2829 caeteri
666 2794 792 2842 μέχρις
974 2793 995 2833 ὁ
1020 2808 1089 2832 om
1113 2797 1194 2832 Bas
