<?xml version="1.0" encoding="UTF-8"?>
<!DOCTYPE html PUBLIC "-//W3C//DTD XHTML 1.0 Transitional//EN"
    "http://www.w3.org/TR/xhtml1/DTD/xhtml1-transitional.dtd">
<html xmlns="http://www.w3.org/1999/xhtml" xml:lang="en" lang="en">
 <head>
  <title>
</title>
<meta http-equiv="Content-Type" content="text/html;charset=utf-8" />
  <meta name='ocr-system' content='tesseract 3.04.00' />
  <meta name='ocr-capabilities' content='ocr_page ocr_carea ocr_par ocr_line ocrx_word'/>
</head>
<body>
  <div class='ocr_page' id='page_1' title='image "./p1bibliothecahisto02dioduoft_0061.png"; bbox 0 0 1820 3249; ppageno 0'>
   <div class='ocr_carea' id='block_1_1' title="bbox 535 129 1483 172">
    <p class='ocr_par' dir='ltr' id='par_1_1' title="bbox 535 129 1483 172">
     <span class='ocr_line' id='line_1_1' title="bbox 535 129 1483 172; baseline -0.007 -1"><span class='ocrx_word' id='word_1_1' title='bbox 535 131 646 171; x_wconf 70' lang='grc' dir='ltr'><em>ΜΒ</em></span> <span class='ocrx_word' id='word_1_2' title='bbox 678 129 764 169; x_wconf 76' lang='lat' dir='ltr'><em>xv.</em></span> <span class='ocrx_word' id='word_1_3' title='bbox 811 129 942 168; x_wconf 74' lang='grc' dir='ltr'><em>οΛΡ.</em></span> <span class='ocrx_word' id='word_1_4' title='bbox 971 133 1037 170; x_wconf 65' lang='grc' dir='ltr'><em>ιιι.</em></span> <span class='ocrx_word' id='word_1_5' title='bbox 1399 133 1483 172; x_wconf 55' lang='lat' dir='ltr'><em>m,</em></span> 
     </span>
    </p>
   </div>
   <div class='ocr_carea' id='block_1_2' title="bbox 86 238 1569 1110">
    <p class='ocr_par' dir='ltr' id='par_1_2' title="bbox 86 238 1569 1096">
     <span class='ocr_line' id='line_1_2' title="bbox 95 238 1484 313; baseline -0.005 -22"><span class='ocrx_word' id='word_1_6' title='bbox 95 246 439 313; x_wconf 73' lang='grc' dir='ltr'><em>ὑπισχνούμενοι</em></span> <span class='ocrx_word' id='word_1_7' title='bbox 449 240 737 296; x_wconf 68' lang='grc' dir='ltr'><em>παραδώσειν</em></span> <span class='ocrx_word' id='word_1_8' title='bbox 767 238 917 290; x_wconf 77' lang='grc' dir='ltr'><em>αὐτοῖς</em></span> <span class='ocrx_word' id='word_1_9' title='bbox 945 240 1024 293; x_wconf 81' lang='grc' dir='ltr'><em>τὴν</em></span> <span class='ocrx_word' id='word_1_10' title='bbox 1054 240 1400 294; x_wconf 85' lang='grc' dir='ltr'><em>Κέρκυραν.οῑ</em></span> <span class='ocrx_word' id='word_1_11' title='bbox 1437 241 1484 308; x_wconf 79' lang='grc' dir='ltr'><em>δὲ</em></span> 
     </span>
     <span class='ocr_line' id='line_1_3' title="bbox 91 297 1569 370; baseline -0.005 -22"><span class='ocrx_word' id='word_1_12' title='bbox 91 301 484 370; x_wconf 75' lang='grc' dir='ltr'><em>Λακεδαιμόνιοι,</em></span> <span class='ocrx_word' id='word_1_13' title='bbox 487 300 600 354; x_wconf 68' lang='grc' dir='ltr'><em>τὴν</em></span> <span class='ocrx_word' id='word_1_14' title='bbox 619 298 856 368; x_wconf 80' lang='grc' dir='ltr'><em>Κέρκυραν</em></span> <span class='ocrx_word' id='word_1_15' title='bbox 904 297 1065 348; x_wconf 84' lang='grc' dir='ltr'><em>εἰδότες</em></span> <span class='ocrx_word' id='word_1_16' title='bbox 1110 299 1301 353; x_wconf 71' lang='grc' dir='ltr'><em>μεγάλην</em></span> <span class='ocrx_word' id='word_1_17' title='bbox 1340 298 1485 353; x_wconf 74' lang='grc' dir='ltr'><em>ροπην</em></span> <span class='ocrx_word' id='word_1_18' title='bbox 1514 298 1569 341; x_wconf 79' lang='grc'><em>40</em></span> 
     </span>
     <span class='ocr_line' id='line_1_4' title="bbox 91 353 1487 424; baseline -0.006 -19"><span class='ocrx_word' id='word_1_19' title='bbox 91 363 276 417; x_wconf 74' lang='grc' dir='ltr'><em>ἔχουσαν</em></span> <span class='ocrx_word' id='word_1_20' title='bbox 305 363 398 408; x_wconf 86' lang='grc' dir='ltr'><em>τοῖς</em></span> <span class='ocrx_word' id='word_1_21' title='bbox 436 355 738 424; x_wconf 79' lang='grc' dir='ltr'><em>ἀντεχομένοις</em></span> <span class='ocrx_word' id='word_1_22' title='bbox 773 357 850 407; x_wconf 85' lang='grc' dir='ltr'><em>τῆς</em></span> <span class='ocrx_word' id='word_1_23' title='bbox 885 353 1126 423; x_wconf 75' lang='grc' dir='ltr'><strong><em>θαλάττης,</em></strong></span> <span class='ocrx_word' id='word_1_24' title='bbox 1169 355 1384 396; x_wconf 76' lang='grc' dir='ltr'><em>ἔσπευσαν</em></span> <span class='ocrx_word' id='word_1_25' title='bbox 1413 372 1487 397; x_wconf 83' lang='grc' dir='ltr'><em>κυ-</em></span> 
     </span>
     <span class='ocr_line' id='line_1_5' title="bbox 92 408 1487 489; baseline -0.004 -29"><span class='ocrx_word' id='word_1_26' title='bbox 92 434 183 489; x_wconf 82' lang='grc' dir='ltr'><em>ριοι</em></span> <span class='ocrx_word' id='word_1_27' title='bbox 209 414 433 471; x_wconf 83' lang='grc' dir='ltr'><em>γενέσθαι</em></span> <span class='ocrx_word' id='word_1_28' title='bbox 444 413 609 468; x_wconf 77' lang='grc' dir='ltr'><strong><em>ταύτης</em></strong></span> <span class='ocrx_word' id='word_1_29' title='bbox 640 414 718 480; x_wconf 83' lang='grc' dir='ltr'><em>τῆς</em></span> <span class='ocrx_word' id='word_1_30' title='bbox 753 411 937 461; x_wconf 87' lang='grc' dir='ltr'><em>πόλεως.</em></span> <span class='ocrx_word' id='word_1_31' title='bbox 997 408 1133 460; x_wconf 75' lang='grc' dir='ltr'><em>εὐθὺς</em></span> <span class='ocrx_word' id='word_1_32' title='bbox 1177 412 1261 453; x_wconf 82' lang='grc' dir='ltr'><em>οὐν</em></span> <span class='ocrx_word' id='word_1_33' title='bbox 1290 411 1487 464; x_wconf 86' lang='grc' dir='ltr'><em>ε’πεμψαν</em></span> 
     </span>
     <span class='ocr_line' id='line_1_6' title="bbox 91 466 1487 534; baseline -0.005 -16"><span class='ocrx_word' id='word_1_34' title='bbox 91 476 152 524; x_wconf 76' lang='grc' dir='ltr'><em>εἰς</em></span> <span class='ocrx_word' id='word_1_35' title='bbox 171 473 260 526; x_wconf 86' lang='grc' dir='ltr'><em>τὴν</em></span> <span class='ocrx_word' id='word_1_36' title='bbox 289 472 524 526; x_wconf 77' lang='grc' dir='ltr'><em>Κέρκυραν</em></span> <span class='ocrx_word' id='word_1_37' title='bbox 552 466 741 523; x_wconf 81' lang='grc' dir='ltr'><em>τριήρεις</em></span> <span class='ocrx_word' id='word_1_38' title='bbox 781 469 920 518; x_wconf 79' lang='grc' dir='ltr'><em>εἴκοσι·</em></span> <span class='ocrx_word' id='word_1_39' title='bbox 955 468 1031 510; x_wconf 85' lang='grc' dir='ltr'><em>καὶ</em></span> <span class='ocrx_word' id='word_1_40' title='bbox 1070 466 1175 518; x_wconf 89' lang='grc' dir='ltr'><em>δύο,</em></span> <span class='ocrx_word' id='word_1_41' title='bbox 1211 466 1296 534; x_wconf 84' lang='grc' dir='ltr'><em>τὴν</em></span> <span class='ocrx_word' id='word_1_42' title='bbox 1333 484 1487 522; x_wconf 82' lang='grc' dir='ltr'><em>ηγεμο-</em></span> 
     </span>
     <span class='ocr_line' id='line_1_7' title="bbox 89 523 1485 585; baseline -0.006 -11"><span class='ocrx_word' id='word_1_43' title='bbox 89 532 190 574; x_wconf 82' lang='grc' dir='ltr'><em>νίαν</em></span> <span class='ocrx_word' id='word_1_44' title='bbox 214 528 407 585; x_wconf 78' lang='grc' dir='ltr'><em>Ἀλκίδα</em></span> <span class='ocrx_word' id='word_1_45' title='bbox 417 526 700 580; x_wconf 77' lang='grc' dir='ltr'><em>παραδόντες.</em></span> <span class='ocrx_word' id='word_1_46' title='bbox 757 528 921 567; x_wconf 79' lang='grc' dir='ltr'><em>τοῦτον</em></span> <span class='ocrx_word' id='word_1_47' title='bbox 958 524 1005 568; x_wconf 80' lang='grc' dir='ltr'><em>δὲ</em></span> <span class='ocrx_word' id='word_1_48' title='bbox 1033 523 1119 566; x_wconf 89' lang='grc' dir='ltr'><em>τὸν</em></span> <span class='ocrx_word' id='word_1_49' title='bbox 1145 523 1304 567; x_wconf 79' lang='grc' dir='ltr'><em>στόλον</em></span> <span class='ocrx_word' id='word_1_50' title='bbox 1333 540 1485 577; x_wconf 83' lang='grc' dir='ltr'><em>προςε-</em></span> 
     </span>
     <span class='ocr_line' id='line_1_8' title="bbox 87 576 1569 649; baseline -0.008 -19"><span class='ocrx_word' id='word_1_51' title='bbox 87 585 340 642; x_wconf 86' lang='grc' dir='ltr'><em>ποιὴθησαν</em></span> <span class='ocrx_word' id='word_1_52' title='bbox 371 586 432 635; x_wconf 84' lang='grc' dir='ltr'><em>εἰς</em></span> <span class='ocrx_word' id='word_1_53' title='bbox 458 583 669 629; x_wconf 82' lang='grc' dir='ltr'><em>Σικελίαν</em></span> <span class='ocrx_word' id='word_1_54' title='bbox 705 578 977 631; x_wconf 80' lang='grc' dir='ltr'><em>ἀποστεῖλαι,</em></span> <span class='ocrx_word' id='word_1_55' title='bbox 1013 582 1087 624; x_wconf 86' lang='grc' dir='ltr'><em>ι’να</em></span> <span class='ocrx_word' id='word_1_56' title='bbox 1118 598 1177 631; x_wconf 87' lang='grc' dir='ltr'><em>ως</em></span> <span class='ocrx_word' id='word_1_57' title='bbox 1207 582 1328 649; x_wconf 86' lang='grc' dir='ltr'><em>φίλοι</em></span> <span class='ocrx_word' id='word_1_58' title='bbox 1356 597 1484 632; x_wconf 81' lang='grc' dir='ltr'><em>προς</em></span> <span class='ocrx_word' id='word_1_59' title='bbox 1513 576 1569 618; x_wconf 78' lang='grc'><em>45</em></span> 
     </span>
     <span class='ocr_line' id='line_1_9' title="bbox 88 635 1485 706; baseline -0.006 -18"><span class='ocrx_word' id='word_1_60' title='bbox 88 643 310 698; x_wconf 86' lang='grc' dir='ltr'><em>δεχθέντες</em></span> <span class='ocrx_word' id='word_1_61' title='bbox 349 640 438 686; x_wconf 76' lang='grc' dir='ltr'><em>ὑπὸ</em></span> <span class='ocrx_word' id='word_1_62' title='bbox 487 644 577 683; x_wconf 77' lang='grc' dir='ltr'><em>ταῖν</em></span> <span class='ocrx_word' id='word_1_63' title='bbox 610 639 921 691; x_wconf 85' lang='grc' dir='ltr'><em>Κερκυραίων</em></span> <span class='ocrx_word' id='word_1_64' title='bbox 944 635 1191 692; x_wconf 86' lang='grc' dir='ltr'><em>κατάσχωσι</em></span> <span class='ocrx_word' id='word_1_65' title='bbox 1227 636 1309 706; x_wconf 78' lang='grc' dir='ltr'><em>την</em></span> <span class='ocrx_word' id='word_1_66' title='bbox 1352 637 1485 681; x_wconf 85' lang='grc' dir='ltr'><em>πόλιν</em></span> 
     </span>
     <span class='ocr_line' id='line_1_10' title="bbox 87 692 1484 768; baseline -0.005 -25"><span class='ocrx_word' id='word_1_67' title='bbox 87 699 192 757; x_wconf 78' lang='grc' dir='ltr'><em>μετὰ</em></span> <span class='ocrx_word' id='word_1_68' title='bbox 240 703 331 742; x_wconf 80' lang='grc' dir='ltr'><em>τῶν</em></span> <span class='ocrx_word' id='word_1_69' title='bbox 376 695 719 768; x_wconf 85' lang='grc' dir='ltr'><em>φυγάδων.οῑ</em></span> <span class='ocrx_word' id='word_1_70' title='bbox 769 695 815 737; x_wconf 80' lang='grc' dir='ltr'><em>ὸὲ</em></span> <span class='ocrx_word' id='word_1_71' title='bbox 855 697 1122 748; x_wconf 88' lang='grc' dir='ltr'><em>Κερκυραῖοι</em></span> <span class='ocrx_word' id='word_1_72' title='bbox 1170 692 1349 749; x_wconf 75' lang='grc' dir='ltr'><em>γνόντες</em></span> <span class='ocrx_word' id='word_1_73' title='bbox 1396 699 1484 736; x_wconf 79' lang='grc' dir='ltr'><em>τῶν</em></span> 
     </span>
     <span class='ocr_line' id='line_1_11' title="bbox 87 751 1484 823; baseline -0.004 -23"><span class='ocrx_word' id='word_1_74' title='bbox 87 759 399 808; x_wconf 80' lang='grc' dir='ltr'><em>Σπαρτιατῶν</em></span> <span class='ocrx_word' id='word_1_75' title='bbox 408 755 502 823; x_wconf 82' lang='grc' dir='ltr'><em>τήν</em></span> <span class='ocrx_word' id='word_1_76' title='bbox 521 754 735 802; x_wconf 81' lang='grc' dir='ltr'><em>ἐπίνοιαν,</em></span> <span class='ocrx_word' id='word_1_77' title='bbox 765 751 846 821; x_wconf 78' lang='grc' dir='ltr'><em>τὴν</em></span> <span class='ocrx_word' id='word_1_78' title='bbox 882 768 960 808; x_wconf 82' lang='grc' dir='ltr'><em>μεν</em></span> <span class='ocrx_word' id='word_1_79' title='bbox 981 751 1113 794; x_wconf 82' lang='grc' dir='ltr'><em>πόλιν</em></span> <span class='ocrx_word' id='word_1_80' title='bbox 1143 751 1351 806; x_wconf 76' lang='grc' dir='ltr'><em>ἐπιμελῶς</em></span> <span class='ocrx_word' id='word_1_81' title='bbox 1381 751 1484 804; x_wconf 80' lang='grc' dir='ltr'><em>ἐφύ-</em></span> 
     </span>
     <span class='ocr_line' id='line_1_12' title="bbox 87 807 1482 867; baseline -0.005 -10"><span class='ocrx_word' id='word_1_82' title='bbox 87 819 261 867; x_wconf 84' lang='grc' dir='ltr'><em>λαττον,</em></span> <span class='ocrx_word' id='word_1_83' title='bbox 291 814 352 863; x_wconf 82' lang='grc' dir='ltr'><em>εἰς</em></span> <span class='ocrx_word' id='word_1_84' title='bbox 380 812 438 856; x_wconf 81' lang='grc' dir='ltr'><em>δὲ</em></span> <span class='ocrx_word' id='word_1_85' title='bbox 455 828 532 862; x_wconf 91' lang='grc' dir='ltr'><em>τας</em></span> <span class='ocrx_word' id='word_1_86' title='bbox 549 808 739 865; x_wconf 81' lang='grc' dir='ltr'><em>Ἀθήνας</em></span> <span class='ocrx_word' id='word_1_87' title='bbox 761 807 963 863; x_wconf 87' lang='grc' dir='ltr'><em>πρέσβεις</em></span> <span class='ocrx_word' id='word_1_88' title='bbox 985 808 1227 863; x_wconf 77' lang='grc' dir='ltr'><em>ἐξέπεμψαν</em></span> <span class='ocrx_word' id='word_1_89' title='bbox 1255 809 1356 862; x_wconf 87' lang='grc' dir='ltr'><em>περὶ</em></span> <span class='ocrx_word' id='word_1_90' title='bbox 1380 811 1482 864; x_wconf 85' lang='grc' dir='ltr'><em>βοη-</em></span> 
     </span>
     <span class='ocr_line' id='line_1_13' title="bbox 87 862 1566 932; baseline -0.005 -18"><span class='ocrx_word' id='word_1_91' title='bbox 87 871 328 921; x_wconf 83' lang='grc' dir='ltr'><em>θείας.οἱ</em></span> <span class='ocrx_word' id='word_1_92' title='bbox 357 868 406 913; x_wconf 81' lang='grc' dir='ltr'><em>δ’</em></span> <span class='ocrx_word' id='word_1_93' title='bbox 430 866 660 923; x_wconf 84' lang='grc' dir='ltr'><em>Ἀθηναῖοι</em></span> <span class='ocrx_word' id='word_1_94' title='bbox 689 864 1009 920; x_wconf 83' lang='grc' dir='ltr'><em>ψηφισάμενοι</em></span> <span class='ocrx_word' id='word_1_95' title='bbox 1007 869 1225 932; x_wconf 84' lang='grc' dir='ltr'><em>βοηθεῖν</em></span> <span class='ocrx_word' id='word_1_96' title='bbox 1238 870 1332 914; x_wconf 85' lang='grc' dir='ltr'><em>τοῖς</em></span> <span class='ocrx_word' id='word_1_97' title='bbox 1361 869 1535 917; x_wconf 70' lang='grc' dir='ltr'><em>Κερ-ο</em></span> <span class='ocrx_word' id='word_1_98' title='bbox 1511 862 1566 904; x_wconf 88' lang='lat'><em>50</em></span> 
     </span>
     <span class='ocr_line' id='line_1_14' title="bbox 87 921 1483 991; baseline -0.006 -20"><span class='ocrx_word' id='word_1_99' title='bbox 87 929 288 980; x_wconf 88' lang='grc' dir='ltr'><em>κυραίοις</em></span> <span class='ocrx_word' id='word_1_100' title='bbox 316 926 407 969; x_wconf 83' lang='grc' dir='ltr'><em>καὶ</em></span> <span class='ocrx_word' id='word_1_101' title='bbox 425 925 691 969; x_wconf 74' lang='grc' dir='ltr'><em>Ζακυνθίων</em></span> <span class='ocrx_word' id='word_1_102' title='bbox 718 927 812 972; x_wconf 83' lang='grc' dir='ltr'><em>τοῖς</em></span> <span class='ocrx_word' id='word_1_103' title='bbox 840 922 1057 977; x_wconf 77' lang='grc' dir='ltr'><em>φυγάσιν,</em></span> <span class='ocrx_word' id='word_1_104' title='bbox 1081 923 1151 988; x_wconf 81' lang='grc' dir='ltr'><em>εἰς</em></span> <span class='ocrx_word' id='word_1_105' title='bbox 1181 921 1277 991; x_wconf 76' lang='grc' dir='ltr'><em>μὲν,</em></span> <span class='ocrx_word' id='word_1_106' title='bbox 1287 921 1369 976; x_wconf 81' lang='grc' dir='ltr'><em>τὴν</em></span> <span class='ocrx_word' id='word_1_107' title='bbox 1398 921 1483 964; x_wconf 86' lang='grc' dir='ltr'><em>Ζά-</em></span> 
     </span>
     <span class='ocr_line' id='line_1_15' title="bbox 86 978 1483 1051; baseline -0.004 -24"><span class='ocrx_word' id='word_1_108' title='bbox 86 989 260 1028; x_wconf 87' lang='grc' dir='ltr'><em>κυνθον</em></span> <span class='ocrx_word' id='word_1_109' title='bbox 288 982 530 1051; x_wconf 79' lang='grc' dir='ltr'><em>ἐξέπεμψαν</em></span> <span class='ocrx_word' id='word_1_110' title='bbox 550 979 803 1048; x_wconf 80' lang='grc' dir='ltr'><em>Κτησικλέα</em></span> <span class='ocrx_word' id='word_1_111' title='bbox 834 979 1087 1034; x_wconf 86' lang='grc' dir='ltr'><em>στρατηγόν</em></span> <span class='ocrx_word' id='word_1_112' title='bbox 1117 978 1367 1048; x_wconf 82' lang='grc' dir='ltr'><em>ηγούμενον</em></span> <span class='ocrx_word' id='word_1_113' title='bbox 1393 983 1483 1021; x_wconf 79' lang='grc' dir='ltr'><em>τῶν</em></span> 
     </span>
     <span class='ocr_line' id='line_1_16' title="bbox 89 1035 1483 1110; baseline -0.004 -26"><span class='ocrx_word' id='word_1_114' title='bbox 89 1039 329 1110; x_wconf 76' lang='grc' dir='ltr'><em>φυγάδων,</em></span> <span class='ocrx_word' id='word_1_115' title='bbox 371 1040 438 1091; x_wconf 79' lang='grc' dir='ltr'><em>εἰς</em></span> <span class='ocrx_word' id='word_1_116' title='bbox 460 1038 506 1083; x_wconf 81' lang='grc' dir='ltr'><em>δὲ</em></span> <span class='ocrx_word' id='word_1_117' title='bbox 535 1036 616 1092; x_wconf 78' lang='grc' dir='ltr'><em>τήν</em></span> <span class='ocrx_word' id='word_1_118' title='bbox 645 1035 880 1092; x_wconf 81' lang='grc' dir='ltr'><em>Κέρκυραν</em></span> <span class='ocrx_word' id='word_1_119' title='bbox 918 1035 1296 1092; x_wconf 79' lang='grc' dir='ltr'><em>παρεσκευάζοντο</em></span> <span class='ocrx_word' id='word_1_120' title='bbox 1333 1052 1483 1080; x_wconf 89' lang='grc' dir='ltr'><em>ναυτι-</em></span> 
     </span>
    </p>
   </div>
   <div class='ocr_carea' id='block_1_3' title="bbox 85 1094 662 1154">
    <p class='ocr_par' dir='ltr' id='par_1_3' title="bbox 85 1094 662 1154">
     <span class='ocr_line' id='line_1_17' title="bbox 85 1094 662 1154; baseline -0.007 -13"><span class='ocrx_word' id='word_1_121' title='bbox 85 1096 170 1154; x_wconf 78' lang='grc' dir='ltr'><em>κὴν</em></span> <span class='ocrx_word' id='word_1_122' title='bbox 198 1095 406 1153; x_wconf 85' lang='grc' dir='ltr'><em>δύναμιν</em></span> <span class='ocrx_word' id='word_1_123' title='bbox 417 1094 662 1151; x_wconf 78' lang='grc' dir='ltr'><em>ἐκπέμπειν.</em></span> 
     </span>
    </p>
   </div>
   <div class='ocr_carea' id='block_1_4' title="bbox 79 1182 1563 2326">
    <p class='ocr_par' dir='ltr' id='par_1_4' title="bbox 79 1182 1563 2326">
     <span class='ocr_line' id='line_1_18' title="bbox 186 1182 1562 1260; baseline -0.004 -29.945"><span class='ocrx_word' id='word_1_124' title='bbox 186 1184 302 1243; x_wconf 66' lang='grc' dir='ltr'><em>’Ἅμα</em></span> <span class='ocrx_word' id='word_1_125' title='bbox 344 1185 390 1230; x_wconf 86' lang='grc' dir='ltr'><em>δε</em></span> <span class='ocrx_word' id='word_1_126' title='bbox 425 1183 599 1238; x_wconf 84' lang='grc' dir='ltr'><em>τούτοις</em></span> <span class='ocrx_word' id='word_1_127' title='bbox 638 1188 955 1260; x_wconf 61' lang='grc' dir='ltr'><em>πραττομένοις</em></span> <span class='ocrx_word' id='word_1_128' title='bbox 992 1201 1104 1231; x_wconf 90' lang='grc' dir='ltr'><em>κατα</em></span> <span class='ocrx_word' id='word_1_129' title='bbox 1140 1184 1221 1242; x_wconf 84' lang='grc' dir='ltr'><em>τὴν</em></span> <span class='ocrx_word' id='word_1_130' title='bbox 1258 1185 1479 1232; x_wconf 82' lang='grc' dir='ltr'><em>Βοιωτίαν</em></span> <span class='ocrx_word' id='word_1_131' title='bbox 1508 1182 1562 1225; x_wconf 87' lang='grc'><em>55</em></span> 
     </span>
     <span class='ocr_line' id='line_1_19' title="bbox 85 1240 1480 1315; baseline -0.002 -27"><span class='ocrx_word' id='word_1_132' title='bbox 85 1247 318 1296; x_wconf 79' lang='grc' dir='ltr'><em>Πλαταιεῖς</em></span> <span class='ocrx_word' id='word_1_133' title='bbox 362 1240 640 1313; x_wconf 76' lang='grc' dir='ltr'><em>ἀντεχόμενοι</em></span> <span class='ocrx_word' id='word_1_134' title='bbox 688 1249 764 1302; x_wconf 81' lang='grc' dir='ltr'><em>τῆς</em></span> <span class='ocrx_word' id='word_1_135' title='bbox 795 1244 1067 1315; x_wconf 83' lang='grc' dir='ltr'><em>Ἀθηναίων</em></span> <span class='ocrx_word' id='word_1_136' title='bbox 1086 1245 1331 1299; x_wconf 86' lang='grc' dir='ltr'><em>συμμαχίας</em></span> <span class='ocrx_word' id='word_1_137' title='bbox 1366 1258 1480 1298; x_wconf 80' lang='grc' dir='ltr'><em>μετε·</em></span> 
     </span>
     <span class='ocr_line' id='line_1_20' title="bbox 85 1297 1482 1374; baseline -0.001 -30"><span class='ocrx_word' id='word_1_138' title='bbox 85 1301 323 1369; x_wconf 87' lang='grc' dir='ltr'><em>πέμποντο</em></span> <span class='ocrx_word' id='word_1_139' title='bbox 336 1301 631 1354; x_wconf 79' lang='grc' dir='ltr'><em>στρατιώτας,</em></span> <span class='ocrx_word' id='word_1_140' title='bbox 641 1300 911 1374; x_wconf 81' lang='grc' dir='ltr'><em>κεκρικότες</em></span> <span class='ocrx_word' id='word_1_141' title='bbox 940 1306 1032 1356; x_wconf 82' lang='grc' dir='ltr'><em>τοῖς</em></span> <span class='ocrx_word' id='word_1_142' title='bbox 1056 1297 1307 1368; x_wconf 88' lang='grc' dir='ltr'><em>Ἀθηναίοις</em></span> <span class='ocrx_word' id='word_1_143' title='bbox 1336 1316 1482 1353; x_wconf 84' lang='grc' dir='ltr'><em>παρα-</em></span> 
     </span>
     <span class='ocr_line' id='line_1_21' title="bbox 86 1356 1483 1429; baseline -0.001 -28"><span class='ocrx_word' id='word_1_144' title='bbox 86 1359 246 1401; x_wconf 87' lang='grc' dir='ltr'><em>δοῦναι</em></span> <span class='ocrx_word' id='word_1_145' title='bbox 273 1374 355 1412; x_wconf 86' lang='grc' dir='ltr'><em>την</em></span> <span class='ocrx_word' id='word_1_146' title='bbox 386 1356 528 1401; x_wconf 91' lang='grc' dir='ltr'><em>πόλιν.</em></span> <span class='ocrx_word' id='word_1_147' title='bbox 587 1357 655 1403; x_wconf 74' lang='grc' dir='ltr'><em>ἐπὶ</em></span> <span class='ocrx_word' id='word_1_148' title='bbox 698 1359 744 1404; x_wconf 81' lang='grc' dir='ltr'><em>δε</em></span> <span class='ocrx_word' id='word_1_149' title='bbox 773 1359 946 1410; x_wconf 86' lang='grc' dir='ltr'><em>τούτοις</em></span> <span class='ocrx_word' id='word_1_150' title='bbox 988 1359 1031 1401; x_wconf 80' lang='grc' dir='ltr'><em>σί</em></span> <span class='ocrx_word' id='word_1_151' title='bbox 1065 1356 1333 1429; x_wconf 84' lang='grc' dir='ltr'><em>βοιωτάρχαι</em></span> <span class='ocrx_word' id='word_1_152' title='bbox 1364 1360 1483 1412; x_wconf 88' lang='grc' dir='ltr'><em>χαλε-</em></span> 
     </span>
     <span class='ocr_line' id='line_1_22' title="bbox 85 1411 1480 1483; baseline 0 -27"><span class='ocrx_word' id='word_1_153' title='bbox 85 1417 180 1465; x_wconf 75' lang='grc' dir='ltr'><em>πῶς</em></span> <span class='ocrx_word' id='word_1_154' title='bbox 211 1413 478 1465; x_wconf 79' lang='grc' dir='ltr'><em>διατεθέντες</em></span> <span class='ocrx_word' id='word_1_155' title='bbox 506 1414 626 1483; x_wconf 80' lang='grc' dir='ltr'><em>πρὸς</em></span> <span class='ocrx_word' id='word_1_156' title='bbox 661 1415 765 1467; x_wconf 77' lang='grc' dir='ltr'><em>τοὺς</em></span> <span class='ocrx_word' id='word_1_157' title='bbox 806 1416 1063 1475; x_wconf 86' lang='grc' dir='ltr'><em>Πλαταιεις,</em></span> <span class='ocrx_word' id='word_1_158' title='bbox 1103 1414 1177 1457; x_wconf 86' lang='grc' dir='ltr'><em>καὶ</em></span> <span class='ocrx_word' id='word_1_159' title='bbox 1217 1411 1480 1463; x_wconf 86' lang='grc' dir='ltr'><em>σπεύδοντες</em></span> 
     </span>
     <span class='ocr_line' id='line_1_23' title="bbox 87 1466 1563 1541; baseline 0 -28"><span class='ocrx_word' id='word_1_160' title='bbox 87 1469 259 1541; x_wconf 86' lang='grc' dir='ltr'><em>φθάσαι</em></span> <span class='ocrx_word' id='word_1_161' title='bbox 291 1469 370 1524; x_wconf 75' lang='grc' dir='ltr'><em>τήν</em></span> <span class='ocrx_word' id='word_1_162' title='bbox 398 1486 529 1541; x_wconf 90' lang='grc' dir='ltr'><em>παρα</em></span> <span class='ocrx_word' id='word_1_163' title='bbox 546 1475 635 1515; x_wconf 79' lang='grc' dir='ltr'><em>τῶν</em></span> <span class='ocrx_word' id='word_1_164' title='bbox 659 1470 905 1530; x_wconf 85' lang='grc' dir='ltr'><em>Ἀθηναίων</em></span> <span class='ocrx_word' id='word_1_165' title='bbox 934 1473 1198 1539; x_wconf 83' lang='grc' dir='ltr'><em>συμμαχίαν,</em></span> <span class='ocrx_word' id='word_1_166' title='bbox 1235 1469 1373 1521; x_wconf 77' lang='grc' dir='ltr'><em>εὐθὺς</em></span> <span class='ocrx_word' id='word_1_167' title='bbox 1408 1468 1477 1514; x_wconf 79' lang='grc' dir='ltr'><em>ἐπ’</em></span> <span class='ocrx_word' id='word_1_168' title='bbox 1508 1466 1563 1505; x_wconf 80' lang='grc'><em>60</em></span> 
     </span>
     <span class='ocr_line' id='line_1_24' title="bbox 87 1525 1478 1597; baseline 0 -28"><span class='ocrx_word' id='word_1_169' title='bbox 87 1525 254 1577; x_wconf 78' lang='grc' dir='ltr'><em>αὐτους</em></span> <span class='ocrx_word' id='word_1_170' title='bbox 283 1527 486 1583; x_wconf 81' lang='grc' dir='ltr'><em>δύναμιν</em></span> <span class='ocrx_word' id='word_1_171' title='bbox 501 1525 736 1584; x_wconf 75' lang='grc' dir='ltr'><em>ἅξιόλογον</em></span> <span class='ocrx_word' id='word_1_172' title='bbox 765 1530 887 1584; x_wconf 76' lang='grc' dir='ltr'><em>ἦγον.</em></span> <span class='ocrx_word' id='word_1_173' title='bbox 918 1527 1266 1597; x_wconf 87' lang='grc' dir='ltr'><em>παραγενόμενοι</em></span> <span class='ocrx_word' id='word_1_174' title='bbox 1299 1527 1344 1570; x_wconf 89' lang='grc' dir='ltr'><em>δε</em></span> <span class='ocrx_word' id='word_1_175' title='bbox 1373 1532 1478 1583; x_wconf 81' lang='grc' dir='ltr'><em>πλη-</em></span> 
     </span>
     <span class='ocr_line' id='line_1_25' title="bbox 86 1583 1478 1640; baseline 0.001 -14"><span class='ocrx_word' id='word_1_176' title='bbox 86 1584 185 1633; x_wconf 84' lang='grc' dir='ltr'><em>σίον</em></span> <span class='ocrx_word' id='word_1_177' title='bbox 214 1586 291 1640; x_wconf 85' lang='grc' dir='ltr'><em>τῆς</em></span> <span class='ocrx_word' id='word_1_178' title='bbox 320 1587 410 1633; x_wconf 78' lang='grc' dir='ltr'><em>τῶν</em></span> <span class='ocrx_word' id='word_1_179' title='bbox 431 1586 687 1636; x_wconf 80' lang='grc' dir='ltr'><em>Πλαταιέων</em></span> <span class='ocrx_word' id='word_1_180' title='bbox 716 1585 894 1638; x_wconf 84' lang='grc' dir='ltr'><em>πόλεως,</em></span> <span class='ocrx_word' id='word_1_181' title='bbox 927 1583 1257 1639; x_wconf 78' lang='grc' dir='ltr'><em>άπροςδοκήτου</em></span> <span class='ocrx_word' id='word_1_182' title='bbox 1285 1588 1360 1640; x_wconf 83' lang='grc' dir='ltr'><em>τῆς</em></span> <span class='ocrx_word' id='word_1_183' title='bbox 1390 1584 1478 1627; x_wconf 74' lang='grc' dir='ltr'><em>ἐπι-</em></span> 
     </span>
     <span class='ocr_line' id='line_1_26' title="bbox 83 1639 1477 1704; baseline 0 -21"><span class='ocrx_word' id='word_1_184' title='bbox 83 1639 138 1683; x_wconf 97' lang='grc' dir='ltr'><em>υθέ</em></span> <span class='ocrx_word' id='word_1_185' title='bbox 141 1650 248 1690; x_wconf 85' lang='grc' dir='ltr'><em>σεως</em></span> <span class='ocrx_word' id='word_1_186' title='bbox 287 1639 542 1704; x_wconf 80' lang='grc' dir='ltr'><em>γενομένης</em></span> <span class='ocrx_word' id='word_1_187' title='bbox 558 1643 602 1684; x_wconf 84' lang='grc' dir='ltr'><em>οἷ</em></span> <span class='ocrx_word' id='word_1_188' title='bbox 638 1646 833 1685; x_wconf 87' lang='grc' dir='ltr'><em>πλεῖστοι</em></span> <span class='ocrx_word' id='word_1_189' title='bbox 870 1659 951 1698; x_wconf 88' lang='grc' dir='ltr'><em>μεν</em></span> <span class='ocrx_word' id='word_1_190' title='bbox 989 1645 1076 1685; x_wconf 80' lang='grc' dir='ltr'><em>τῶν</em></span> <span class='ocrx_word' id='word_1_191' title='bbox 1115 1641 1371 1684; x_wconf 71' lang='grc' dir='ltr'><em>Πλαταιέων</em></span> <span class='ocrx_word' id='word_1_192' title='bbox 1408 1640 1477 1683; x_wconf 77' lang='grc' dir='ltr'><em>ἐπὶ</em></span> 
     </span>
     <span class='ocr_line' id='line_1_27' title="bbox 83 1693 1562 1770; baseline 0 -30"><span class='ocrx_word' id='word_1_193' title='bbox 83 1701 161 1758; x_wconf 84' lang='grc' dir='ltr'><em>τῆς</em></span> <span class='ocrx_word' id='word_1_194' title='bbox 188 1693 334 1752; x_wconf 79' lang='grc' dir='ltr'><em>χώρας</em></span> <span class='ocrx_word' id='word_1_195' title='bbox 354 1696 714 1770; x_wconf 80' lang='grc' dir='ltr'><em>καταληφθέντες</em></span> <span class='ocrx_word' id='word_1_196' title='bbox 755 1697 845 1742; x_wconf 80' lang='grc' dir='ltr'><em>ὑπό</em></span> <span class='ocrx_word' id='word_1_197' title='bbox 886 1715 975 1742; x_wconf 87' lang='grc' dir='ltr'><em>των</em></span> <span class='ocrx_word' id='word_1_198' title='bbox 1005 1697 1172 1746; x_wconf 82' lang='grc' dir='ltr'><em>ἱππέων</em></span> <span class='ocrx_word' id='word_1_199' title='bbox 1202 1696 1476 1769; x_wconf 80' lang='grc' dir='ltr'><em>συνηρπάγη-</em></span> <span class='ocrx_word' id='word_1_200' title='bbox 1506 1700 1562 1741; x_wconf 88' lang='grc'><em>65</em></span> 
     </span>
     <span class='ocr_line' id='line_1_28' title="bbox 83 1751 1475 1811; baseline 0 -14"><span class='ocrx_word' id='word_1_201' title='bbox 83 1764 188 1804; x_wconf 85' lang='grc' dir='ltr'><em>σαν,</em></span> <span class='ocrx_word' id='word_1_202' title='bbox 218 1754 262 1796; x_wconf 84' lang='grc' dir='ltr'><em>οἱ</em></span> <span class='ocrx_word' id='word_1_203' title='bbox 289 1753 335 1797; x_wconf 81' lang='grc' dir='ltr'><em>δὲ</em></span> <span class='ocrx_word' id='word_1_204' title='bbox 363 1751 536 1797; x_wconf 82' lang='grc' dir='ltr'><em>λοιποὶ</em></span> <span class='ocrx_word' id='word_1_205' title='bbox 543 1754 872 1811; x_wconf 80' lang='grc' dir='ltr'><em>καταφυγόντες</em></span> <span class='ocrx_word' id='word_1_206' title='bbox 900 1757 959 1806; x_wconf 80' lang='grc' dir='ltr'><em>εἰς</em></span> <span class='ocrx_word' id='word_1_207' title='bbox 988 1755 1068 1810; x_wconf 70' lang='grc' dir='ltr'><em>τήν</em></span> <span class='ocrx_word' id='word_1_208' title='bbox 1096 1754 1238 1806; x_wconf 89' lang='grc' dir='ltr'><em>πόλιν,</em></span> <span class='ocrx_word' id='word_1_209' title='bbox 1269 1755 1342 1798; x_wconf 88' lang='grc' dir='ltr'><em>καὶ</em></span> <span class='ocrx_word' id='word_1_210' title='bbox 1373 1767 1475 1809; x_wconf 89' lang='grc' dir='ltr'><em>συμ-</em></span> 
     </span>
     <span class='ocr_line' id='line_1_29' title="bbox 84 1806 1476 1883; baseline 0.001 -31"><span class='ocrx_word' id='word_1_211' title='bbox 84 1806 235 1866; x_wconf 79' lang='grc' dir='ltr'><em>μάχων</em></span> <span class='ocrx_word' id='word_1_212' title='bbox 263 1808 385 1861; x_wconf 77' lang='grc' dir='ltr'><em>ὄντες</em></span> <span class='ocrx_word' id='word_1_213' title='bbox 413 1811 588 1867; x_wconf 87' lang='grc' dir='ltr'><em>ε’ρημοι,</em></span> <span class='ocrx_word' id='word_1_214' title='bbox 633 1812 1064 1883; x_wconf 80' lang='grc' dir='ltr'><em>συνηναγκάσθησαν</em></span> <span class='ocrx_word' id='word_1_215' title='bbox 1103 1810 1341 1881; x_wconf 85' lang='grc' dir='ltr'><em>ὁμολογίας</em></span> <span class='ocrx_word' id='word_1_216' title='bbox 1372 1824 1476 1854; x_wconf 81' lang='grc' dir='ltr'><em>συν-</em></span> 
     </span>
     <span class='ocr_line' id='line_1_30' title="bbox 83 1867 1475 1941; baseline 0.001 -32"><span class='ocrx_word' id='word_1_217' title='bbox 83 1867 245 1910; x_wconf 84' lang='grc' dir='ltr'><em>θέσθαι</em></span> <span class='ocrx_word' id='word_1_218' title='bbox 273 1871 376 1937; x_wconf 83' lang='grc' dir='ltr'><em>τοῖς</em></span> <span class='ocrx_word' id='word_1_219' title='bbox 402 1870 626 1938; x_wconf 83' lang='grc' dir='ltr'><em>πολεμίοις</em></span> <span class='ocrx_word' id='word_1_220' title='bbox 665 1867 937 1940; x_wconf 83' lang='grc' dir='ltr'><em>εὐαρέστους.</em></span> <span class='ocrx_word' id='word_1_221' title='bbox 997 1870 1084 1913; x_wconf 68' lang='grc' dir='ltr'><em>ἔδει</em></span> <span class='ocrx_word' id='word_1_222' title='bbox 1111 1869 1197 1941; x_wconf 78' lang='grc' dir='ltr'><em>γάρ</em></span> <span class='ocrx_word' id='word_1_223' title='bbox 1230 1867 1392 1919; x_wconf 76' lang='grc' dir='ltr'><em>αὐτούς</em></span> <span class='ocrx_word' id='word_1_224' title='bbox 1421 1867 1475 1911; x_wconf 79' lang='grc' dir='ltr'><em>τὰ</em></span> 
     </span>
     <span class='ocr_line' id='line_1_31' title="bbox 83 1910 1471 1994; baseline 0.001 -27"><span class='ocrx_word' id='word_1_225' title='bbox 83 1923 238 1967; x_wconf 71' lang='grc' dir='ltr'><em>ἔπιπλα</em></span> <span class='ocrx_word' id='word_1_226' title='bbox 266 1921 480 1994; x_wconf 82' lang='grc' dir='ltr'><em>λαβόντας</em></span> <span class='ocrx_word' id='word_1_227' title='bbox 506 1910 716 1973; x_wconf 85' lang='grc' dir='ltr'><em>άπελθεῖν</em></span> <span class='ocrx_word' id='word_1_228' title='bbox 747 1927 794 1970; x_wconf 78' lang='grc' dir='ltr'><em>ἐκ</em></span> <span class='ocrx_word' id='word_1_229' title='bbox 822 1929 899 1983; x_wconf 81' lang='grc' dir='ltr'><em>τῆς</em></span> <span class='ocrx_word' id='word_1_230' title='bbox 926 1924 1092 1977; x_wconf 88' lang='grc' dir='ltr'><em>πόλεως</em></span> <span class='ocrx_word' id='word_1_231' title='bbox 1119 1927 1193 1969; x_wconf 86' lang='grc' dir='ltr'><em>καὶ</em></span> <span class='ocrx_word' id='word_1_232' title='bbox 1223 1926 1372 1982; x_wconf 86' lang='grc' dir='ltr'><em>μηκέτι</em></span> <span class='ocrx_word' id='word_1_233' title='bbox 1396 1929 1471 1981; x_wconf 85' lang='grc' dir='ltr'><em>τῆς</em></span> 
     </span>
     <span class='ocr_line' id='line_1_32' title="bbox 83 1970 1555 2053; baseline 0.002 -30"><span class='ocrx_word' id='word_1_234' title='bbox 83 1970 299 2031; x_wconf 84' lang='grc' dir='ltr'><em>Βοιωτίας</em></span> <span class='ocrx_word' id='word_1_235' title='bbox 343 1979 597 2036; x_wconf 73' lang='grc' dir='ltr'><em>ἐπιβαίνειν.</em></span> <span class='ocrx_word' id='word_1_236' title='bbox 663 1999 770 2038; x_wconf 89' lang='grc' dir='ltr'><em>μετα</em></span> <span class='ocrx_word' id='word_1_237' title='bbox 816 1984 862 2027; x_wconf 83' lang='grc' dir='ltr'><em>δὲ</em></span> <span class='ocrx_word' id='word_1_238' title='bbox 901 1987 1039 2026; x_wconf 86' lang='grc' dir='ltr'><em>ταῦτα</em></span> <span class='ocrx_word' id='word_1_239' title='bbox 1080 1984 1124 2026; x_wconf 78' lang='grc' dir='ltr'><em>οἱ</em></span> <span class='ocrx_word' id='word_1_240' title='bbox 1166 2000 1257 2053; x_wconf 85' lang='grc' dir='ltr'><em>μεν</em></span> <span class='ocrx_word' id='word_1_241' title='bbox 1283 1986 1471 2038; x_wconf 86' lang='grc' dir='ltr'><em>Θηβαῖοι</em></span> <span class='ocrx_word' id='word_1_242' title='bbox 1500 1993 1555 2032; x_wconf 87' lang='lat'><em>70</em></span> 
     </span>
     <span class='ocr_line' id='line_1_33' title="bbox 80 2037 1471 2093; baseline 0.001 -13"><span class='ocrx_word' id='word_1_243' title='bbox 80 2037 158 2089; x_wconf 81' lang='grc' dir='ltr'><em>τὰς</em></span> <span class='ocrx_word' id='word_1_244' title='bbox 205 2037 441 2088; x_wconf 82' lang='grc' dir='ltr'><em>Πλαταιάς</em></span> <span class='ocrx_word' id='word_1_245' title='bbox 466 2039 823 2091; x_wconf 79' lang='grc' dir='ltr'><em>κατασκάψαντες</em></span> <span class='ocrx_word' id='word_1_246' title='bbox 869 2041 942 2093; x_wconf 83' lang='grc' dir='ltr'><em>καὶ</em></span> <span class='ocrx_word' id='word_1_247' title='bbox 993 2039 1182 2090; x_wconf 80' lang='grc' dir='ltr'><em>Θεσπιάς</em></span> <span class='ocrx_word' id='word_1_248' title='bbox 1233 2038 1471 2092; x_wconf 75' lang='grc' dir='ltr'><em>ἀλλοτρίως</em></span> 
     </span>
     <span class='ocr_line' id='line_1_34' title="bbox 80 2090 1472 2167; baseline 0.001 -29"><span class='ocrx_word' id='word_1_249' title='bbox 80 2093 198 2165; x_wconf 86' lang='grc' dir='ltr'><em>πρὸς</em></span> <span class='ocrx_word' id='word_1_250' title='bbox 218 2091 380 2145; x_wconf 81' lang='grc' dir='ltr'><em>αὐτους</em></span> <span class='ocrx_word' id='word_1_251' title='bbox 410 2095 682 2167; x_wconf 86' lang='grc' dir='ltr'><em>διακειμένας</em></span> <span class='ocrx_word' id='word_1_252' title='bbox 717 2090 1037 2152; x_wconf 81' lang='grc' dir='ltr'><em>ἐξεπόρθησαν,</em></span> <span class='ocrx_word' id='word_1_253' title='bbox 1079 2100 1122 2141; x_wconf 83' lang='grc' dir='ltr'><em>οἱ</em></span> <span class='ocrx_word' id='word_1_254' title='bbox 1162 2097 1207 2140; x_wconf 92' lang='grc' dir='ltr'><em>δε</em></span> <span class='ocrx_word' id='word_1_255' title='bbox 1240 2100 1472 2148; x_wconf 85' lang='grc' dir='ltr'><em>Πλαταιεῖς</em></span> 
     </span>
     <span class='ocr_line' id='line_1_35' title="bbox 82 2147 1471 2225; baseline 0.002 -31"><span class='ocrx_word' id='word_1_256' title='bbox 82 2153 143 2202; x_wconf 84' lang='grc' dir='ltr'><em>εἰς’</em></span> <span class='ocrx_word' id='word_1_257' title='bbox 185 2147 385 2206; x_wconf 78' lang='grc' dir='ltr'><em>Ἀθήνας</em></span> <span class='ocrx_word' id='word_1_258' title='bbox 416 2152 522 2206; x_wconf 76' lang='grc' dir='ltr'><em>μετὰ</em></span> <span class='ocrx_word' id='word_1_259' title='bbox 559 2152 726 2197; x_wconf 88' lang='grc' dir='ltr'><em>τέκνων</em></span> <span class='ocrx_word' id='word_1_260' title='bbox 765 2171 839 2198; x_wconf 90' lang='grc' dir='ltr'><em>και</em></span> <span class='ocrx_word' id='word_1_261' title='bbox 878 2157 1102 2223; x_wconf 78' lang='grc' dir='ltr'><em>γυναικῶν</em></span> <span class='ocrx_word' id='word_1_262' title='bbox 1140 2153 1356 2223; x_wconf 84' lang='grc' dir='ltr'><em>φυγόντες</em></span> <span class='ocrx_word' id='word_1_263' title='bbox 1394 2170 1471 2225; x_wconf 78' lang='grc' dir='ltr'><em>της</em></span> 
     </span>
     <span class='ocr_line' id='line_1_36' title="bbox 80 2208 1553 2280; baseline 0.002 -29"><span class='ocrx_word' id='word_1_264' title='bbox 80 2209 366 2258; x_wconf 78' lang='grc' dir='ltr'><em>ἰσοπολιτείας</em></span> <span class='ocrx_word' id='word_1_265' title='bbox 395 2208 547 2279; x_wconf 76' lang='grc' dir='ltr'><em>ἔτυχον</em></span> <span class='ocrx_word' id='word_1_266' title='bbox 572 2209 645 2253; x_wconf 90' lang='grc' dir='ltr'><em>δια</em></span> <span class='ocrx_word' id='word_1_267' title='bbox 675 2211 754 2267; x_wconf 82' lang='grc' dir='ltr'><em>τὴν</em></span> <span class='ocrx_word' id='word_1_268' title='bbox 781 2209 1065 2280; x_wconf 79' lang='grc' dir='ltr'><em>χρηστότητα</em></span> <span class='ocrx_word' id='word_1_269' title='bbox 1082 2216 1164 2256; x_wconf 81' lang='grc' dir='ltr'><em>τοῦ</em></span> <span class='ocrx_word' id='word_1_270' title='bbox 1194 2209 1350 2268; x_wconf 73' lang='grc' dir='ltr'><em>δήμου.</em></span> <span class='ocrx_word' id='word_1_271' title='bbox 1388 2211 1468 2255; x_wconf 85' lang='grc' dir='ltr'><em>καὶ</em></span> <span class='ocrx_word' id='word_1_272' title='bbox 1486 2220 1553 2262; x_wconf 78' lang='grc'><em>’75</em></span> 
     </span>
     <span class='ocr_line' id='line_1_37' title="bbox 79 2263 1105 2326; baseline 0.004 -18"><span class='ocrx_word' id='word_1_273' title='bbox 79 2263 134 2308; x_wconf 81' lang='grc' dir='ltr'><em>τὰ</em></span> <span class='ocrx_word' id='word_1_274' title='bbox 162 2263 241 2322; x_wconf 79' lang='grc' dir='ltr'><em>μὲν</em></span> <span class='ocrx_word' id='word_1_275' title='bbox 267 2281 377 2309; x_wconf 90' lang='grc' dir='ltr'><em>κατα</em></span> <span class='ocrx_word' id='word_1_276' title='bbox 405 2264 484 2323; x_wconf 79' lang='grc' dir='ltr'><em>τὴν</em></span> <span class='ocrx_word' id='word_1_277' title='bbox 514 2269 733 2312; x_wconf 87' lang='grc' dir='ltr'><em>Βοιωτίαν</em></span> <span class='ocrx_word' id='word_1_278' title='bbox 761 2268 809 2312; x_wconf 82' lang='grc' dir='ltr'><em>ἐν</em></span> <span class='ocrx_word' id='word_1_279' title='bbox 836 2267 1011 2320; x_wconf 81' lang='grc' dir='ltr'><em>τούτοις</em></span> <span class='ocrx_word' id='word_1_280' title='bbox 1037 2284 1105 2326; x_wconf 88' lang='grc' dir='ltr'><em>ην.</em></span> 
     </span>
    </p>
   </div>
   <div class='ocr_carea' id='block_1_5' title="bbox 78 2418 1468 2672">
    <p class='ocr_par' dir='ltr' id='par_1_5' title="bbox 78 2418 1468 2670">
     <span class='ocr_line' id='line_1_38' title="bbox 80 2418 1467 2495; baseline 0.002 -25"><span class='ocrx_word' id='word_1_281' title='bbox 80 2435 137 2472; x_wconf 69' lang='lat'><em>¹17.</em></span> <span class='ocrx_word' id='word_1_282' title='bbox 163 2418 342 2495; x_wconf 81' lang='grc' dir='ltr'><em>γνόντες]</em></span> <span class='ocrx_word' id='word_1_283' title='bbox 352 2435 502 2493; x_wconf 83' lang='grc' dir='ltr'><em>γνόντες</em></span> <span class='ocrx_word' id='word_1_284' title='bbox 523 2437 591 2484; x_wconf 75' lang='grc' dir='ltr'><em>μὲν</em></span> <span class='ocrx_word' id='word_1_285' title='bbox 611 2435 715 2475; x_wconf 80' lang='lat' dir='ltr'><strong>FIK.</strong></span> <span class='ocrx_word' id='word_1_286' title='bbox 744 2437 890 2484; x_wconf 85' lang='grc' dir='ltr'><em>γνόντες</em></span> <span class='ocrx_word' id='word_1_287' title='bbox 912 2452 1003 2484; x_wconf 88' lang='grc' dir='ltr'><em>μετα</em></span> <span class='ocrx_word' id='word_1_288' title='bbox 1026 2439 1055 2474; x_wconf 89' lang='grc' dir='ltr'><strong>Α</strong></span> <span class='ocrx_word' id='word_1_289' title='bbox 1217 2439 1274 2474; x_wconf 75' lang='lat'><em>48.</em></span> <span class='ocrx_word' id='word_1_290' title='bbox 1298 2439 1367 2484; x_wconf 79' lang='grc' dir='ltr'><em>τήν</em></span> <span class='ocrx_word' id='word_1_291' title='bbox 1399 2451 1467 2483; x_wconf 78' lang='grc' dir='ltr'><em>μεν</em></span> 
     </span>
     <span class='ocr_line' id='line_1_39' title="bbox 78 2481 1468 2531; baseline 0.003 -15"><span class='ocrx_word' id='word_1_292' title='bbox 78 2481 208 2527; x_wconf 85' lang='grc' dir='ltr'><em>πόλιν]</em></span> <span class='ocrx_word' id='word_1_293' title='bbox 241 2482 309 2529; x_wconf 86' lang='grc' dir='ltr'><em>τήν</em></span> <span class='ocrx_word' id='word_1_294' title='bbox 338 2481 448 2519; x_wconf 81' lang='grc' dir='ltr'><em>πόλιν</em></span> <span class='ocrx_word' id='word_1_295' title='bbox 472 2486 519 2519; x_wconf 90' lang='lat' dir='ltr'><em>Fl</em></span> <span class='ocrx_word' id='word_1_296' title='bbox 676 2486 733 2520; x_wconf 83' lang='grc'><em>51.</em></span> <span class='ocrx_word' id='word_1_297' title='bbox 761 2488 984 2522; x_wconf 85' lang='grc' dir='ltr'><em>Ζακυνθίων</em></span> <span class='ocrx_word' id='word_1_298' title='bbox 1017 2489 1096 2526; x_wconf 80' lang='grc' dir='ltr'><em>τοῖς</em></span> <span class='ocrx_word' id='word_1_299' title='bbox 1130 2486 1316 2531; x_wconf 85' lang='grc' dir='ltr'><em>φυγάσιν]</em></span> <span class='ocrx_word' id='word_1_300' title='bbox 1351 2490 1468 2521; x_wconf 84' lang='grc' dir='ltr'><em>Λακε-</em></span> 
     </span>
     <span class='ocr_line' id='line_1_40' title="bbox 81 2528 1466 2580; baseline 0.004 -18"><span class='ocrx_word' id='word_1_301' title='bbox 81 2528 286 2570; x_wconf 82' lang='grc' dir='ltr'><em>δαιμονίων</em></span> <span class='ocrx_word' id='word_1_302' title='bbox 320 2534 399 2572; x_wconf 85' lang='grc' dir='ltr'><em>τοΐς</em></span> <span class='ocrx_word' id='word_1_303' title='bbox 422 2529 627 2576; x_wconf 74' lang='grc' dir='ltr'><em>συμμάχοις</em></span> <span class='ocrx_word' id='word_1_304' title='bbox 647 2533 798 2580; x_wconf 77' lang='lat' dir='ltr'><em>AHIKQ</em></span> <span class='ocrx_word' id='word_1_305' title='bbox 961 2532 1016 2567; x_wconf 80' lang='lat'><em>55.</em></span> <span class='ocrx_word' id='word_1_306' title='bbox 1043 2535 1247 2573; x_wconf 83' lang='grc' dir='ltr'><em>Πλαταιοῑς</em></span> <span class='ocrx_word' id='word_1_307' title='bbox 1270 2533 1299 2566; x_wconf 77' lang='lat' dir='ltr'>F</span> <span class='ocrx_word' id='word_1_308' title='bbox 1409 2533 1466 2566; x_wconf 75' lang='lat'><em>5‘).</em></span> 
     </span>
     <span class='ocr_line' id='line_1_41' title="bbox 81 2574 1466 2626; baseline 0.004 -18"><span class='ocrx_word' id='word_1_309' title='bbox 81 2574 325 2620; x_wconf 80' lang='grc' dir='ltr'><em>διατεθέντες]</em></span> <span class='ocrx_word' id='word_1_310' title='bbox 346 2577 577 2626; x_wconf 84' lang='grc' dir='ltr'><em>διατιθέντες</em></span> <span class='ocrx_word' id='word_1_311' title='bbox 594 2578 629 2612; x_wconf 90' lang='grc' dir='ltr'>Κ</span> <span class='ocrx_word' id='word_1_312' title='bbox 675 2577 681 2617; x_wconf 69' lang='grc' dir='ltr'><em>’ζ</em></span> <span class='ocrx_word' id='word_1_313' title='bbox 788 2579 843 2613; x_wconf 60' lang='lat'><em>64.</em></span> <span class='ocrx_word' id='word_1_314' title='bbox 858 2580 1172 2625; x_wconf 70' lang='grc' dir='ltr'><em>καταληφθέντες]</em></span> <span class='ocrx_word' id='word_1_315' title='bbox 1196 2578 1466 2620; x_wconf 69' lang='grc' dir='ltr'><em>καταλειφθέν-</em></span> 
     </span>
     <span class='ocr_line' id='line_1_42' title="bbox 79 2617 1465 2672; baseline 0.002 -16"><span class='ocrx_word' id='word_1_316' title='bbox 79 2632 138 2662; x_wconf 87' lang='grc' dir='ltr'><em>τες</em></span> <span class='ocrx_word' id='word_1_317' title='bbox 161 2621 224 2654; x_wconf 84' lang='grc' dir='ltr'><em>ΑΚ</em></span> <span class='ocrx_word' id='word_1_318' title='bbox 380 2617 438 2658; x_wconf 78' lang='grc'><em>65.</em></span> <span class='ocrx_word' id='word_1_319' title='bbox 463 2622 750 2670; x_wconf 83' lang='grc' dir='ltr'><em>συνηρπάγησαν</em></span> <span class='ocrx_word' id='word_1_320' title='bbox 783 2625 950 2669; x_wconf 67' lang='lat' dir='ltr'><em>AFJKL,</em></span> <span class='ocrx_word' id='word_1_321' title='bbox 983 2627 1114 2661; x_wconf 76' lang='lat' dir='ltr'>caeteri</span> <span class='ocrx_word' id='word_1_322' title='bbox 1146 2625 1465 2672; x_wconf 80' lang='grc' dir='ltr'><em>συνηρπάσθησαν</em></span> 
     </span>
    </p>
   </div>
   <div class='ocr_carea' id='block_1_6' title="bbox 78 2689 1467 2831">
    <p class='ocr_par' dir='ltr' id='par_1_6' title="bbox 78 2689 1467 2831">
     <span class='ocr_line' id='line_1_43' title="bbox 178 2689 1467 2749; baseline 0.009 -27"><span class='ocrx_word' id='word_1_323' title='bbox 178 2689 235 2723; x_wconf 79' lang='lat'><em>38.</em></span> <span class='ocrx_word' id='word_1_324' title='bbox 258 2689 315 2726; x_wconf 77' lang='lat'><em>70.</em></span> <span class='ocrx_word' id='word_1_325' title='bbox 351 2689 516 2749; x_wconf 73' lang='grc' dir='ltr'><em>Θηβαῖοι</em></span> <span class='ocrx_word' id='word_1_326' title='bbox 546 2693 614 2734; x_wconf 82' lang='lat' dir='ltr'><em>FI,</em></span> <span class='ocrx_word' id='word_1_327' title='bbox 649 2694 780 2728; x_wconf 63' lang='lat' dir='ltr'><strong>caeteri</strong></span> <span class='ocrx_word' id='word_1_328' title='bbox 811 2693 1103 2738; x_wconf 82' lang='grc' dir='ltr'><em>Λακεδαιμόνιοι</em></span> <span class='ocrx_word' id='word_1_329' title='bbox 1223 2703 1227 2707; x_wconf 84' lang='grc'>’</span> <span class='ocrx_word' id='word_1_330' title='bbox 1309 2695 1366 2728; x_wconf 75' lang='grc'><em>71</em></span> <span class='ocrx_word' id='word_1_331' title='bbox 1400 2691 1467 2733; x_wconf 63' lang='grc' dir='ltr'><em>τοὶς</em></span> 
     </span>
     <span class='ocr_line' id='line_1_44' title="bbox 79 2734 1463 2787; baseline 0.001 -13"><span class='ocrx_word' id='word_1_332' title='bbox 79 2736 236 2769; x_wconf 73' lang='grc' dir='ltr'><em>Πλαται</em></span> <span class='ocrx_word' id='word_1_333' title='bbox 227 2734 294 2781; x_wconf 60' lang='grc' dir='ltr'><em>ἲς]</em></span> <span class='ocrx_word' id='word_1_334' title='bbox 318 2734 383 2784; x_wconf 78' lang='grc' dir='ltr'><em>τήν</em></span> <span class='ocrx_word' id='word_1_335' title='bbox 407 2738 599 2774; x_wconf 84' lang='grc' dir='ltr'><em>Πλάταιαν</em></span> <span class='ocrx_word' id='word_1_336' title='bbox 622 2740 705 2783; x_wconf 81' lang='lat' dir='ltr'><em>FlQ</em></span> <span class='ocrx_word' id='word_1_337' title='bbox 811 2741 991 2783; x_wconf 76' lang='grc' dir='ltr'><em>θεσπειας</em></span> <span class='ocrx_word' id='word_1_338' title='bbox 1014 2742 1044 2774; x_wconf 90' lang='lat' dir='ltr'><strong>F</strong></span> <span class='ocrx_word' id='word_1_339' title='bbox 1180 2741 1239 2777; x_wconf 72' lang='lat'><em>74.</em></span> <span class='ocrx_word' id='word_1_340' title='bbox 1263 2742 1328 2787; x_wconf 67' lang='lat' dir='ltr'><em>mss</em></span> <span class='ocrx_word' id='word_1_341' title='bbox 1351 2741 1463 2785; x_wconf 63' lang='lat' dir='ltr'><em>laum]</em></span> 
     </span>
     <span class='ocr_line' id='line_1_45' title="bbox 78 2781 1109 2831; baseline 0.006 -15"><span class='ocrx_word' id='word_1_342' title='bbox 78 2781 174 2817; x_wconf 84' lang='grc' dir='ltr'><em>ἰσοπ.</em></span> <span class='ocrx_word' id='word_1_343' title='bbox 198 2783 262 2816; x_wconf 75' lang='lat' dir='ltr'><em>Fh</em></span> <span class='ocrx_word' id='word_1_344' title='bbox 445 2786 500 2820; x_wconf 75' lang='grc' dir='ltr'><em>ΐῖ)</em></span> <span class='ocrx_word' id='word_1_345' title='bbox 529 2784 594 2831; x_wconf 80' lang='grc' dir='ltr'><em>τήν</em></span> <span class='ocrx_word' id='word_1_346' title='bbox 622 2787 821 2830; x_wconf 84' lang='grc' dir='ltr'><em>Βοιωτίαν]</em></span> <span class='ocrx_word' id='word_1_347' title='bbox 849 2790 1036 2822; x_wconf 85' lang='grc' dir='ltr'><em>Βοιωτιαν</em></span> <span class='ocrx_word' id='word_1_348' title='bbox 1059 2789 1109 2822; x_wconf 83' lang='lat' dir='ltr'><em>Fl</em></span> 
     </span>
    </p>
   </div>
  </div>
 </body>
</html>
