1820 3249
436 137 439 139 ⁵
493 143 610 187 LlB.
641 143 747 186 XVI.
778 142 912 185 CAP.
934 146 1004 187 92.
1029 146 1098 187 93.
1376 146 1488 187 1125

112 256 308 331 διαβάσει
337 259 420 302 τοῦ
453 256 699 306 Φιλίππου,
735 254 810 298 καὶ
837 253 918 310 τὴν
947 252 1245 326 εὐδαιμονίαν
1263 256 1488 324 ἐπιπλῆξαι

114 315 381 387 βουλόμενος
416 315 511 356 τοῦ
529 315 713 367 Περσῶν
751 311 972 367 βασιλέως,
1003 313 1159 366 καίπερ
1190 307 1331 356 οὖσαν
1360 312 1488 370 μεγά-

114 378 196 443 λην
214 372 287 417 καὶ
321 367 591 440 περιβόητον,
623 368 740 418 ὅπως
763 368 993 423 μεταπέσοι
1013 369 1115 412 ποτὲ
1143 370 1201 419 εἰς
1224 369 1487 414 τούναντίον

113 429 198 476 ὑπὸ
226 433 301 486 τῆς
327 425 479 482 τύχης,
507 425 666 482 ἤρξατο
696 424 834 479 λέγειν
861 424 960 468 τόδε
988 426 1037 468 τὸ
1066 427 1249 481 ποίημα·
1403 465 1411 471 ,
1516 423 1569 466 85

330 486 537 552 φρονεῖτε
562 486 648 525 νῦν
677 481 854 535 αἰθέρος
862 480 1154 553 ,ὑψηλότερον

327 540 402 584 καὶ
431 536 629 612 μεγάλων
656 540 818 582 πεδίων
845 537 1054 594 ἀρούρας,

328 594 533 651 φρονεῦθ’
546 593 939 666 ὑπερβαλλόμενοι

329 652 479 721 δόμων
506 649 691 708 δόμους,
720 651 958 723 ἄφροσύνᾳ

329 709 484 781 πρόσω
513 709 667 778 βιοταν
694 709 1036 765 τεκμαιρόμενοι.

327 764 353 810 6
385 764 427 809 6'
458 764 721 822 ἀμφιβαλλει
747 767 973 823 ταχύπουν
1516 768 1571 807 90

328 822 541 894 ζιέλευθον
570 824 682 892 ἔργῳ
712 826 906 875 σκοτίαν,

329 896 469 949 αφνω
488 877 535 924 δ’
542 879 764 950 α’φαντος
793 879 980 935 προςέβα

329 935 498 992 μακρὰς
527 934 856 992 ἀφαιρούμενος
885 937 1061 986 ἐλπίδας

328 997 508 1037 θνατῶν
539 993 820 1050 πολύμοχθος
836 993 1001 1045 ΙἍιδας,

111 1049 186 1094 καὶ
213 1049 267 1092 τὰ
293 1048 463 1093 τούτων
492 1050 659 1120 εφεξῆς
680 1056 872 1103 συνεῐρε,
903 1051 1046 1093 πάντα
1075 1046 1189 1102 πρὸς
1218 1048 1298 1102 τὴν
1329 1045 1488 1100 ὁμοίαν
1518 1044 1572 1086 95

111 1106 332 1177 φερόμενα
361 1105 576 1150 διάνοιαν.
636 1105 661 1150 6
688 1107 733 1151 δὲ
755 1109 971 1159 Φίλιππος
989 1106 1137 1162 ἡσθεις
1160 1104 1227 1147 ἐπὶ
1247 1108 1337 1154 τοῖς
1355 1102 1489 1159 α’πηγ-

111 1166 334 1235 γελμένοις
373 1163 475 1215 ὅλος
511 1165 590 1220 ἦν,
643 1165 717 1207 καὶ
751 1165 920 1215 τελείως
961 1163 1214 1231 φερόμενος
1230 1178 1282 1218 τῃ
1315 1162 1489 1203 διανοία

111 1220 221 1276 πρὸς
249 1221 337 1288 τὴν
371 1224 452 1265 τοῦ
483 1224 668 1276 Περσῶν
698 1222 909 1290 βασιλέως
938 1217 1267 1274 καταστροφήν,
1316 1216 1403 1272 ἅμα
1441 1205 1488 1260 δὲ

111 1278 186 1322 καὶ
211 1277 288 1321 τὸν
317 1277 629 1347 πυθόχρηστον
657 1280 851 1348 χρησμὸν
872 1277 1152 1333 ἀνελογίζετο,
1180 1275 1490 1343 παραπλησίαν
1523 1275 1600 1314 100

111 1335 262 1390 ἔχοντα
289 1333 490 1378 διάνοιαν
517 1340 610 1386 τοῖς
640 1334 725 1378 ὑπὸ
757 1339 837 1379 τοῦ
867 1337 1097 1406 τραγῳδοῦ
1129 1334 1316 1388 ῥηθεῖσι.
1368 1330 1489 1380 τέλος

114 1391 162 1435 δὲ
199 1395 281 1434 τοῦ
311 1392 448 1435 πότου
480 1391 786 1442 διαλυθέντος,
837 1393 912 1435 καὶ
939 1397 1027 1435 τῶν
1055 1389 1242 1446 ἀγώνων
1271 1387 1380 1432 κατα
1409 1386 1491 1443 τὴν

112 1449 347 1500 υστεραίαν
376 1448 454 1503 τὴν
483 1446 622 1504 ἀρχὴν
658 1447 999 1504 λαμβανόντων,
1045 1448 1097 1491 τὸ
1125 1461 1202 1516 μεν
1231 1449 1400 1516 πλῆθος
1430 1444 1492 1488 ε’τι

112 1504 273 1556 νυκτὸς
303 1504 437 1561 οὔσης
463 1507 714 1561 συνέτρεχεν
744 1507 801 1556 εἰς
831 1505 879 1550 τὸ
910 1506 1126 1559 θέατρον,
1163 1502 1252 1558 ἅμα
1283 1500 1323 1546 6'
1351 1500 1490 1557 ἡμέρᾳ
1519 1503 1546 1546 5

0 1607 1 1610 ,
37 1565 103 1601 153
115 1568 190 1616 τῆς
218 1567 392 1617 πομπῆς
431 1562 663 1618 γινομένης
700 1561 783 1605 σύν
812 1566 906 1613 ταῖς
936 1561 1084 1613 αλλαις
1111 1565 1204 1610 ταῖς
1233 1576 1282 1616 με
1266 1563 1494 1614 εγαλοπρε-

0 1647 1 1656 1
111 1621 210 1664 πέσι
247 1624 551 1670 κατασκευαῖς,
599 1621 756 1662 εἴδωλα
793 1623 882 1662 τῶν
913 1619 1082 1663 δώδεκα
1118 1620 1237 1660 θεῶν
1273 1615 1492 1670 ἐπόμπευε

111 1682 207 1730 ταῖς
245 1691 290 1718 τε
328 1677 633 1745 δημιουργίαις
668 1680 874 1729 περιττῶς
912 1674 1173 1731 εἰργασμένα
1202 1673 1275 1716 καὶ
1304 1690 1355 1728 τῃ
1386 1676 1493 1727 λαμ-

112 1733 294 1802 πρότητι
324 1736 404 1775 τοῦ
433 1732 628 1776 πλούτου
657 1736 925 1787 θαυμαστῶς
957 1731 1281 1787 κεκοσμημένα·
1333 1728 1415 1771 σὺν
1445 1728 1492 1770 δὲ

112 1789 286 1840 τούτοις
322 1788 461 1832 αὐτοῦ
502 1793 582 1832 τοῦ
624 1791 846 1832 Φιλίππου
884 1789 1240 1860 τριςκαιδέκατον
1279 1784 1492 1854 ἐπόμπευε
1524 1788 1575 1825 10

112 1845 348 1899 θεοπρεπες
393 1847 599 1893 εἴδωλον
652 1845 906 1899 σύνθρονον
952 1845 1111 1890 ἑαυτὸν
1154 1840 1492 1892 ἀποδεικνύντος

112 1909 195 1949 τοῦ
223 1901 443 1972 βασιλέως
460 1907 552 1953 τοῖς
581 1901 751 1946 δώδεκα
779 1907 915 1954 θεοῖς.

227 1963 320 2004 Τοῦ
350 1959 396 2002 δὲ
425 1957 617 2013 θεάτρου
647 1959 958 2030 πληρωθέντος
989 1955 1120 2009 αυτὸς
1146 1955 1169 2000 6
1194 1959 1409 2007 Φίλιππος
1424 1953 1492 2012 ἥει
1519 1957 1576 1996 9,

112 2016 272 2062 λευκὸν
310 2016 420 2086 ε’χων
451 2016 626 2070 ἱμάτιον
655 2017 728 2060 καὶ
756 2014 1049 2071 προςτεταχώς
1077 2014 1179 2064 τοὺς
1211 2012 1493 2069 δορυφόρους
1525 2012 1576 2054 15

113 2090 286 2132 μακραν
320 2072 573 2143 αφεστῶτας
612 2071 693 2129 ἀφ’
726 2073 887 2116 ἑαυτου
918 2076 1289 2116 συνακολουθεῖν·
1332 2070 1491 2112 ἐνεδεί-

111 2148 247 2176 κνυτο
266 2131 349 2187 γὰρ
368 2134 500 2173 πᾶσιν
530 2129 597 2173 ότι
624 2129 894 2199 τηρούμενος
921 2133 975 2186 τῇ
1004 2146 1133 2186 κοινη
1159 2145 1248 2171 των
1274 2125 1490 2182 Ελληνων

114 2187 266 2246 εὐνοίᾳ
304 2191 381 2243 τῆς
415 2190 504 2229 τῶν
521 2186 810 2256 δορυφόρων
843 2189 1042 2242 φυλακῆς
1080 2185 1164 2230 οὐκ
1204 2185 1287 2240 ε’χει
1325 2185 1488 2253 χρείαν.

113 2232 368 2315 τηλικαύτης
397 2241 442 2287 δ’
451 2241 609 2314 ούσης
638 2245 736 2297 περὶ
767 2243 902 2287 αὐτου
934 2243 1174 2298 υπεροχῆς,
1217 2242 1290 2284 καὶ
1315 2240 1493 2284 πάντων

115 2300 410 2346 ἐπαινούντων
445 2299 558 2356 ἅμα
573 2301 648 2344 καὶ
675 2300 1008 2357 μακαριζόντων
1037 2301 1116 2344 τόν
1145 2299 1308 2355 ἄνδρα,
1352 2296 1492 2351 παρά·
1523 2304 1576 2343 20

116 2469 172 2503 83.
224 2468 422 2512 μεταπέσοι
443 2469 553 2516 ποτὲ]
579 2469 760 2527 μεταπέσῃ
781 2484 868 2505 ποτε
891 2470 970 2504 FL:
994 2469 1215 2503 scribendum
1234 2467 1372 2501 videtur
1388 2477 1495 2509 μετα-

115 2519 262 2551 πεσοῖτο
444 2518 502 2551 88.
550 2515 727 2561 φρονεῖθ’
753 2514 1066 2564 νπερβαλλόμενοι
1090 2517 1383 2549 Rlnndomannns:
1415 2513 1449 2545 13}
1454 2511 1496 2544 vri

119 2566 288 2606 φρονεῖτε
311 2559 602 2619 υπερβαλὸμενοι
771 2564 826 2598 92
878 2565 1032 2598 θνατῶν
1056 2562 1139 2596 Ιὶοίε
1143 2563 1237 2595 kias:
1270 2560 1351 2593 limi
1375 2555 1496 2593 θανό-

117 2620 192 2642 των
365 2605 512 2656 Ἅιδας]
545 2608 654 2650 ‹imas-
676 2610 775 2643 libri:
807 2610 956 2643 conexit
982 2610 1254 2642 Rhodumannus
1436 2603 1494 2637 ¹95·

118 2653 272 2698 ἐφὲξῆς]
298 2652 379 2697 ἑξῆς
403 2656 486 2688 Bae.
669 2657 832 2699 συυεῖρε]
856 2659 1095 2699 προςσυνεῖρε
1119 2655 1179 2688 FL
1372 2651 1406 2685 5.
1439 2663 1493 2694 γι-

119 2714 209 2745 vop-‚-
203 2701 301 2743 ἕνης]
326 2700 520 2744 γενομένης
543 2702 645 2736 Basa
670 2704 792 2735 eadem
817 2714 885 2735 0111.
911 2703 1059 2736 alterum
1084 2704 1166 2739 ταῖς

210 2746 290 2782 153.
315 2746 347 2781 7.
395 2747 596 2791 περιττως]
625 2748 709 2791 περὶ
730 2762 775 2782 τα
805 2749 884 2783 Risu
942 2749 1084 2791 „voluit
1108 2743 1292 2790 περιττάῆ
1297 2744 1430 2775 ‘WES
1422 2753 1495 2775 ςΕῑι.

301 2792 358 2827 lo.
405 2792 635 2840 θεοπρεπες]
660 2793 858 2840 διαπρεπὲς
876 2773 914 2838 Q
1099 2792 1156 2828 18.
1206 2790 1300 2837 ἔχει]
1328 2789 1396 2833 ἓῖκὲ
1420 2790 1451 2831 Q
