1820 3249
538 160 658 213 Lm
688 163 779 206 XX.
839 163 973 206 cAP.
1003 166 1073 209 37.
1101 167 1171 209 38.
1435 170 1546 211 1489

164 268 382 333 Ἑλλήνων
409 274 611 320 ευνοιαν
640 274 730 319 ἐπεὶ
759 274 806 319 ὁε
835 276 880 318 οἷ
909 274 1260 346 Πελοποννήσιοι
1287 278 1548 332 συνταξάμε-
1579 284 1631 325 45

170 342 243 377 νοτ
278 332 544 402 χορηγήσειν
576 336 698 376 σῖτον
734 332 808 375 καὶ
849 331 1044 404 χρήματα
1074 335 1165 376 τῶν
1201 330 1548 402 ωμολογημέι·ων

171 390 302 434 οὐδὲν
343 390 653 440 συνετέλουν,
661 386 964 459 ἀγανακτήσας
1001 388 1042 433 6
1062 387 1277 461 δυνάστης
1318 392 1429 460 πρὸς
1469 391 1517 445 μὲ
1503 408 1549 434 ν

172 446 463 502 Κάσσανδρον
492 445 666 514 εἰρήνην
693 444 952 506 ἐποιήσατο,
984 443 1091 489 καθ’
1120 444 1178 504 ἢν
1207 445 1437 504 ἑκατέρους
1463 448 1549 490 ε’ὸει

170 503 393 556 κυριεύειν
429 506 518 545 τῶν
554 499 725 544 πόλεων
764 503 827 545 ὠν
866 500 1001 557 εἶχον·
1042 500 1124 558 τῆν
1161 501 1208 546 δὲ
1236 506 1447 546 Σικυῶνα
1475 505 1548 546 καὶ

170 559 400 613 Κόρινθον
429 556 781 612 ἀσφαλισάμενος
810 561 992 614 φρουρᾷ
1027 558 1179 614 διῆρεν
1212 560 1271 609 εἰς
1300 576 1379 615 την
1406 562 1544 615 Αἴγυ-
1576 564 1628 604 50

168 620 300 665 πτῡν.
338 615 438 671 ἅμα
467 616 512 659 δὲ
548 613 721 665 τούτοις
749 615 1061 685 πραττομένοις
1073 616 1346 686 Κλεοπάτρα
1374 620 1436 676 τῷ
1465 618 1544 671 μὲν

163 671 391 730 Ἀντιγόνῳ
426 670 784 726 προςκόπτουσα,
827 676 879 729 τῇ
911 670 956 715 δ’
990 671 1150 725 αἱρέσει
1177 674 1286 727 πρός
1321 672 1399 715 τόν
1430 677 1544 716 Πτο-

165 731 347 783 λεμαῖον
386 727 704 780 ἀποκλίνουσα,
743 732 934 787 προῆγεν
963 728 1009 772 ἐκ
1036 727 1274 782 Σάρδεων,
1310 746 1369 779 ως
1399 731 1541 772 διακο

166 784 466 841 μισθησομένη
496 785 605 839 πρὸς
643 784 823 828 ἐκεῖνον.
881 788 937 840 ῆν
967 784 1013 828 δὲ
1049 783 1214 840 άδελφῆ
1243 785 1321 854 μὲν
1346 783 1542 837 Ἀλεξάν-

165 843 278 894 ’δρου
315 846 396 885 τοῦ
436 842 608 895 Πέρσας
644 842 1105 911 καταπολεμήσαντος,
1141 840 1342 911 θυγάτηρ
1383 842 1429 885 δε
1467 845 1541 885 Φι-
1572 844 1624 886 55

165 900 329 942 λίππου
357 902 439 942 τοῦ
465 896 704 951 Ἀμύντου,
734 898 846 953 γυιὴ
876 899 921 941 δὲ
951 897 1212 954 γεγενημένη
1240 902 1322 942 τοῦ
1350 899 1410 949 εἰς
1431 896 1540 941 Ἰτα-

165 955 266 997 λίαν
304 954 649 1009 στρατεύσαντος
687 952 988 1008 Ἀλεξάνδρου.
1048 955 1119 998 δια
1151 971 1240 1026 την
1281 954 1541 1010 ἐπιφάνειαν

165 1013 250 1054 ούν
278 1014 358 1054 τοῦ
385 1012 541 1066 γένους
570 1013 614 1053 οἱ
641 1012 738 1064 περὶ
768 1011 1063 1063 Κάσσανδρον
1092 1010 1162 1053 καὶ
1194 1013 1447 1080 Λυσίμαχον
1481 1012 1540 1055 ε’τι

165 1067 214 1110 δὲ
250 1065 497 1137 Ἀντίγονον
536 1067 608 1109 καὶ
645 1070 920 1121 Πτολεμαῖον
959 1068 1032 1110 καὶ
1066 1065 1264 1111 καθόλου
1301 1067 1459 1119 πάντες
1487 1070 1542 1116 ns

164 1138 270 1192 μετα
289 1123 377 1179 τὴν
403 1122 691 1176 Ἀλεξάνδρου
726 1122 926 1178 τελευτὴν
964 1121 1301 1191 ἀξιολογώτατοι
1329 1128 1418 1167 τῶν
1447 1141 1539 1194 ηγε
1570 1128 1623 1168 60

163 1177 313 1235 μόνων
338 1179 501 1249 ταύτην
527 1177 819 1246 ἐμνήστευον.
835 1179 1016 1228 ἕκαστος
1044 1178 1137 1249 γὰρ
1156 1180 1299 1237 τούτῳ
1328 1184 1389 1236 τῷ
1416 1181 1539 1238 γάμῳ

164 1236 584 1302 συνακολουθήσειν
597 1235 864 1287 Μακεδόνας
899 1236 1080 1288 ἐλπίζων
1109 1234 1325 1305 άντείχετο
1347 1241 1430 1306 τῆς
1464 1241 1539 1293 βα-

163 1296 330 1348 σιλικῆς
359 1295 519 1344 οἰκίας,
551 1289 612 1342 ὠς
637 1291 719 1347 τήν
748 1296 835 1335 τῶν
865 1291 981 1336 ὅλων
1013 1290 1149 1348 άρχην
1172 1291 1452 1365 περιστήσων
1480 1296 1541 1345 εἷς

165 1349 335 1392 ἑαυτόν.
393 1347 418 1392 6
448 1349 494 1392 δὲ
524 1347 777 1418 ἐπιμελητης
810 1353 898 1391 τῶν
927 1347 1140 1402 Σάρδεων
1169 1348 1276 1404 ε’χων
1304 1351 1540 1404 παράγγελ-
1571 1351 1625 1392 65

163 1422 225 1474 μα
253 1403 361 1459 παρ’
386 1403 642 1459 Ἀντιγόνου
665 1409 821 1477 τηρεῖν
857 1405 936 1461 τὴν
966 1403 1278 1459 Κλεοπάτραν,
1308 1408 1542 1450 διεκώλυεν

165 1460 297 1518 αὐτῆς
331 1479 412 1517 την
441 1462 615 1514 ἔξοδον·
657 1460 843 1514 ὕστερον
874 1463 920 1505 δὲ
947 1460 1264 1515 προςτάξαντος
1294 1466 1376 1505 τοῦ
1405 1462 1539 1506 δυνά-

165 1529 271 1562 στου
312 1519 384 1561 διά
415 1533 548 1561 τινων
581 1522 806 1572 γυναικῶν
836 1517 1168 1589 ἐδολοφόνησεν.
1225 1517 1250 1562 ὁ
1281 1517 1326 1562 δ’
1355 1517 1540 1589 Ἀντίγο-

163 1591 241 1626 νος
270 1573 325 1630 ού
356 1573 624 1631 βουλόμενος
651 1574 850 1629 λέγεσθαι
879 1573 977 1618 κατ’
1010 1574 1146 1618 αὐτοῦ
1171 1575 1274 1643 περὶ
1303 1578 1378 1630 τῆς
1405 1573 1537 1619 ἀναι-

165 1633 346 1685 ρέσεως,
387 1635 477 1674 τῶν
505 1635 728 1685 γυναικῶν
766 1648 886 1682 τινας
914 1629 1120 1675 ἐκόλασεν
1148 1648 1208 1682 ως
1239 1631 1541 1687 ἐπιβεβουλευ-
1569 1637 1624 1676 70

87 1689 290 1739 433κυίας
318 1687 391 1732 καὶ
419 1687 473 1732 τὰ
500 1688 599 1741 περὶ
620 1687 714 1746 τήν
743 1687 941 1755 έκφοραν
971 1690 1207 1743 βασιλικῶς
1236 1688 1538 1758 ἐφιλοκάλησε.

164 1744 426 1799 Κλεοπάτρα
463 1744 542 1800 μὲν
581 1746 665 1787 οὐν
704 1744 990 1800 περιμάχητος
1026 1745 1236 1800 γενομένη
1280 1744 1410 1814 παρὰ
1447 1750 1539 1796 τοῖς

163 1800 520 1856 ἐπιφανεστάτοις
547 1799 742 1857 ἡγεμόσι,
771 1801 858 1854 πρὸ
888 1805 967 1844 τοῦ
997 1805 1334 1859 συντελεσθῆναι
1361 1799 1440 1848 τόν
1467 1801 1540 1858 γά-

163 1873 250 1913 μον
274 1857 491 1927 τοιαύτης
508 1857 625 1911 ἔτυχε
653 1862 971 1927 καταστροφῆς.

274 1911 419 1968 Ἡμεῖς
451 1913 498 1956 δὲ
527 1912 828 1982 διεληλυθότες
856 1930 908 1957 τα
938 1930 1048 1958 κατα
1066 1913 1156 1986 τῆν
1180 1912 1327 1957 Ἀσίαν
1356 1914 1430 1957 καὶ
1459 1913 1539 1969 τὴν
1567 1918 1622 1958 75

163 1966 356 2041 Ἐ’λλάδα
374 1969 719 2040 μεταβιβάσομεν
747 1969 825 2013 τὸν
852 1969 986 2025 λόγον
1012 1970 1080 2014 ἐπὶ
1108 1989 1162 2014 τα
1191 1970 1301 2014 άλλα
1329 1971 1436 2026 μέρη
1464 1975 1539 2027 τῆς

167 2027 438 2094 οἰκουμένης
495 2027 604 2070 κατὰ
628 2026 711 2081 γὰρ
740 2027 820 2082 τῆν
850 2026 1021 2082 Λιβύην
1051 2029 1364 2097 Καρχηδονίων
1391 2027 1538 2082 έκπεμ-
1568 2031 1624 2070 38

163 2081 344 2133 ψάντων
385 2081 572 2137 δύναμιν
613 2082 693 2138 τήν
731 2083 1059 2155 προςαξομένην
1103 2101 1209 2134 τους
1245 2083 1539 2154 ἀφεστηκότας

163 2139 404 2210 Νομάδας,
438 2139 702 2194 Ἀγαθοκλῆς
739 2139 808 2183 επὶ
849 2140 928 2194 μὲν
970 2144 1051 2184 τοῦ
1101 2139 1294 2196 Τύνητος
1334 2139 1538 2184 άπέλιπεν
1568 2144 1621 2184 80

163 2192 438 2267 Ἀρχάγαθον
474 2195 552 2239 τὸν
589 2195 689 2239 υἱὸν
725 2194 830 2251 μετά
860 2197 1030 2266 μέρους
1054 2201 1128 2267 τῆς
1158 2201 1377 2251 στρατιᾶς,
1409 2195 1540 2248 αὐτὸς

168 2249 210 2295 δ’
241 2251 378 2297 α’ναλα
409 2252 471 2297 ὠν
490 2251 594 2303 τούς
617 2254 871 2306 κρατίστους
900 2252 1055 2305 πεζους
1082 2253 1161 2308 μὲν
1191 2252 1539 2309 ὀκτακιςχιλίους,

170 2309 312 2360 ἱππεῖς
347 2311 394 2352 δε
433 2308 739 2362 ὀκτακοσίους,
781 2311 905 2365 ζεύγη
949 2311 996 2353 δε
1041 2309 1220 2367 Λιβύων
1257 2325 1539 2366 πεντηκοντα,

170 2364 279 2409 κατὰ
308 2365 506 2423 σπουδήν
534 2364 825 2422 ἐπηκολούθει
859 2370 950 2418 τοῖς
979 2368 1213 2424 πολεμίοις
1270 2368 1313 2410 οἱ
1342 2368 1387 2411 δὲ
1415 2369 1538 2422 Καρ-

172 2566 230 2603 αθ.
245 2565 320 2612 τὴν
340 2573 410 2603 om.
433 2569 464 2603 F
643 2569 699 2605 54.
731 2569 798 2614 μεν
829 2582 898 2604 om.
923 2569 953 2605 F
1135 2569 1191 2606 61
1225 2567 1365 2615 τούτῳ]
1399 2567 1540 2605 τούτων

173 2614 286 2657 ἙΩΨ
466 2614 523 2649 66.
549 2615 766 2671 διεκώλυεν]
797 2616 1015 2652 διεκωλνσεν
1037 2615 1114 2651 Fw
1296 2617 1354 2652 68.
1387 2615 1457 2661 ου’]
1489 2612 1540 2659 μὴ

175 2659 206 2693 F
273 2663 276 2667 ’
371 2659 428 2694 69.
453 2657 683 2718 ἀναιρέσεως]
707 2662 878 2708 αιρέσεως
900 2663 947 2696 W

265 2705 344 2740 433.
380 2705 448 2752 75.
473 2707 781 2761 μεταβιβάσομεν]
807 2706 1070 2756 διαβιβάσομεν
1093 2707 1171 2742 Fw
1350 2707 1405 2741 ¹18.
1430 2718 1539 2749 προς-

178 2745 418 2831 αξομῐνᾶιν]
406 2753 509 2787 libri
552 2755 844 2800 προςδεξομὲνην
1071 2753 1128 2790 ¹29.
1172 2752 1363 2798 ἀπέλιπεν]
1404 2752 1542 2788 κατέλι

178 2809 241 2833 neu

1215 2849 1273 2888 95
