1820 3249
286 105 397 148 1092
666 102 781 145 LIB.
807 103 913 146 XVI.
952 104 1080 148 CAP.
1107 108 1175 151 54.
1196 107 1262 150 55.

199 223 253 263 10
280 213 491 272 πρέσβεις
507 213 839 268 ἀποστέλλοντες
868 216 936 261 ἐπὶ
964 216 1041 269 τάς
1068 215 1215 289 πόλεις
1242 217 1315 262 καὶ
1341 217 1644 270 παρακαλοῦν-

279 287 349 322 τες
377 277 523 328 τηρεῖν
549 273 629 327 τήν
659 273 927 329 αὐτονομίαν
954 276 1028 318 καὶ
1055 276 1157 325 τοὺς
1188 276 1258 318 ἐπὶ
1287 273 1366 331 τήν
1397 275 1642 327 προδοσίαν

281 327 507 384 ὁρμῶντας
533 334 620 372 τῶν
648 334 837 373 πολιτῶν
864 331 1043 390 θανάτῳ
1079 331 1292 384 κολάζειν·
1331 330 1641 386 ἐπηγγέλλοντο

281 385 327 428 δὲ
362 389 469 428 πᾶσι
507 386 821 442 συμμαχήσειν,
869 389 942 431 καὶ
971 377 1170 443 φανεραῖς
1200 389 1382 438 έαυτους
1409 387 1643 454 πολεμίους

279 440 575 493 ἀποδείξαντες
601 447 662 500 τῷ
691 445 859 498 βασιλεῖ
878 445 1157 499 διεπολέμουν
1174 445 1282 500 πρὸς
1302 447 1527 487 Φίλιππον.
1567 440 1643 496 μά-

199 502 252 542 15
280 502 401 541 λιστα
431 497 475 542 δ’
506 499 666 550 αὐτούς
685 500 907 553 παρώξυνε
930 506 1171 569 προστῆναι
1189 518 1264 558 της
1278 501 1482 549 Ελλάδος
1500 502 1644 553 Λημο-

280 555 439 624 σθένης
469 554 492 599 6
525 554 682 626 ῥήτωρ,
712 555 957 606 δεινότατος
987 556 1050 599 ων
1079 562 1167 599 τῶν
1193 557 1292 600 κατ’
1322 559 1512 605 ἐκείνους
1540 554 1644 604 τοὺς

278 611 464 681 χρόνους
494 610 849 668 Ελλήνων.οὐ
888 613 974 668 μὴν
1012 612 1038 669 ἡ
1069 614 1193 663 πόλις
1220 630 1267 668 γε
1296 613 1539 656 ἀναστεῖλαι
1566 615 1645 679 τῆς

280 669 350 711 ἐπὶ
378 666 458 724 τὴν
485 670 728 723 προδοσίαν
756 667 890 724 ὁρμῆς
904 668 1119 737 η’δυνήθη
1148 669 1249 720 τοὺς
1277 672 1469 719 πολίτας·
1501 665 1646 711 τοιαύ-

197 729 252 767 20
279 741 330 780 τη
368 724 488 797 φορά
526 742 590 775 τις
627 726 857 793 προδοτων
888 723 1048 780 ὑπῆρξε
1082 726 1177 769 τότε
1207 727 1315 769 κατά
1345 743 1424 782 την
1448 724 1645 767 Ελλάδα.

279 781 348 824 διὸ
377 783 450 824 καί
486 793 594 836 φασι
622 798 700 824 τον
731 783 948 825 Φίλιππον
968 783 1245 852 βουλόμενον
1275 783 1384 825 ἑλεῖν
1405 799 1501 824 τινα
1518 782 1645 823 πόλιν

277 836 508 909 ὀχυρότητι
541 838 854 908 διαφέρουσαν,
887 838 1083 889 εἰπόντος
1109 838 1229 889 τινός
1259 839 1377 894 αὐτῷ
1409 842 1494 880 τῶν
1522 838 1645 892 ἐγχω-

277 897 388 963 ρίων
417 892 641 937 ἀνάλωτον
671 893 811 950 αὐτὴν
840 895 886 937 ἐκ
915 897 1012 965 βίας
1039 895 1274 950 υπάρχειν,
1314 895 1617 950 ἐπερωτῆσαι
1609 893 1647 934 ει

278 948 380 993 οὐδ’
418 949 443 994 ὁ
482 950 641 1006 χρυσός
677 951 725 994 τό
756 955 893 1022 τεῖχος
920 950 1163 1022 ὑπερβῆναι
1193 951 1379 1002 δυνατός
1408 952 1533 993 ἐστιν.
1590 951 1647 1004 ἠν

196 1007 253 1050 25
279 1023 364 1061 γαρ
399 1011 555 1061 πεῖραν
591 1006 783 1077 εἰληφώς
805 1008 874 1051 ὅτι
901 1008 954 1051 τὰ
984 1014 1076 1059 τοῖς
1103 1008 1252 1058 ὅπλοις
1280 1007 1474 1051 ἀδύνατα
1503 1022 1647 1062 χειρω-

276 1067 412 1132 θῆναι
447 1068 508 1122 τῷ
545 1068 691 1139 χρυσῷ
732 1062 887 1122 ῥάδιόν
926 1065 1013 1108 ἐστι
1048 1069 1412 1120 καταπολεμῆσαι
1472 1063 1648 1118 ἐγκατα-

277 1109 500 1173 σκευάζων
537 1128 620 1164 οῦν
658 1121 706 1164 ἐν
747 1126 841 1172 ταῖς
877 1119 1029 1165 πόλεσι
1065 1121 1284 1176 προδότας
1311 1122 1382 1164 δια
1410 1124 1485 1176 τῆς
1513 1122 1648 1172 δωρο-

278 1178 451 1229 δοκίας,
489 1178 563 1221 καὶ
589 1177 693 1228 τούς
726 1177 983 1234 δεχομένους
1010 1179 1059 1221 τὸ
1087 1180 1269 1234 χρυσίον
1298 1179 1446 1229 ξένους
1476 1178 1550 1243 καὶ
1565 1176 1649 1245 φί-

276 1236 381 1283 λους
409 1232 649 1303 ὀνομάζων,
678 1239 770 1286 ταῖς
800 1240 1010 1292 πονηραῖς
1037 1235 1224 1291 ὁμιλίαις
1243 1234 1462 1291 διέφθειρε
1480 1234 1532 1276 τὰ
1558 1231 1649 1288 ἤθη

197 1294 251 1333 30
280 1293 369 1333 τῶν
397 1287 662 1345 ἀνθρώπων.

195 1349 254 1389 55
391 1349 517 1390 Μετὰ
556 1348 602 1391 δὲ
633 1346 714 1404 τὴν
743 1346 908 1392 άλωσιν
943 1353 1019 1406 τῆς
1043 1346 1262 1393 Ὀλύνθου
1284 1345 1499 1404 Ὀλύμπια
1525 1343 1650 1416 ποιή-

283 1412 362 1454 σας
388 1408 480 1455 τοῖς
507 1409 628 1456 θεοῖς
647 1405 836 1448 ἐπινίκια
855 1411 1190 1462 μεγαλοπρεπεῖς
1210 1407 1367 1455 θυσίας
1394 1402 1650 1447 συνετέλεσε.

280 1459 529 1529 πανήγυριν
559 1461 605 1505 δε
633 1461 824 1532 μεγάλην
853 1464 1176 1533 συστησάμενος
1204 1464 1277 1506 καὶ
1299 1459 1526 1516 λαμπρους
1541 1459 1651 1514 ‘3703-

198 1518 252 1561 35
281 1531 360 1566 νας
388 1515 581 1586 ποιήσας
616 1518 807 1570 πολλοὺς
843 1523 932 1563 τῶν
961 1519 1290 1588 ἐπιδημούντων
1316 1518 1450 1570 ξένων
1479 1517 1546 1560 ἐπὶ
1575 1515 1653 1566 τοὶς

280 1571 488 1624 εστιάσεις
522 1574 841 1643 παρελάμβανε.
898 1577 1016 1632 παρὰ
1054 1577 1101 1621 δὲ
1139 1576 1243 1639 τοὺς
1280 1575 1441 1624 πότους
1469 1577 1652 1622 πολλαῖς

281 1629 470 1684 ὁμιλίαις
499 1630 733 1702 χρώμενος,
760 1633 834 1676 καὶ
861 1638 1038 1684 πολλοῖς
1066 1634 1144 1688 μὲν
1161 1631 1348 1702 ποτήρια
1374 1631 1524 1680 διδους
1541 1645 1651 1673 κατα

281 1685 358 1737 τὰς
388 1686 647 1741 προπόσεις,
679 1705 762 1731 ουκ
792 1688 955 1759 ὀλίγοις
984 1690 1031 1733 δὲ
1060 1689 1223 1744 δωρεὰς
1253 1687 1507 1743 άπονέμων,
1546 1690 1652 1728 πᾶσι

282 1742 328 1786 δὲ
357 1743 542 1798 μεγάλας
570 1744 821 1799 ἐπαγγελίας
850 1744 1104 1816 εὐχρήστως
1127 1745 1414 1800 ποιούμενος,
1462 1741 1653 1792 πολλοὺς

200 1801 255 1845 40
285 1799 404 1854 ἔσχεν
438 1799 710 1856 ἐπιθυμητας
747 1806 822 1857 τῆς
857 1803 969 1857 πρὸς
1003 1802 1138 1846 αὐτὸν
1168 1804 1337 1870 φιλίας.
1387 1801 1461 1844 καὶ
1490 1797 1649 1868 δήποτ’

285 1855 333 1899 ἐν
376 1859 437 1913 τῷ
476 1859 702 1927 συμπρσίῳ
740 1858 1012 1928 κατανοήσας
1047 1858 1256 1912 Σάτυρον
1293 1857 1371 1901 τὸν
1409 1854 1652 1910 υποκριτήν

286 1900 553 1984 σκυθρωπὸν
572 1912 715 1983 ἤρετο
754 1914 825 1958 δια
859 1917 899 1958 τί
935 1914 1071 1971 μόνος
1096 1915 1229 1959 οὐδὲν
1257 1914 1373 1968 άξιοῖ
1397 1916 1653 1983 μεταλαβεῖν

285 1972 361 2024 τῆς
388 1967 493 2024 παρ’
525 1967 665 2013 αὐτοῦ
693 1975 1049 2027 φιλανθρωπίας·
1079 1976 1162 2015 τοῦ
1181 1970 1221 2015 δ’
1245 1971 1442 2022 εἰπόντος
1461 1970 1528 2015 ὅτι
1549 1969 1653 2025 βού-

202 2028 257 2072 45
287 2029 405 2068 λεται
439 2024 541 2080 παρ’
584 2024 723 2070 αὐτοῦ
733 2034 901 2097 τυχεῖν
936 2046 1056 2080 τινος
1094 2031 1280 2082 δωρεᾶς,
1325 2027 1563 2072 δεδοικέναι
1605 2026 1653 2068 δὲ

284 2081 448 2152 μήποτε
473 2082 669 2153 δηλώσας
696 2083 777 2139 τὴν
805 2084 1212 2156 προκεχειρισμένην
1230 2085 1416 2136 ἔντευξιν
1444 2081 1652 2138 άποτυχῃ,
1719 2090 1723 2091 ’

287 2137 311 2181 6
342 2139 428 2208 μὲν
450 2139 651 2209 βασιλευς
679 2142 912 2198 περιχαρής
942 2143 1177 2212 γενόμενος
1203 2140 1534 2211 διεβεβαιώσατο
1564 2144 1728 2183 πᾶν125

286 2193 325 2247 ὅ,
330 2211 371 2238 τι
401 2193 457 2239 ἂν
486 2194 640 2265 αξτήσν]
671 2200 956 2252 χαρίσασθαι·
1010 2197 1033 2242 ὁ
1063 2197 1103 2242 δ’
1136 2203 1256 2241 εἰπεν
1286 2197 1350 2240 ὅτι
1381 2197 1507 2249 ξένου
1536 2195 1654 2246 τινός

287 2250 448 2295 εαυτοῦ
478 2250 559 2295 δύο
588 2253 802 2307 παρθένοι
830 2271 910 2309 την
938 2253 1110 2314 ἡλικίαν
1139 2254 1312 2323 ἔχουσαι
1340 2254 1482 2311 γάμρυ
1501 2252 1654 2308 τυγχά-

207 2311 261 2355 50
289 2319 446 2352 νουσιν
481 2308 529 2352 ἐν
563 2314 657 2360 ταῖς
687 2312 970 2382 αἰχμαλώτοις
997 2315 1147 2355 οὐσαι·
1198 2310 1357 2361 ταύτας
1387 2313 1468 2354 οὐν
1497 2310 1652 2366 βούλε-

289 2369 396 2409 σθαι
422 2368 584 2422 λαβεῖν,
615 2365 696 2424 οὐχ
728 2369 800 2411 ἱνα
829 2368 1094 2413 λυσιτέλειάν
1113 2383 1210 2411 τινα
1231 2368 1561 2424 περιποιήσηται
1583 2383 1654 2410 τυ-

287 2534 346 2569 10.
393 2533 456 2570 καὶ
476 2546 528 2570 πα
531 2540 656 2580 ρακαλ.
666 2539 679 2582 ]
712 2543 892 2594 παρακαλ.
915 2540 1010 2574 FLT
1032 2540 1113 2574 Bas
1311 2539 1367 2574 19.
1413 2536 1567 2584 τοιαύτη
1590 2538 1652 2572 FL

288 2581 385 2624 Bas„
411 2582 538 2616 caeteri
559 2584 687 2618 addunt
709 2584 799 2630 γάρ,
823 2587 914 2629 quod
936 2587 1100 2621 asterisco
1123 2584 1256 2620 notavit
1278 2585 1472 2641 Stephanus

291 2628 349 2662 22.
393 2624 496 2669 τινὰς
519 2627 649 2685 αυτῷ]
667 2631 805 2665 inv-enit
828 2634 857 2666 F
1035 2633 1092 2667 24.
1141 2635 1274 2678 πεῖραν
1302 2629 1483 2689 εἰληφώς]
1514 2630 1652 2665 invertit

291 2673 322 2708 F
503 2674 560 2710 39.
607 2674 830 2722 εὐχρήστως]
865 2675 1052 2724 ἀχρήστως
1075 2680 1103 2713 L
1286 2679 1343 2712 41.
1389 2677 1453 2713 τὸν
1477 2690 1545 2714 om.
1568 2678 1650 2711 Bas.

380 2741 460 2777 125
492 2742 549 2778 47.
596 2741 618 2779 δ’
619 2745 685 2789 m]
711 2741 799 2793 ὅπερ
823 2747 882 2782 FL
1063 2747 1119 2782 48.
1165 2745 1223 2783 ὅτι
1246 2758 1314 2782 om.
1339 2748 1400 2781 FL
1426 2748 1505 2783 Bas.
