1820 3249
335 182 448 223 1158
694 180 1357 227 LIB.le1.cAP.24.25.

339 291 514 364 η’ργονν
536 291 618 362 γὰρ
649 291 798 345 αὐτοῖς
829 295 873 337 οῖ
902 292 985 338 ἀπὸ
1016 298 1105 338 τῶν
1132 298 1286 350 τειχῶν
1309 292 1718 364 συναγωνιζόμενοι,

344 351 417 392 καὶ
444 354 533 400 τοῖς
564 348 784 420 ὀξυβελέσι
814 351 1096 402 καταπέλταις
1126 351 1205 402 οὓς
1235 351 1313 406 μὲν
1344 349 1600 394 απέκτεινον
1635 356 1722 394 τῶν

346 408 563 460 πολεμίων
589 406 666 457 οὓς
698 407 744 450 65
774 410 1126 461 κατετίτρωσκον.
1177 407 1290 478 ὁμοῦ
1322 408 1368 451 65
1399 409 1448 451 αι’
1472 424 1516 451 τε
1546 408 1722 464 σάλπιγ-

345 479 415 518 γες
455 461 686 518 ἐσήμαινον
725 464 832 518 παρ’
863 463 1130 520 ἀμφοτέροις
1164 465 1215 509 τὸ
1251 463 1488 535 πολεμικὸν
1524 466 1597 508 καὶ
1639 464 1722 520 βοὴ

347 521 621 575 πανταχόθεν
653 520 837 575 ἐγίνετο,
880 520 1369 590 συνεπισημαινομένων
1399 525 1488 565 τῶν
1518 532 1725 572 στρατιω-

262 584 317 622 20
346 580 434 619 τῶν
473 576 550 628 τοὶς
585 576 693 632 παρ’
729 578 943 632 ἑκατέρων
981 576 1294 648 ἀνδραγαθίας.
1351 579 1394 623 οἱ
1423 578 1502 634 μὲν
1529 594 1615 648 γαρ
1645 577 1726 633 τήν

347 633 408 677 ἐν
423 637 517 684 ταῖς
543 640 754 690 μηχαναῖς
784 635 1020 704 αἰρομένην
1057 636 1117 685 εἰς
1145 634 1262 686 ὕψος
1291 634 1436 691 φλόγα
1464 634 1724 686 κατέπαυον,

349 706 393 733 οι
431 687 474 733 δ’
515 691 574 741 εἰς
610 695 753 759 χεῖρας
770 690 1142 759 *συμπλεκόμενοι
1179 692 1322 735 πολύν
1359 692 1539 735 ἐποίουν
1568 690 1728 747 φόνον,

349 744 475 790 ἄλλοι
504 744 545 790 δ’
578 746 699 798 ἐντὸς
726 751 815 790 τῶν
843 746 1090 794 πιπτόντων
1108 751 1260 804 τειχῶν
1280 745 1659 818 ἄντῳκοδόμουν’
1645 748 1726 792 ε’-τε

264 806 319 851 25
350 820 406 858 ρα
433 804 548 859 τείχη
576 803 690 847 πολυ
720 808 809 847 τῶν
837 803 1213 860 προϋπαρχόντων
1241 803 1461 873 βαρύτερα
1475 810 1569 856 ταῖς
1589 819 1729 859 παρα

349 865 536 910 σκευαῖς.
594 863 684 903 τῶν
713 859 752 903 δ’
784 861 1010 930 ἡγεμόνων
1039 865 1127 904 τῶν
1155 861 1252 915 περὶ
1280 860 1360 904 τόν
1387 863 1602 932 Μέμνονα
1624 878 1727 916 προ-

346 913 713 966 κινδυνευόντων,
742 919 817 960 καὶ
836 916 1025 974 μεγαλας
1045 916 1260 961 διδόντων
1273 916 1439 988 δωρεας
1457 922 1548 968 τοῖς
1568 916 1727 972 ανδρα-

347 977 580 1029 γαθοῦσιν,
610 972 932 1047 ανυπέρβλητος
962 976 1187 1044 φιλοτιμία
1215 971 1323 1028 παρ’
1351 972 1615 1044 αμφοτέροις
1644 974 1728 1045 ἐγί-

347 1045 446 1073 νετο
492 1030 592 1084 περὶ
635 1034 711 1102 τῆς
744 1033 878 1088 νίκης.
945 1030 1014 1076 διὸ
1056 1032 1131 1075 καὶ
1166 1034 1314 1102 παρῆν
1355 1028 1466 1085 ὁρᾶν
1503 1030 1610 1083 τούς
1647 1030 1727 1087 μὲν

263 1092 319 1132 30
347 1085 596 1142 τραύμασιν
632 1086 844 1140 ἐναντίοις
881 1089 1217 1140 περιπίπτοντας
1245 1087 1319 1132 καὶ
1346 1087 1457 1131 κατὰ
1491 1103 1570 1139 τας
1605 1091 1729 1132 λιπο-

346 1144 507 1198 ψυχίας
535 1143 897 1214 ἀποφερομένους
934 1144 983 1189 ἐκ
1014 1150 1091 1201 τῆς
1120 1162 1281 1201 μαχης,
1323 1143 1426 1196 τούς
1456 1144 1503 1188 65
1530 1145 1729 1200 περιβαί-

347 1215 507 1252 νοντας
545 1199 599 1243 τὰ
629 1201 843 1245 πίπτοντα
871 1200 1049 1258 σώματα
1079 1203 1152 1246 καὶ
1182 1203 1281 1256 περὶ
1308 1204 1384 1257 τῆς
1410 1199 1580 1244 τούτων
1610 1201 1730 1244 ἀναι-

348 1256 505 1327 ρέσεως
533 1256 750 1313 μεγάλους
775 1257 949 1315 οἷγωνας
978 1259 1355 1330 συνισταμένους,
1386 1256 1546 1310 ἅλλους
1577 1258 1625 1302 65
1655 1258 1728 1302 δια

348 1313 430 1384 τὴν
457 1311 728 1386 υπερβολὴν
734 1332 824 1359 των
854 1317 1012 1360 δεινων
1040 1315 1293 1366 ἐνδιδόντας
1325 1312 1435 1386 ἤδη,
1453 1331 1525 1358 και
1559 1314 1630 1358 διὰ
1653 1318 1729 1370 τῆς

265 1369 320 1414 35
349 1369 438 1414 νπό
476 1374 566 1414 τῶν
593 1369 821 1428 ἡγεμόνων
847 1371 1156 1428 παρακλήσεως
1186 1372 1318 1415 παλιν
1347 1371 1627 1426 θαρροῦντας
1655 1372 1730 1432 καὶ

349 1443 541 1482 νεαρους
568 1433 662 1479 ταῖς
680 1433 851 1499 ψυχαῖς
878 1429 1152 1485 γινομένους.
1209 1428 1330 1479 τέλος
1360 1428 1406 1471 65
1434 1427 1546 1482 πρὸς
1575 1427 1727 1480 αὐταῖς

349 1488 447 1535 ταῖς
477 1483 636 1536 πύλαις
664 1484 820 1530 ἔπεσόν
849 1502 964 1538 τινες
991 1489 1081 1530 τῶν
1110 1483 1404 1536 Μακεδόνων,
1433 1485 1508 1528 καὶ
1536 1483 1619 1528 σὺν
1651 1483 1726 1528 αὐ-

349 1545 444 1592 τοῖς
490 1539 797 1612 Νεοπτόλεμος
840 1540 1039 1615 ηγεμεόν,
1089 1541 1202 1599 ανὴρ
1243 1539 1470 1611 ἐπιφανής.
1537 1557 1643 1597 μετα
1683 1542 1730 1585 65

265 1599 321 1644 40
350 1601 489 1641 ταῦτα
510 1597 591 1641 δύο
611 1598 690 1654 μὲν
707 1598 888 1670 πύργων
907 1602 967 1651 εἰς
987 1600 1151 1654 ἔδαφος
1162 1597 1495 1669 καθῃρημένων
1512 1599 1585 1642 καὶ
1603 1600 1732 1642 δυοῖν

348 1656 657 1710 μεσοπυργίων
685 1655 980 1711 ἐρριμμένων,
1015 1660 1104 1700 τῶν
1130 1655 1207 1711 μὲν
1238 1656 1489 1709 Περδίκκου
1519 1667 1732 1709 στρατιω-

347 1714 437 1754 τιδν
479 1727 593 1763 τινες
635 1714 928 1768 μεθυσθέντες
976 1728 1201 1767 προπετως
1240 1710 1399 1763 νυκτὸς
1435 1710 1731 1781 προςέβαλλον

345 1772 438 1819 τοῖς
465 1784 543 1839 της
571 1765 850 1824 ἀκροπόλεως
877 1770 1171 1825 τείχεσιν·οί
1200 1768 1246 1812 65
1273 1768 1371 1822 περὶ
1405 1767 1484 1811 τὸν
1512 1768 1733 1822 Μέμνονα

349 1825 673 1894 συννοήσαντες
690 1828 770 1881 τὴν
788 1825 989 1880 απειρίαν
1005 1830 1094 1869 τῶν
1113 1823 1522 1896 προςβαλλόντωνΛ
1526 1825 1601 1868 καὶ
1619 1825 1732 1878 ἐπεξ-

265 1881 321 1925 45
350 1879 553 1932 ελθόντες
590 1882 666 1925 καὶ
709 1886 772 1941 τῷ
808 1882 968 1956 πλήθει
1010 1881 1134 1953 woh)²
1163 1881 1446 1952 προέχοντες,
1494 1882 1730 1937 ἐτρέψαντο

347 1953 454 1989 τους
483 1927 754 1990 Μακεδόνας
781 1940 853 1983 καὶ
882 1939 1072 1991 πολλοὺς
1109 1938 1321 2012 ἀνῄρουν
1381 1939 1656 2009 γνωσθέντος
1685 1939 1733 1983 65

348 1997 431 2038 τοῦ
461 1995 787 2065 συμβεβηκότος
823 1996 1093 2067 ἐξεβοήθουν
1123 1996 1278 2040 πολλοὶ
1307 1999 1397 2039 τῶν
1424 1994 1727 2064 Μακεδόνων·

347 2051 422 2095 καὶ
452 2051 639 2122 μεγάλης
663 2070 803 2123 μαχης
819 2052 1071 2123 γενομένης,
1096 2053 1171 2097 καὶ
1202 2057 1292 2097 τῶν
1319 2052 1416 2106 περὶ
1438 2052 1515 2095 τὸν
1539 2051 1728 2104 Ἀλέξαν-
1744 2055 1809 2089 179

349 2108 460 2162 δρον
488 2107 813 2179 ἐπιφανέντων,
854 2111 897 2154 οι
925 2110 1014 2181 μὲν
1035 2110 1200 2164 Πέρσαι
1217 2108 1483 2180 βιασθέντες
1512 2111 1734 2153 συνεκλεί-

266 2162 320 2206 50
351 2169 524 2221 σθησαν
553 2167 613 2216 εἰς
640 2182 721 2222 την
749 2165 891 2219 πόλιν,
918 2165 942 2211 ὁ
975 2166 1021 2210 65
1050 2166 1256 2225 βασιλεὺς
1280 2182 1387 2216 τους
1412 2164 1624 2217 πεσόντας
1645 2164 1730 2220 πρὸ

347 2225 431 2266 τοῦ
458 2222 627 2278 τείχους
654 2222 924 2275 Μακεδόνας
954 2222 1407 2281 διακηρυκευσάμενος
1437 2221 1598 2280 ᾔτησεν
1625 2238 1733 2267 υπο-

263 385 313 425 15

258 442 315 482 25

346 2369 404 2407 15.
450 2368 688 2417 α’πέκτεινον]
724 2369 925 2408 απέκτενον
947 2372 995 2407 F:
1031 2373 1125 2407 conf.
1148 2372 1236 2417 adp
1240 2372 1330 2406 ..21
1354 2371 1431 2416 14„
1457 2370 1518 2406 ubi
1542 2372 1634 2415 quod
1658 2374 1733 2406 erat

347 2413 581 2462 οἷπέκταινον,
606 2419 638 2452 ei
661 2420 906 2453 conferendum
930 2420 1182 2455 κατακταίνων
1204 2419 1293 2462 apud
1312 2420 1462 2453 Leonem
1480 2431 1512 2462 p.
1531 2418 1588 2452 97.
1614 2418 1648 2451 8.
1674 2419 1729 2452 ed.

347 2462 459 2496 Bonn.
601 2465 657 2499 17.
708 2461 825 2510 ομοῦ]
855 2464 954 2509 ὅμως
977 2465 1008 2499 F
1146 2465 1202 2500 19.
1251 2477 1318 2504 τας
1342 2483 1385 2489 --
1410 2462 1667 2508 ἀνδραγαθίας
1690 2464 1730 2503 L,

346 2508 476 2543 caeteri
498 2511 580 2551 ταῖς
596 2529 641 2536 ·—
662 2508 936 2557 ἄνδραγαθίαις
1094 2512 1152 2545 21.
1200 2509 1427 2554 αἰρομένην]
1451 2510 1676 2555 αἱρουμένην
1701 2510 1730 2542 F

530 2555 569 2591 δ’
601 2557 631 2590 F
813 2558 870 2593 23.
917 2555 1150 2601 πιπτόντων]
1184 2556 1428 2592 πεπτωκότων
1459 2558 1488 2590 F
1672 2555 1729 2589 25.

344 2603 612 2646 παρασκευαῖς]
639 2602 749 2638 immo
772 2607 1017 2644 κατασκευαῖς
1182 2604 1239 2637 26.
1290 2602 1494 2646 διδόντων]
1520 2599 1729 2638 διαδόντων

344 2647 386 2688 L,
413 2647 663 2685 διαδιδόντων
687 2651 720 2684 F
897 2651 949 2684 δω
953 2662 1038 2694 ρεας
1062 2653 1140 2693 post
1162 2648 1320 2694 μεγάλας
1343 2649 1439 2693 ponit
1463 2649 1493 2682 F
1671 2647 1728 2682 28.

343 2691 522 2751 ἐγίγνετο
528 2696 559 2729 F
743 2695 803 2731 3⁰.
848 2697 1073 2741 λιποψυχίας
1095 2696 1136 2737 F,
1160 2697 1288 2729 caeteri
1311 2695 1555 2740 λειποψυχίας

343 2740 402 2775 34,
449 2737 523 2776 υπὸ
548 2752 616 2776 om.
643 2741 726 2776 Bas.
918 2741 976 2777 40.
1025 2743 1156 2785 δυοῖν]
1191 2743 1294 2777 δυεῖν
1319 2744 1347 2776 L
1540 2741 1615 2775 ταῖν
1637 2737 1728 2784 μὲν]

340 2787 416 2822 τῶν
439 2787 562 2831 μερῶν
585 2784 652 2832 μὲν
675 2788 744 2823 τοῦ
767 2788 801 2822 X
988 2788 1046 2823 45.
1093 2787 1325 2834 προέχοντες]
1355 2786 1584 2834 περιέχοντες
1607 2786 1635 2820 L

432 2832 634 2880 ἐτρέψαντο
661 2853 704 2859 -
727 2833 791 2870 καὶ
818 2844 890 2869 om.
913 2835 956 2881 F,
983 2833 1143 2882 ἔτρεψαν
1166 2836 1249 2870 Bas.
