1820 3249
447 144 697 186 LlB.XV1.
759 143 989 187 CAR-46
1017 144 1448 189 47.1085

90 261 152 311 είς
169 258 249 316 τὴν
266 254 565 325 παρασκευην,
603 254 743 298 πάντα
771 255 850 310 μὲν
876 253 930 298 τοὶ
958 253 1149 309 στόματα
1176 257 1255 298 τοῦ
1284 256 1448 299 Νείλου

91 320 230 368 καλῶς
247 312 598 362 κατεσκευακότες
610 311 818 373 ύπῇρχον,
835 311 1017 366 μάλιστα
1032 312 1078 354 δὲ
1094 310 1143 354 τὸ
1161 311 1272 365 πρὸς
1289 317 1348 384 τῷ
1362 316 1450 367 Πη-

92 375 255 443 λουσίῳ
282 370 353 415 διὰ
375 369 423 413 τό
448 372 622 422 πρῶτον
647 374 757 411 ειναι
783 371 912 411 τοῦτο
939 368 1011 411 καὶ
1040 365 1224 422 μάλιστα
1251 356 1450 423 κείμενον

91 428 314 483 εὐκαίρως.
370 423 621 482 ἐφρούρουν
659 424 705 468 δὲ
743 424 792 468 τὸ
828 425 987 479 χωρίον
1016 427 1271 479 στρατιῶται
1299 440 1446 468 πεντα-
1478 428 1529 470 15

91 487 287 539 κιςχίλιοι
314 484 658 552 στρατηγοῦντῡς
687 484 767 525 (DLA
756 479 966 537 όφρονος
993 485 1073 525 τοῦ
1103 482 1450 537 στρατηγοῦ.οῖ

91 541 137 584 δε
168 543 350 610 Θηβαῖοι
379 539 635 590 σπεύδοντες
665 537 833 593 ἄριστοι
837 541 1047 608 φανῆναι
1063 541 1149 580 τῶν
1169 549 1450 592 συστρατευο

88 597 232 652 μένων
254 595 481 650 Ελλήνων,
505 600 669 647 πρῶτοι
688 596 762 638 καὶ
789 593 919 650 μόνοι
949 593 1020 637 διοέ
1051 598 1209 662 στενῆς
1229 610 1347 645 τινος
1376 593 1450 636 καὶ

91 653 269 721 βαθείας
298 651 511 723 διώρυγος
540 651 775 707 ἐτόλμησαν
804 654 1010 720 διαβῆναι
1038 649 1310 716 παραβόλως.
1359 651 1448 693 δια·
1477 655 1531 695 20

89 707 259 764 βάντων
287 706 328 752 δ’
361 706 506 751 αὐτῶν
531 711 575 752 οἱ
596 712 895 777 φρουροῦντες
911 707 961 751 τὸ
982 705 1232 776 Πηλούσιον
1252 706 1450 761 ἐκχυθέν-

89 781 156 815 τες
185 765 232 808 ἐκ
259 769 333 821 τῆς
361 764 523 815 πόλεως
553 769 755 835 συνῆψαν
784 763 924 834 μάχην
953 764 1061 833 πρός
1082 763 1185 814 τοὺς
1203 765 1447 833 Θηβαίους·

89 821 277 877 μεγάλου
316 820 356 865 δ’
389 819 557 876 αγῶνος
591 821 826 878 γενομένου
856 820 928 864 διὰ
955 820 1031 871 τοὶς
1057 818 1158 875 παρ’
1187 819 1450 889 ἀμφοτέροις

90 879 348 946 φιλοτιμίας,
377 879 472 922 τότε
499 894 578 932 μεν
606 895 652 922 εν
681 881 740 935 τῷ
769 880 959 947 κινδύνῳ
982 876 1337 932 διημερεύσαντες
1358 875 1446 919 υπό
1476 904 1531 947 Y.

88 939 165 990 τῆς
201 933 358 985 νυκτὸς
394 934 666 989 διελύθησαν
725 939 778 991 τῆ
819 933 858 978 δ’
899 934 1104 990 υστεραία
1133 937 1213 976 τοῦ
1242 932 1449 1003 βασιλέως
1477 921 1533 1003 43

89 992 150 1042 εἰς
177 993 276 1051 τρία
301 991 407 1047 μέρη
435 991 514 1046 τὴν
535 990 787 1046 Ἑλληνικὴν
816 989 1005 1045 δύναμιν
1021 1007 1069 1045 με
1054 991 1273 1043 ερίσαντος
1292 989 1448 1045 ἑκάστη

89 1048 208 1102 μερὶς
224 1045 311 1116 εἶχε
332 1047 574 1116 στρατηγον
591 1048 779 1104 ’Έλληνα
806 1048 880 1090 καὶ
908 1046 1046 1105 τούτῳ
1069 1046 1450 1117 παρακαθεσταμέ-

88 1119 169 1146 νον
210 1102 401 1174 ηγεμόνα
442 1102 582 1174 ἄνδρα
618 1105 792 1173 Πέρσην
829 1091 1168 1172 προκεκριμένον
1207 1101 1275 1146 ἐπ’
1318 1100 1450 1159 ἀρετῇ

88 1175 134 1202 τε
169 1161 242 1203 καὶ
278 1158 440 1203 εὐνοία.
498 1161 577 1216 τὴν
618 1160 716 1232 μὲνν
734 1162 816 1204 οὐν
851 1159 1033 1228 πρώτην
1056 1158 1177 1211 τάξιν
1206 1159 1375 1214 ἐπεῖχον
1406 1160 1449 1202 οἱ
1478 1167 1532 1207 30

90 1218 290 1269 Βοιωτοί,
321 1205 560 1286 στρατηγὸν
587 1218 665 1271 μὲν
694 1216 858 1272 ἔχοντες
879 1215 1112 1288 Λακράτην
1140 1213 1217 1259 τὸν
1241 1218 1448 1285 Θηβαῖον,

89 1271 280 1343 ηγεμόνα
309 1273 354 1316 δὲ
374 1272 547 1343 Πέρσην
565 1273 807 1330 Ῥωσάκην·
844 1277 973 1323 οὐτος
995 1272 1040 1316 δὲ
1059 1271 1278 1327 ἀπόγονος
1297 1271 1375 1339 μὲν
1394 1276 1450 1328 ἡν

91 1346 188 1380 ενος
203 1345 291 1372 των
322 1328 427 1372 ἑπτα
449 1333 628 1382 Περσῶν
655 1334 743 1373 τῶν
770 1329 874 1380 τούς
902 1329 1069 1385 μάγους
1097 1328 1450 1380 καταλυσάντων,

91 1385 309 1454 σατράπης
349 1385 394 1429 δὲ
426 1384 588 1436 Ἰωνίας
625 1387 699 1430 καὶ
737 1388 920 1436 Λυδίας·
977 1387 1200 1429 συνείπετο
1242 1383 1286 1428 δ’
1330 1402 1448 1444 αυτῳ
1479 1394 1535 1435 35

90 1441 226 1498 πολλη
257 1458 335 1497 μεν
360 1443 500 1494 ἵππος,
531 1442 613 1486 οὐκ
642 1441 762 1497 ὀλίγη
793 1442 839 1486 δε
866 1441 1012 1512 πεζικὴ
1044 1441 1220 1496 στρατιὰ
1241 1458 1330 1485 των
1352 1445 1453 1510 βαρ-

93 1499 251 1554 βάρων.
301 1498 478 1551 δευτέρα
497 1498 536 1542 δ’
565 1501 620 1554 ἠν
648 1499 767 1570 μερὶς
795 1497 822 1553 ἡ
851 1502 940 1541 τῶν
963 1496 1176 1553 Ἀργείων,
1208 1498 1455 1552 Νικοστρά-

91 1572 171 1598 του
201 1559 544 1622 στρατηγοῦντος
572 1556 644 1598 καὶ
673 1554 765 1612 μετ’
797 1554 935 1598 αὐτοῦ
955 1556 1131 1609 Πέρσου
1154 1553 1454 1610 συνάρχοντος

89 1610 413 1665 Ἀρισταζάνου·
444 1615 573 1662 οὑτος
603 1609 649 1655 δ’
681 1614 737 1667 ην
765 1611 1028 1678 εἰςαγγελεύς
1048 1615 1131 1654 τοῦ
1153 1613 1371 1667 βασιλέως
1381 1611 1457 1654 καὶ

66 1666 344 1736 Ιπιστότατος
371 1671 460 1710 τῶν
489 1670 628 1737 φίλων
656 1684 727 1722 με
713 1685 760 1710 ccc
780 1665 991 1723 Βαγώαν·
1020 1669 1384 1736 προςωρίσθησαν
1404 1665 1452 1710 δ’
1483 1670 1538 1714 40

92 1723 209 1778 αὐτῷ
239 1727 496 1778 στρατιῶται
524 1741 602 1779 μεν
632 1723 844 1767 ἐπίλεκτοι
873 1726 1244 1793 πεντακιςχίλιοι,
1265 1722 1457 1778 τριήρεις

90 1781 138 1825 δὲ
165 1769 448 1836 ὀγδοήκοντα.
505 1785 581 1836 τῆς
617 1781 662 1824 δὲ
690 1782 834 1848 τρίτης
862 1781 1036 1835 μερίδος
1065 1779 1309 1849 ἐστρατήγει
1338 1781 1456 1823 Μέν-

90 1853 186 1891 τωρ
205 1835 230 1881 6
261 1852 340 1893 την
367 1838 545 1887 Σιδῶνα
572 1836 811 1891 παραδούς,
832 1837 949 1904 ε’χων
968 1836 1071 1887 τούς
1093 1836 1455 1906 προὺπάρχοντας

91 1892 208 1937 mii&
245 1888 567 1950 μισθοφόρους·
612 1892 972 1965 συνεστρατεύετο
1013 1891 1055 1936 6'
1097 1891 1214 1965 αὐτῷ
1250 1893 1448 1948 Βαγώας,

92 1953 127 2008 ῴ
164 1939 349 2006 μάλιστα
381 1951 581 2020 βασιλεὺς
613 1950 873 2003 ἐνεπίστευε,
914 1948 1050 2006 τόλμη
1089 1950 1163 1993 καὶ
1201 1953 1449 2007 παρανομίᾳ
1481 1953 1535 1996 45

91 1996 331 2062 διαφέρων·
363 2005 444 2062 εἶχε
463 2004 506 2050 δ’
527 2010 656 2056 οὐτος
683 2023 787 2058 τους
815 2009 896 2049 τοῦ
926 2003 1134 2075 βασιλέως
1152 2006 1376 2077 Έλληνας
1382 2008 1454 2051 καὶ

90 2079 179 2106 των
196 2061 468 2118 βαρβάρων”
451 2063 603 2106 ικανόν
617 2067 787 2134 πληθος
806 2063 879 2106 καὶ
898 2066 1008 2113 ναῦς
1027 2061 1108 2105 οὐκ
1119 2061 1287 2132 ὀλίγας.
1318 2062 1450 2115 αύτὸς

92 2119 139 2163 δὲ
167 2120 247 2176 τήν
280 2120 436 2190 λοιπην
471 2117 700 2174 δύναμιν
687 2119 794 2175 ε’χων
822 2117 1034 2174 ἐφήδρευε
1065 2124 1156 2170 τοῖς
1185 2120 1304 2170 ὅλοις
1341 2120 1448 2173 πρά-

90 2187 234 2231 γμασι.
269 2175 475 2247 τοιαύτης
495 2175 541 2220 δὲ
571 2176 815 2231 διαιρέσεως
835 2175 1070 2244 γενομένης
1089 2193 1204 2230 παρα
1231 2181 1323 2226 τοῖς
1343 2177 1451 2232 Πέρ-
1480 2181 1534 2223 50

92 2243 210 2284 σαις,
259 2230 283 2276 6
312 2249 390 2288 μεν
415 2237 503 2276 τῶν
532 2233 799 2303 Αἰγυπτίων
810 2231 1025 2301 βασιλευς
1025 2232 1323 2302 Νεκτανεβώς
1353 2233 1450 2277 οὔτε

90 2287 138 2332 τὸ
175 2292 344 2345 πλῆθος
379 2305 467 2333 των
486 2290 713 2358 πολεμίων
754 2287 853 2333 ούτε
888 2304 968 2358 την
1009 2286 1115 2359 ὅλην
1145 2287 1337 2341 διάταξιν
1365 2294 1451 2336 τῶν

91 2347 273 2398 Περσων
296 2342 575 2418 κατεπλάγη,
621 2348 774 2401 καίπερ
811 2343 924 2388 πολὺ
960 2344 1215 2399 λειπόμενος
1242 2349 1322 2389 τοῦ
1348 2347 1452 2403 πλή-

89 2405 216 2451 θους.
273 2399 356 2471 εἶχε
392 2401 477 2457 γὰρ
492 2401 703 2457 Έλληνας
738 2419 816 2471 μεν
847 2400 1153 2456 μισθοφόρους
1183 2404 1450 2458 διςμυρίονς,

91 2459 257 2514 Λίβυας
288 2458 335 2502 δὲ
369 2460 698 2516 παραπλησίους
732 2457 931 2511 τούτοις,
976 2458 1241 2513 Αἰγυπτίους
1271 2459 1317 2504 δὲ
1349 2460 1452 2513 τούς
1481 2463 1535 2505 55

90 2592 149 2628 12.
185 2590 368 2637 στόματα]
396 2593 602 2638 πολίσματα
625 2593 692 2638 QX
871 2593 927 2627 17.
964 2594 1318 2640 συστρατευομένων]
1344 2607 1450 2640 στρα-

90 2639 295 2694 τευομένων
316 2640 410 2673 FLT
431 2640 515 2675 Bas.
694 2638 752 2673 30.
798 2635 947 2687 εὐνοίᾳ]
977 2643 1161 2698 prudentia
1184 2643 1330 2685 Cosmus,
1355 2644 1451 2685 quasi

91 2681 262 2732 ἀγχινοίᾳ
283 2685 434 2729 legisset,
458 2690 496 2720 ut
516 2690 569 2722 est
590 2697 625 2730 p.
650 2685 728 2719 119.
751 2683 807 2718 69.
996 2687 1052 2721 33.
1096 2685 1177 2728 evas
1199 2687 1332 2722 addidit
1354 2689 1453 2722 Reis-

92 2731 186 2764 kius:
210 2742 243 2764 v.
265 2743 302 2775 ιι.
327 2730 405 2766 348.
427 2730 483 2766 81.
643 2731 703 2767 36.
748 2729 900 2777 στρατια
926 2742 994 2766 om.
1020 2733 1050 2766 X
1209 2732 1266 2769 48.
1315 2732 1451 2778 αὖτός]

93 2788 203 2818 ουτος
225 2777 258 2822 Q
