1820 3249
257 223 369 266 1228
615 220 729 264 LIB.
760 221 887 264 XV11.
945 221 1077 265 GAP.
1107 225 1176 266 95.
1206 227 1274 266 96.

170 339 227 379 30
257 334 347 376 τῶν
375 331 634 388 εἰθισμένων
663 334 914 385 διπλασίας,
949 332 1211 386 ἀκολούθως
1241 334 1287 379 δὲ
1315 333 1387 378 καὶ
1415 333 1548 380 τᾶλλα
1575 335 1627 378 tc}

255 391 595 434 καταλείπεσθαι
621 389 834 444 μέλλοντα
862 395 953 459 τοῖς
979 393 1206 446 μεγέθεσιν
1238 390 1436 460 αὐξῆσαι.
1491 396 1628 435 ταῦτα

255 447 302 490 δὲ
327 446 531 499 πράττειν
560 445 754 502 ἤμελλεν,
785 447 872 516 ἅμα
901 447 980 503 μὲν
1007 447 1197 519 ἦρωικην
1218 447 1484 517 βουλόμενος
1505 447 1629 503 ποι-η’-

254 508 417 546 σασθαι
448 505 796 556 στρατοπεδείαν,
836 522 927 573 αμα
954 504 998 547 δὲ
1029 509 1119 555 τοῖς
1148 506 1369 572 ἐγχωρίοις
1399 503 1629 548 οἷπολιπεῖν

168 565 223 607 35
254 564 409 629 σημεῖα
451 558 649 628 μεγάλων
689 558 862 614 ανδρῶν
902 559 1208 629 αποφαίνοντα
1238 560 1384 617 ῥώμας
1416 573 1629 630 σωματων

251 616 502 672 ὑπερφυεῖς.
564 615 648 659 απὸ
692 617 737 660 δὲ
776 617 944 660 τούτων
975 615 1206 672 γενόμενος
1243 635 1347 687 μετα
1383 618 1522 673 πάσης
1552 621 1629 673 τῆς

251 674 476 726 δυνάμεως
512 678 605 723 ταῖς
643 671 792 724 αὐταῖς
841 671 960 724 ὁδοῖς
1003 675 1236 725 πορευθεὶς
1275 674 1521 729 ἀνέκαμψεν
1559 674 1630 718 ἐπὶ

249 730 327 773 τὸν
359 729 585 785 Ἀκεσίνην
624 729 843 783 ποταμόν·
899 730 1157 786 καταλαβων
1198 731 1245 775 δε
1284 731 1335 775 τοὶ
1380 730 1526 786 σκάφη
1564 746 1630 774 νε-

248 787 573 856 ναυπηγημένα,
604 787 678 829 καὶ
705 791 842 830 ταῦτα
871 789 1146 841 καταρτίσας,
1179 787 1301 846 ἔτερα
1331 804 1630 859 προςεναυπη-

163 847 220 891 40
249 843 427 912 γήσατο.
486 842 594 886 κατὰ
636 843 682 886 δὲ
719 846 880 887 τοῦτον
918 843 995 887 τὸν
1032 843 1192 898 χρόνον
1219 845 1328 899 ἠκον
1356 844 1403 887 ἐκ
1432 849 1507 901 τῆς
1530 843 1630 887 Ἑλ-

249 899 385 951 λάδος
432 899 649 955 σύμμαχοι
695 901 768 944 καὶ
818 899 1092 955 μισθοφόροι
1136 899 1208 943 δια
1247 916 1335 943 των
1376 904 1629 971 στρατηγῶν

249 955 429 1012 ἠγμένοι
452 957 570 1009 πεζοὶ
593 956 671 1026 μέν
697 958 874 1007 πλείους
892 958 1172 1011 τριςμυρίων,
1209 958 1350 1006 ἱππεῖς
1372 954 1413 1000 δ’
1439 955 1492 1000 ov’
1513 956 1627 1000 πολύ

248 1015 470 1064 λείποντες
497 1017 586 1056 τῶν
614 1012 633 1057 ἑ
637 1016 926 1069 ξακιςχιλίων,
972 1015 1268 1069 ἐκομίσθησαν
1296 1014 1352 1065 ξδὲ
1383 1013 1456 1056 καὶ
1484 1028 1628 1057 πανο-

163 1075 219 1119 45
247 1071 369 1114 πλίαι
409 1071 657 1138 διαπρεπεῖς
694 1075 837 1123 πεζοῖς
876 1070 954 1126 μὲν
991 1072 1233 1124 διςμυρίοις
1262 1071 1334 1113 καὶ
1360 1086 1627 1138 πεντακιςχι-

247 1128 412 1183 λίοις,
434 1143 680 1182 φαρμακων
720 1126 764 1170 6²
807 1129 1015 1181 ἰατρικῶν
1045 1126 1199 1170 ἑκατὸν
1227 1126 1431 1170 τάλαντα.
1489 1131 1627 1186 ταῦτα

246 1200 327 1240 μεν
357 1176 440 1226 οὖν
471 1184 647 1226 διέδωκε
676 1188 767 1234 τοῖς
796 1183 1091 1238 στρατιώταις.
1149 1187 1225 1238 τῆς
1255 1184 1300 1227 δὲ
1323 1200 1529 1254 ναυτικης
1549 1199 1628 1227 πα-

248 1244 463 1310 ρασκευῆς
476 1242 868 1309 συντελεσθείσης,
910 1241 984 1284 καὶ
1016 1242 1251 1283 διακοσίων
1283 1256 1360 1309 μεν
1389 1238 1627 1295 ἀφράκτων

247 1295 591 1367 ἡτοιμασμένων,
629 1299 899 1340 ὀκτακοσίων
931 1297 976 1340 δε
992 1295 1280 1367 υπηρετικῶν,
1309 1314 1386 1347 τας
1407 1297 1485 1352 μὲν
1504 1296 1626 1350 παρὰ

165 1356 221 1399 50
250 1353 329 1397 τόν
363 1352 562 1408 ποταμόν
599 1355 845 1405 κτισθείσας
883 1353 1029 1404 πόλεις
1067 1353 1286 1408 ωνόμασε,
1335 1369 1415 1424 την
1444 1370 1522 1408 μεν
1554 1352 1627 1401 δια

249 1410 299 1453 τὸ
337 1414 397 1467 τῷ
435 1409 608 1467 πολέμῳ
644 1415 855 1466 κρατῆσαι
887 1413 1103 1461 Νίκαιαν,
1147 1411 1227 1463 τήν
1258 1409 1302 1453 6’
1336 1408 1424 1454 απὸ
1453 1413 1534 1453 τοῦ
1562 1425 1626 1453 τε-

247 1456 535 1536 λευτῄσαντος
574 1469 709 1510 ἵππου
749 1467 860 1511 κατὰ
897 1466 977 1524 την
1015 1465 1125 1520 πρὸς
1154 1470 1316 1520 Πῶρον
1333 1466 1509 1536 μάχην
1517 1470 1627 1514 Βου-

161 1530 218 1568 96
246 1524 459 1594 κεφάλαυ.
520 1521 654 1574 αὐτός
684 1523 729 1567 δε
759 1540 864 1579 μετα
894 1540 980 1567 των
1011 1527 1153 1578 φίλων
1183 1522 1321 1579 έμβας
1343 1525 1401 1574 εἰς
1424 1522 1500 1574 τὰς
1517 1526 1628 1593 ναῦς

163 1584 218 1626 55
248 1580 325 1624 τὸν
354 1580 425 1624 δια
454 1584 534 1623 τοῦ
561 1584 765 1652 ποταμοῦ
793 1584 934 1624 πλοῦν
963 1579 1032 1624 ἐπι
1061 1579 1140 1623 τὸν
1165 1577 1384 1623 Ὠκεανὸν
1409 1578 1486 1624 τὸν
1515 1597 1625 1624 κατα

244 1638 519 1707 μεσημβρίαν
556 1636 755 1681 ἐποιεῖτο.
813 1637 861 1681 τὸ
904 1637 950 1681 δὲ
990 1636 1103 1680 πολὺ
1134 1637 1266 1693 μέρος
1293 1641 1369 1693 τῆς
1399 1635 1627 1692 δυνάμεως

242 1709 366 1748 παρα
406 1692 484 1737 τόν
523 1693 723 1749 ποταμὸν
764 1692 998 1752 ὦδοιπόρει
1027 1694 1365 1766 προηγουμένου
1394 1697 1626 1747 Κρατέρου

243 1751 318 1794 καὶ
351 1734 679 1809 ῬΙφαιστίωνός.
739 1749 795 1802 ὠς
822 1750 863 1794 δ’
894 1746 1037 1807 ἦλθον
1069 1752 1137 1797 ἐπὶ
1177 1749 1256 1806 τὴν
1290 1749 1508 1794 Ἀκεσίνου
1550 1767 1626 1800 και

159 1813 215 1854 60
239 1807 460 1879 ‘1’6a6n0v
488 1804 730 1878 συμβολήν,
761 1808 994 1864 εκβιβασας
1023 1806 1127 1857 τοὺς
1150 1807 1412 1861 στρατιώτας
1430 1810 1624 1862 προῆγεν

241 1864 310 1908 επὶ
343 1863 447 1915 τοὺς
456 1861 825 1934 ὀνομαζομένους
856 1866 1032 1920 Σίβους.
1081 1863 1265 1914 τούτους
1293 1865 1337 1906 δέ
1362 1876 1498 1918 φασιν
1520 1864 1625 1906 ἀπο·

242 1919 404 1977 γόνους
433 1937 545 1964 ειναι
583 1927 671 1964 τῶν
703 1919 805 1976 μεθ’
834 1919 1097 1974 Ηρακλέους
1127 1921 1194 1964 ἐπὶ
1223 1937 1304 1975 την
1325 1919 1513 1973 ’Ἀορνον
1542 1920 1624 1963 πέ-

240 1994 351 2033 τραν
380 1977 758 2032 στρατευσάντων,
787 1979 860 2022 καὶ
869 1981 964 2047 τῆς
993 1994 1072 2032 μεν
1099 1978 1350 2030 πολιορκίας
1382 1975 1622 2048 ἀποτυχόν-

241 2051 351 2086 των,
401 2035 450 2091 έν
484 2033 626 2092 τούτῳ
665 2035 710 2078 δὲ
739 2039 800 2091 τῷ
828 2033 946 2092 τόπῳ
979 2034 1346 2079 κατοικισθέντων
1374 2032 1459 2089 ὑφ’
1487 2032 1624 2088 Ἡρα-

161 2095 216 2137 65
245 2092 413 2163 κλέους
470 2096 549 2136 τοῦ
571 2081 614 2136 δ’
635 2080 917 2146 Ἀλεξάνδρου
936 2089 1496 2144 καταστρατοπεδεύσαντος
1518 2096 1624 2148 πλη-

238 2150 342 2192 σίου
371 2147 711 2205 έπιφανεστατης
740 2149 924 2200 πόλεως,
963 2150 1191 2204 προῆλθον
1222 2149 1266 2191 οἱ
1292 2165 1343 2205 τη
1376 2146 1478 2203 δόξη
1509 2164 1624 2202 πρω-

244 2203 441 2260 τεύοντες
480 2222 569 2250 των
606 2209 810 2252 πολιτων.
871 2205 1129 2264 εντυχόντες
1159 2205 1206 2248 ’δὲ
1243 2208 1304 2263 τῷ
1344 2205 1515 2269 βασιλεῖ
1550 2203 1624 2248 καὶ

243 2366 299 2402 29.
347 2364 563 2425 ᾔθισμὲνων
586 2367 669 2401 Bas.
839 2366 897 2403 32.
943 2362 1114 2421 ἤμελλεν]
1144 2363 1261 2411 εἐμελλ
1265 2376 1285 2399 ν
1307 2359 1362 2397 F
1510 2362 1623 2396 deleto

232 2413 481 2459 βουλόμενος
498 2414 720 2448 scribendum
749 2413 911 2448 fortasse
924 2412 1099 2456 πράττων
1169 2435 1172 2437 -
1303 2410 1361 2446 33.
1411 2407 1623 2445 ἀπολείπειν

242 2460 274 2493 F
503 2460 560 2494 35.
609 2460 734 2502 ῥώμας
764 2479 810 2485 —
839 2455 1042 2513 υπερφυεῖς
1072 2459 1137 2493 TY
1163 2459 1244 2493 Bas.
1237 2482 1267 2498 .‚
1307 2454 1412 2512 ῥιόαῃ
1444 2475 1488 2481 -—
1512 2468 1623 2500 υπερ-

241 2508 355 2549 φυεῖς
385 2506 465 2548 FL,
508 2507 636 2540 caeteri
660 2505 789 2550 ῥώμην
812 2525 858 2530 --
880 2501 1059 2553 υπερφυῆ
1248 2504 1305 2537 37.
1352 2499 1455 2541 ὁδοῖς
1488 2515 1623 2545 πορευ-

241 2552 349 2595 θεὶς]
385 2531 619 2595 ὁδοιπορίαις
644 2554 692 2594 Ia,
717 2551 950 2595 οιδοπορίαις
964 2548 1003 2585 F
1191 2549 1248 2583 38.
1293 2549 1619 2603 νεναυπηγημένα]

242 2596 522 2655 ἐναυπηγημὲνα
547 2596 641 2632 Bae.
813 2598 870 2632 30.
917 2596 1161 2661 καταρτίσας]
1185 2594 1415 2639 καταρτὴσας
1437 2596 1496 2628 FL

240 2643 300 2683 50.
349 2644 411 2678 διὰ
437 2644 477 2679 τό
503 2646 554 2689 τῷ
575 2646 645 2687 Fh,
669 2644 797 2679 caeteri
822 2642 884 2680 διοέ
908 2644 962 2690 τῷ
1143 2641 1199 2677 51.
1249 2642 1426 2687 Νίκαιαν]
1453 2640 1622 2677 Νικαιόιν

241 2701 361 2726 omnes
413 2718 415 2724 ,
543 2691 601 2725 52.
651 2692 810 2736 Πῶρον]
848 2680 978 2733 πώρου
1002 2689 1032 2722 F
1216 2686 1484 2732 Βουκεφάλαν]
1511 2688 1622 2721 Buce-

238 2737 406 2782 pha'leam
430 2736 519 2780 cos
523 2748 562 2770 us
745 2737 802 2771 55.
850 2735 1046 2778 ποταμοῦ]
1072 2732 1191 2770 Ἰνδοῦ
1213 2736 1387 2779 ποταμοῦ
1413 2733 1620 2777 p.158.14.

437 2782 493 2818 57.
542 2778 763 2827 ωδοιπόρει]
799 2779 1036 2826 ωδοιπόρουν
1068 2782 1126 2815 FL
1321 2781 1378 2815 58.
1426 2779 1623 2825 Κρατεροῦ

241 2839 360 2864 omnes
520 2829 579 2875 60.
629 2832 770 2874 Σίβους
793 2829 943 2863 Salmas·
948 2841 986 2861 us
1009 2827 1159 2871 aliique:
1193 2826 1274 2862 libri
1289 2824 1413 2881 ’Ἷβους
1458 2794 1483 2830 ’ρ
1562 2825 1620 2858 62.

241 2872 405 2920 ἄορνον]
440 2871 579 2920 ἅορνιν
596 2874 657 2911 FL
798 2912 799 2916 ,
839 2873 883 2919 μὲ
888 2887 906 2909 v
939 2885 1009 2910 om.
1042 2874 1072 2908 F
1255 2872 1311 2922 66.
1359 2872 1404 2920 τῇ
1429 2884 1498 2907 om.
1516 2871 1619 2905 Bas.
