1820 3249
490 169 1528 214 LlB.XV111.cAP.13.14.1269

147 286 193 329 65
221 285 298 329 καὶ
331 287 469 355 τεῖχος
490 283 579 327 καὶ
607 283 794 354 τάφρον
809 281 974 352 ω’ρυττε
1003 281 1202 354 μεγάλην
1224 280 1298 326 καὶ
1327 283 1529 338 βαθεῖαν,

146 344 307 398 εἵργων
353 341 456 392 τοὺς
498 339 905 411 πολιορκουμένους
943 338 1031 383 ἀπὸ
1068 343 1146 408 τῆς
1185 338 1353 391 ἐξόδου.
1421 339 1529 408 μετὰ

145 400 193 443 δὲ
232 402 371 442 ταῦτα
407 398 599 442 Αἰτωλοὶ
635 398 714 452 μὲν
754 395 1014 448 ἀξιώσαντες
1046 397 1125 440 τὸν
1158 394 1424 467 Λεωσθένην
1455 394 1529 439 διά

144 472 267 507 τινας
303 454 482 506 ἐθνικὰς
518 455 665 511 χρείας
697 453 810 498 κατα
853 452 901 498 τὸ
941 452 1088 507 παρόν
1117 451 1324 497 ἀπελθεῖν
1353 451 1424 496 ἐπ’
1455 454 1529 496 οἰ’-
1558 454 1586 497 5

145 529 243 564 κου,
274 513 428 563 πάντες
461 512 713 568 ἐπανῆλθον
743 513 805 561 εἷς
834 510 913 567 τὴν
941 511 1172 553 Αἰτωλίαν.
1231 507 1346 554 οὕτω
1367 509 1414 553 δὲ
1439 513 1529 552 τῶν

143 570 243 623 περὶ
266 567 551 621 Ἀντίπατρον
579 569 992 638 καταπονηθέντων,
1033 567 1107 610 καὶ
1140 570 1215 623 τῆς
1243 567 1409 618 πόλεως
1438 582 1527 610 κιν-

145 625 418 696 δυνευούσης
459 624 621 668 ἁλῶναι
666 625 739 669 διά
752 624 860 696 τὴν
899 624 1275 691 προςδοκωμένην
1294 624 1527 676 σιτοδείαν,

143 681 183 738 ἡ
209 681 317 739 τύχη
355 681 405 725 τὸ
444 680 698 754 παράδοξον
736 680 937 737 ἀπένειμε
968 687 1061 732 τοῖς
1094 679 1352 724 Μακεδόσιν
1382 677 1529 749 εύκλή-
1561 685 1613 725 10

135 755 271 809 ρημα
329 742 412 782 τοῦ
440 740 524 794 γὰρ
549 737 839 793 Ἀντιπάτρου
871 744 963 789 τοῖς
991 738 1067 789 τὰς
1091 737 1292 807 τάφρους
1323 735 1530 791 ὀρύττου·

143 806 216 838 σιν
243 795 528 852 ἐπιθεμένου,
569 797 643 839 καὶ
670 799 922 852 συμπλοκῆς
950 795 1207 851 γενομένης,
1251 793 1274 838 6
1304 794 1401 863 μὲν
1412 797 1530 836 Λεω-

144 851 306 921 σθένης
333 856 635 924 παραβοηθῶν
663 858 756 904 τοῖς
786 854 928 904 ἰδίοις,
958 853 1032 897 καὶ
1062 851 1236 907 πληγεὶς
1268 853 1327 901 εἰς
1354 848 1434 906 τὴν
1462 866 1531 894 κε-

143 908 293 979 φαλήν
321 910 457 964 λίθῳ,
488 913 760 980 παραχρῆμα
813 910 954 960 ἔπεσε,
1007 909 1083 952 καὶ
1120 906 1422 980 λιποψυχήσας
1469 908 1530 958 εἰς

142 965 222 1020 τὴν
249 943 530 1036 παρεμβολὴν
560 965 845 1037 ἀπεκομίσθη
905 970 960 1037 τῇ
995 967 1119 1021 τρίτῃ
1147 964 1187 1009 δ’
1218 964 1360 1034 ημέρα
1389 968 1528 1008 τελευ-
1561 960 1613 1003 15

138 1021 354 1076 τήσαντος
392 1021 534 1066 αὐτοῦ
571 1024 644 1066 καὶ
679 1023 893 1078 ταφέντος
930 1039 1134 1092 ηρωικως
1177 1023 1249 1065 διά
1277 1021 1358 1076 τὴν
1383 1021 1435 1064 -έν
1467 1037 1527 1064 τω

139 1078 315 1151 πολέμω
346 1078 498 1130 δόξαν,
551 1078 574 1122 ὁ
605 1079 685 1134 μὲν
716 1083 856 1135 δῆμος
884 1083 973 1122 τῶν
998 1078 1245 1134 ΜΑθηναιων
1278 1079 1357 1122 τὸν
1384 1066 1529 1121 ἐπιτά-

139 1151 247 1191 φιον
277 1124 462 1178 έπαινον
493 1137 630 1179 εἰπεῖν
657 1137 916 1191 προςέταξεν
931 1135 1155 1205 Ὑπερείδῃ
1171 1140 1238 1206 τῷ
1257 1136 1530 1189 πρωτεύοντι

138 1207 228 1234 των
261 1191 476 1263 ρητόρων
491 1209 544 1248 τῃ
574 1197 656 1236 τοῦ
691 1192 828 1248 λόγου
859 1191 1074 1264 δεινότητι
1110 1193 1184 1235 καὶ
1218 1195 1271 1249 τῇ
1301 1190 1412 1235 κατὰ
1439 1208 1529 1235 των

139 1248 420 1292 Μακεδόνων
451 1246 770 1322 ἀλλοτριότητι·
820 1247 921 1293 κατ’
951 1249 1122 1293 ἐκεῖνον
1150 1248 1234 1305 γὰρ
1265 1249 1343 1291 τὸν
1372 1248 1529 1303 καιρὸν
1558 1247 1612 1286 20

131 1304 165 1349 ’ὁ
197 1305 284 1360 μὲν
327 1312 575 1362 κορυφαῖος
612 1324 702 1350 των
744 1305 956 1377 Ἀθήνησι
996 1305 1198 1363 ῥητόρων
1235 1305 1528 1361 Δημοσθένης

138 1361 377 1433 ἐπεφεύγει,
405 1363 828 1435 καταδεδικασμένος
859 1381 915 1414 ως
938 1364 1128 1420 εἰληφως
1147 1376 1237 1406 των
1262 1362 1529 1417 Ἁρπαλείων

137 1418 392 1490 χρημάτων
434 1417 531 1463 ἀντὶ
560 1421 607 1463 65
635 1426 716 1464 τοῦ
746 1422 1032 1471 Λεωσθένους
1061 1419 1306 1476 κατεστάθη
1337 1432 1526 1491 στρατη-

135 1475 234 1531 γὸς
248 1475 515 1547 Ἀντίφιλος,
569 1475 681 1547 ἀνηρ
723 1478 893 1521 συνέσει
934 1481 1196 1534 στρατηγικῆ
1233 1478 1306 1519 xc),
1339 1475 1582 1545 ἀνδρείᾳ2
1556 1472 1610 1515 25

134 1532 377 1604 διαφέρων
434 1534 508 1576 καὶ
538 1532 591 1576 τὰ
602 1534 699 1606 μὲν
729 1535 838 1576 κατά
860 1534 939 1590 τήν
961 1533 1154 1604 Εὐρώπη
1157 1551 1182 1575 v
1203 1533 1248 1575 ἐν
1269 1532 1441 1585 τούτοις
1461 1537 1527 1590 ἠν.

250 1588 377 1632 Κατὰ
415 1590 461 1633 65
499 1591 579 1646 τὴν
602 1589 753 1634 Ἀσίαν
792 1595 882 1633 τῶν
912 1592 1235 1661 μεμερισμένων
1263 1590 1343 1641 τάς
1373 1602 1526 1645 σατρα-
1557 1590 1612 1629 14

84 1687 87 1694 ,
136 1646 263 1698 πείας
307 1623 580 1701 Πτολεμαῖός
619 1647 698 1702 μὲν
740 1645 984 1697 ἀκινδύνως
1017 1646 1235 1716 παρέλαβε
1273 1648 1353 1703 τὴν
1392 1649 1525 1702 Αἴγυ-

60 1707 261 1755 268πτον,
289 1704 364 1746 καὶ
393 1709 484 1753 τοῖς
514 1703 593 1759 μὲν
621 1704 841 1760 ἐγχωρίοις
871 1703 1205 1772 φιλανθρώπως
1218 1704 1524 1774 προςεφέρετο,
1554 1703 1610 1744 30

134 1760 405 1815 παραλαβων
425 1760 471 1803 65
492 1760 782 1816 ὀκτακιςχίλια
804 1760 995 1803 τάλαντα
1009 1759 1319 1830 μισθοφόρους
1328 1761 1528 1833 ἥθροιζε

136 1817 211 1860 καὶ
248 1816 457 1872 δυνάμεις
496 1818 867 1870 παρεσκευάζετο·
919 1818 1147 1873 συνέτρεχε
1184 1817 1230 1861 65
1268 1817 1340 1860 καὶ
1384 1820 1528 1872 φίλων

137 1877 309 1930 πλῆθος
337 1873 448 1929 πρὸς
486 1873 622 1917 αὐτόν
661 1873 735 1918 δια
763 1875 842 1930 τὴν
871 1873 1116 1917 ἐπιείκειαν.
1173 1872 1286 1927 πρὸς
1314 1873 1360 1918 δὲ
1386 1874 1527 1919 Ἀντί-

137 1945 309 1985 πατρον
344 1929 769 2000 διαπρεσβευόμενος
807 1933 1128 1986 κοινοπραγίαν
1169 1931 1405 1985 συνέθετο,
1452 1942 1527 1975 σα-

138 2003 236 2042 φως
275 1985 401 2037 εἷδως
451 1986 518 2030 ὅτι
558 1990 803 2043 Περδίκκας
840 1989 1105 2044 ἐπιβαλεῖται
1142 1989 1410 2042 παρελέσθαι
1445 1989 1525 2045 τὴν
1555 1986 1609 2030 35

135 2047 213 2099 τῆς
234 2042 465 2112 Αἰγύπτου
495 2047 773 2099 σατραπείαν.
830 2046 1084 2100 Λυσίμαχος
1113 2044 1154 2088 δ’
1180 2044 1404 2100 έπιβαλων
1431 2051 1525 2097 τοῖς

135 2098 247 2144 κατὰ
275 2101 368 2171 τήν
409 2101 590 2158 Θράκην
618 2101 792 2153 τόποις,
837 2102 912 2146 καὶ
940 2100 1205 2158 καταλαβων
1234 2102 1418 2159 Σεύθην
1445 2101 1525 2146 τὸν

135 2156 329 2230 βασιλέα
351 2159 857 2228 κατεστρατοπεδευκότα
890 2163 1034 2212 πεζοῖς
1061 2159 1141 2214 μὲν
1171 2160 1427 2214 διςμυρίοις,
1458 2161 1524 2202 ἱπ-

135 2217 264 2257 πεῦσι
282 2212 329 2258 δ’
351 2211 699 2271 ὀκτακιςχιλίοις,
730 2214 785 2259 ού
808 2215 1054 2272 κατεπλάγη
1073 2215 1123 2259 τὸ
1146 2215 1332 2270 μέγεθος
1350 2219 1427 2272 τῆς
1451 2218 1522 2259 δυ-
1552 2219 1608 2265 40

136 2269 322 2326 νάμεως.
382 2271 491 2327 ἔχων
521 2274 567 2316 65
597 2273 701 2324 τοὺς
726 2271 981 2328 σύμπαντας
998 2271 1156 2325 πεζοὺς
1173 2271 1253 2328 μὲν
1271 2271 1325 2316 οὐ
1350 2274 1526 2324 πλείους

136 2341 226 2369 των
253 2331 612 2399 τετρακιςχιλίων,
645 2331 790 2380 ἱππεῖς
820 2330 866 2373 65
868 2331 1153 2387 διςχιλίους,
1185 2333 1354 2386 συνῆψε
1382 2329 1525 2386 μάχην

136 2387 229 2435 τοῖς
265 2379 519 2441 βαρβάροις.
577 2391 672 2438 ταῖς
707 2387 788 2443 μὲν
830 2388 914 2430 οὐν
956 2385 1280 2442 ἀνδραγαθίαις
1326 2391 1527 2444 προεῖχεν

139 2574 174 2609 1.
222 2574 284 2610 καὶ
321 2577 458 2620 τεῖχος]
499 2577 593 2614 κατὰ
633 2578 740 2624 τάχος
774 2582 891 2635 τεῖχος
925 2579 956 2613 X
1173 2580 1208 2615 2.
1254 2578 1413 2626 μεγάλην
1457 2580 1520 2615 καὶ

140 2622 320 2666 βαθεῖαν]
355 2622 496 2656 insertit
532 2625 562 2659 F
745 2626 779 2661 (5.
828 2623 948 2666 οὕτως
981 2625 1011 2659 F
1048 2625 1132 2660 Bas.
1319 2627 1375 2683 13.
1424 2628 1520 2670 πλη-

139 2667 212 2711 γεὶς
241 2667 317 2710 εἰς]
348 2668 494 2712 πληγεὶς
518 2670 546 2703 Ι
551 2670 594 2704 W
788 2672 1038 2718 παραχρῆμα]
1070 2672 1296 2716 παραχρῆμα
1320 2671 1388 2717 μὲν
1413 2673 1472 2705 1²¹1

279 2714 335 2748 1-1.
383 2716 654 2769 λειποψυχῆσας
689 2729 809 2754 omues
1041 2715 1306 2774 ἀπεκομίσθη]
1339 2717 1520 2763 ἐκομίσθη

141 2759 173 2793 X
357 2759 412 2794 18.
457 2755 641 2805 ὖπερείδει
665 2765 695 2798 F
879 2764 937 2801 19.
984 2762 1078 2800 κατά
1104 2775 1173 2800 οιιι.
1198 2766 1228 2799 F

231 2815 314 2852 268.
346 2816 404 2852 32.
452 2815 570 2863 πρὸς]
610 2818 670 2855 ἐπ’
702 2821 784 2856 Bas.
