1820 3249
538 117 652 160 ΜΒ.
683 117 809 158 xvu.
869 112 1095 159 (3ΑΡ.’;ῖ.ο.
1126 112 1196 160 37.
1445 123 1554 162 1169

180 244 260 277 στα
295 233 342 277 δὲ
368 231 470 283 τούς
497 228 717 284 παρόντας
746 228 806 280 εἷς
839 227 1011 282 δάκρυα
1039 229 1112 272 καὶ
1143 229 1419 283 συμπάθειαν)
1448 230 1552 287 ἤρα-
1582 235 1636 276 55

179 306 255 345 γεν
286 289 314 346 ἡ
344 289 537 357 Δαρείου
576 285 716 344 μήτηρ
751 286 823 328 καὶ
847 285 957 340 γυνή
988 287 1060 328 καὶ
1091 285 1170 328 δύο
1202 288 1482 355 θυγατέρες
1468 291 1553 330 πί-

179 362 311 402 γαμοι
351 346 422 389 καὶ
457 343 555 394 υἱός
593 348 695 411 παῖς
729 341 809 396 τήν
849 341 1035 412 ἡλικίαν.
1095 343 1163 385 ἐπὶ
1198 343 1281 410 γάρ
1320 343 1490 386 τούτωι
1523 344 1551 401 ἡ

179 401 399 472 μεταβολή
435 404 512 456 τῆς
560 399 690 469 τύχης
737 399 810 441 καὶ
851 397 899 440 τὸ
941 399 1122 468 μέγεθος
1160 403 1248 442 των
1286 397 1552 443 ἀνελπίστων

179 455 490 526 οἷκληρημόιτων
534 456 581 500 ἐν
618 455 717 507 ὄψει
755 456 953 522 κείμενον
989 453 1176 509 εὐλόγως
1213 455 1315 506 τοὺς
1354 455 1549 510 ὁρῶντας

178 515 313 558 ἐποίει
341 512 606 570 συμπάσχειν
634 517 723 563 τοῖς
748 509 995 583 ἠτυχηκόσι.
1038 512 1134 565 περὶ
1155 512 1233 580 μὲν
1251 511 1335 568 γὰρ
1354 515 1546 566 Δαρείου
1575 517 1630 554 60

176 569 362 624 πότερον
394 573 462 640 ζῃ
488 570 561 613 καὶ
604 571 819 622 περίεστιν
855 568 885 623 ἢ
921 568 993 610 καὶ
1032 568 1138 621 μετὰ
1176 572 1251 623 τῆς
1288 572 1376 611 τῶν
1405 568 1548 612 α’λλων

102 634 167 668 187
178 630 355 682 φθορᾶς
377 623 601 670 απόλωλέν
630 625 712 670 οὐκ
741 625 1000 681 ἐγίνωσκον
1031 623 1182 677 ἑώρων
1210 625 1256 668 δὲ
1285 625 1364 694 τὴν
1382 625 1548 681 σκηνὴν

176 683 491 736 διαρπάζοντας
520 681 732 734 ἐνόπλους
766 684 999 734 πολεμίους
1039 678 1224 751 α’νδρας
1275 679 1546 735 α’γνοοῦντας

173 740 261 808 μὲν
283 756 358 790 τας
394 738 632 794 ἡλωκυίας,
670 738 810 782 πολλὰ
851 738 896 782 δὲ
935 738 1006 782 διὰ
1047 737 1126 810 τὴν
1164 736 1346 794 α’γνοιαν
1375 737 1545 808 απρεπῆ

172 812 455 849 πραττοντας,
483 796 557 839 καὶ
588 795 636 839 τό
668 795 858 839 σύνολον
888 793 994 851 ὅλην
1015 795 1094 851 τήν
1114 794 1257 839 Ἀσίαν
1275 794 1545 850 αἰχμάλωτον
1573 794 1627 836 65

172 851 276 908 μεθ’
305 853 473 896 ἑαυτῶν
509 853 815 922 γεγενημένην·
861 852 934 895 καὶ
962 856 1054 902 ταῖς
1083 853 1162 907 μὲν
1189 856 1278 895 τῶν
1307 857 1544 905 σατραπῶν

171 910 342 963 γυναιξὶ
368 907 752 982 προςπιπτούσαις
768 909 840 951 καὶ
870 909 1092 977 δεομέναις
1121 912 1303 978 βοηθεῖν
1332 908 1413 964 οὐχ
1445 906 1542 953 οἷον

172 964 540 1035 συνεπιλαβέσθαι
575 968 694 1016 τινος
733 968 906 1035 ι’σχυον,
955 963 1064 1007 ἄλλα
1104 966 1177 1007 καὶ
1214 964 1341 1008 αὐταὶ
1381 965 1540 1014 ταύτας

169 1019 326 1077 ἠξίουν
355 1025 724 1091 συνεπικουρῆσαι
752 1026 844 1072 τοῖς
874 1021 1040 1064 ἑαυτῶν
1070 1018 1382 1090 ακληρήμασιν.
1431 1024 1474 1065 οἱ
1493 1023 1538 1065 δὲ
1567 1023 1622 1061 70

168 1081 249 1120 τοῦ
278 1077 484 1148 βασιλέως
526 1080 698 1130 παῖδες,
751 1076 1095 1132 καταλαβόμενοι
1127 1094 1208 1133 την
1235 1082 1316 1120 τοῦ
1349 1081 1543 1133 Δαρείου

171 1133 334 1203 σκηνὴν
361 1132 565 1177 τακείνου
595 1133 759 1187 λουτρα
782 1137 853 1177 καὶ
878 1136 1030 1176 δεῖπνα
1051 1121 1436 1188 παρεσκευάζοντο,
1466 1136 1541 1178 καὶ

167 1190 406 1260 λαμπάδων
453 1189 619 1260 πολλὴν
668 1207 816 1244 πυραν
865 1190 1053 1241 αψαντες
1102 1191 1412 1245 προςεδὲχοντο
1460 1191 1540 1234 τόν

167 1244 469 1301 Ἀλέξανδρον,
510 1245 628 1298 ὅπως
658 1245 743 1289 ἀπὸ
773 1250 853 1289 τοῦ
883 1248 1080 1302 διωγμοῦ
1106 1247 1336 1302 γενόμενος
1364 1248 1436 1290 καὶ
1465 1265 1537 1291 κα-

168 1302 369 1359 ταλαβιόν
409 1302 584 1372 ετοίμην
619 1307 763 1346 πᾶσαν
788 1303 878 1374 τὴν
913 1303 1196 1373 παρασκευὴν
1232 1308 1313 1346 τοῦ
1342 1306 1538 1356 Δαρείου
1570 1302 1624 1345 75

171 1360 423 1427 οίωνίσηται
449 1359 529 1414 τήν
558 1360 665 1415 ὅλην
691 1363 766 1415 τῆς
788 1358 931 1410 Ἀσίας
958 1358 1224 1415 ἡγεμονίαν.
1265 1377 1374 1403 κατα
1396 1361 1441 1403 δε
1457 1361 1538 1430 την

169 1415 307 1471 μάχην
336 1415 612 1471 ἐτελεύτησαν
641 1419 726 1458 τῶν
756 1414 990 1487 βαρβάρων
1018 1416 1133 1467 πεζοὶ
1153 1433 1232 1469 μεν
1249 1419 1425 1468 πλειους
1447 1434 1536 1460 των

170 1473 275 1515 δέκα
312 1473 554 1526 μυριάδων,
606 1473 747 1522 ἱππεῖς
785 1471 828 1515 6'
871 1470 953 1514 οὐκ
989 1471 1190 1522 ἐλάττους
1226 1477 1315 1515 τῶν
1351 1476 1536 1528 μυρίων,

166 1532 256 1571 τῶν
284 1528 329 1571 δὲ
359 1527 630 1572 Μακεδόνων
659 1528 776 1580 πεζοὶ
805 1527 883 1583 μὲν
913 1530 972 1578 εἰς
1000 1531 1290 1581 τριακοσίους,
1321 1530 1461 1581 ἱππεῖς
1491 1531 1537 1574 δὲ
1566 1530 1620 1571 80

167 1584 265 1637 περὶ
303 1584 458 1628 ἑκατόν
495 1585 568 1628 καὶ
607 1584 887 1638 πεντήκοντα.
924 1584 973 1654 ἡ
1016 1601 1096 1638 μεν
1127 1590 1209 1643 οὐν
1238 1585 1286 1628 ἐν
1310 1585 1432 1643 Ἰσσῷ
1462 1590 1537 1643 τῆς

166 1642 364 1691 Κιλικίας
393 1658 504 1711 μαχη
533 1657 736 1684 τοιουτου
766 1640 856 1695 ἔσχε
884 1639 933 1684 τό
970 1640 1100 1692 τέλος.

283 1701 384 1740 Των
419 1697 464 1741 δὲ
503 1697 714 1752 βασιλέων
743 1702 929 1751 Δαρεῖος
964 1714 1042 1753 μεν
1081 1697 1189 1740 κατα
1218 1697 1377 1752 κράτος
1405 1696 1535 1754 ἦττῡὶ-
1564 1699 1620 1739 37

167 1770 296 1809 μενος
334 1755 393 1804 εἷς
433 1770 581 1824 φυγην
619 1753 810 1825 ὥρμησε,
858 1755 930 1796 καὶ
964 1754 1304 1823 μεταλαμβάνων
1332 1754 1463 1798 ἄλλον
1494 1756 1536 1807 ἒξ

167 1810 302 1854 ἄλλου
331 1814 418 1853 τῶν
448 1809 634 1863 αρίστων
662 1812 805 1852 ἵππων
836 1808 918 1853 ἀπὸ
949 1811 1135 1864 κράτους
1163 1809 1345 1865 ηλαυνε,
1350 1814 1534 1880 διαφυ-
1565 1812 1618 1854 85

166 1872 258 1922 γεῖν
287 1865 486 1909 σπεύδων
527 1867 601 1917 τὰς
628 1864 910 1920 Ἀλεξάνδρου
947 1873 1090 1922 χεῖρας
1126 1869 1196 1909 καὶ
1226 1871 1312 1910 τῶν
1342 1866 1433 1910 ἄνω
1465 1881 1537 1911 σα-

165 1927 381 1977 τραπειῶν
411 1923 609 1974 ἅψασθαι
638 1921 996 1994 προαιρούμενος.
1052 1923 1326 1977 Ἀλέξανδρος
1357 1924 1402 1967 δε
1431 1941 1534 1977 μετα

165 1984 242 2051 τῆς
279 1979 493 2049 εταιρικῆς
535 1981 670 2023 ι’ππου
714 1981 786 2023 καὶ
825 1996 914 2022 των
958 1980 1102 2023 αλλων
1140 1978 1328 2033 αρίστων
1370 1981 1536 2024 ἱππέων

165 2035 349 2079 εποιεῖτο
389 2035 465 2080 τόν
505 2035 719 2091 διωγμόν,
756 2035 956 2079 σπεύδων
986 2037 1195 2092 ἐγκρατὴς
1222 2037 1424 2106 γενέσθαι
1453 2042 1536 2080 τοῦ

166 2094 374 2147 Δαρείου.
434 2092 641 2144 διανύσας
672 2093 716 2135 δὲ
755 2094 958 2143 σταδίους
998 2097 1252 2143 διακοσίους
1289 2092 1535 2148 ανέκαιιψεν
1560 2097 1617 2137 90

166 2151 226 2200 εἰς
264 2148 344 2206 τήν
378 2151 679 2219 παρεμβολὴν
697 2149 795 2219 περὶ
831 2150 963 2202 μέσας
1002 2149 1171 2200 νύκτας.
1227 2154 1318 2200 τοῖς
1354 2151 1399 2194 δὲ
1438 2155 1537 2194 λου-

167 2210 287 2259 τροῖς
324 2205 596 2259 θεραπεύσας
634 2205 713 2248 τὸν
751 2206 796 2248 ἐκ
830 2210 905 2261 τῆς
934 2208 1227 2256 κακοπαθείας
1258 2205 1399 2249 κόπον
1428 2207 1536 2261 ἐτρέ-

166 2276 268 2305 πετο
294 2261 410 2331 πρός
429 2261 576 2306 ἄνεσιν
603 2263 677 2305 καὶ
706 2264 1020 2305 δειπνοποιίαν.
1069 2263 1176 2316 πρὸς
1207 2261 1252 2305 δε
1280 2279 1358 2318 την
1387 2269 1535 2318 γυναῖ-

165 2333 223 2361 κα
258 2319 330 2361 καὶ
346 2318 443 2388 τὴν
480 2317 640 2386 μητέρα
677 2323 757 2361 τοῦ
797 2320 990 2371 Δαρείου
1027 2318 1282 2372 προςελθιόν
1311 2336 1374 2370 τις
1404 2319 1535 2388 ἀπήγ-

165 2379 304 2429 γειλεν
343 2374 408 2418 ὅτι
445 2374 652 2430 πάρεστιν
688 2373 962 2432 Ἀλέξανδρος
1002 2375 1086 2420 απὸ
1121 2380 1202 2419 τοῦ
1233 2378 1425 2432 διωγμοῦ
1456 2377 1535 2420 τόν
1565 2377 1617 2418 95

255 2521 335 2556 187.
358 2520 415 2556 62.
457 2520 648 2568 ἐνόπλους]
676 2522 714 2559 ἐν
741 2521 868 2565 ὅπλοις
891 2524 950 2558 FL
1086 2524 1143 2559 68.
1182 2519 1333 2563 οἷονῚ”
1319 2520 1406 2560 όσον
1429 2524 1490 2557 FL

257 2567 316 2601 69.
372 2571 699 2615 συνεπικουρῆσαι]
740 2569 984 2616 ἐπικουρῆσαι
1013 2571 1072 2604 FL
1277 2570 1334 2604 77.
1390 2573 1536 2610 πλείους

166 2677 211 2685 -
235 2656 430 2704 ἐλαττους]
455 2628 634 2696 πλείὲους-
658 2630 845 2698 ελοῖττῗουςῖ
1052 2660 1109 2696 78.
1157 2660 1246 2697 δέκα
1269 2660 1346 2701 FL,
1383 2661 1420 2704 ιβ
1444 2661 1537 2698 Bas,

165 2705 293 2740 caeteri
318 2705 461 2741 δώδεκα
654 2707 710 2742 84.
758 2708 813 2755 ἐξ]
839 2707 900 2745 ἐπ’
925 2709 1006 2744 Bas.
1209 2707 1266 2741 91.
1313 2707 1422 2751 περὶ]
1446 2701 1539 2741 κατὰ

165 2752 226 2786 FL
407 2753 463 2787 92.
510 2750 572 2797 ἐκ]
597 2752 660 2789 διὰ
683 2755 741 2790 FL

1203 2812 1260 2852 75
