1820 3249
482 149 772 195 L1B.Xv111.
831 149 1156 194 CAP.54.55.
1382 149 1493 190 1309

124 276 203 316 σας
240 263 286 309 δ’
322 265 382 316 εἷς
419 262 528 320 τήν
538 261 687 306 Ἀσίαν
726 260 838 316 πρός
868 259 1118 316 Ἀντίγονον
1153 258 1278 317 ἠξίου
1310 262 1493 329 βοηθεῖν

125 320 266 376 αὐτῷ,
308 321 450 376 φήσας
478 320 550 364 καὶ
580 323 854 387 Πτολεμαῖον
892 319 1152 387 ἐπηγγέλθαι
1183 317 1491 372 συμμαχήσειν.

127 379 151 422 ὁ
180 379 224 422 6’
253 377 495 432 Ἀντίγονος
522 377 762 445 προθύμως
795 374 930 417 αὐτόν
949 374 1231 430 προςδεςαμει
1236 391 1282 424 ος
1303 373 1492 440 ἐπηγγεί-

124 440 229 479 λατο
269 433 410 478 πάντα
448 432 717 488 συμπράξειν
758 431 1003 501 προθύμως
1036 431 1153 490 αὐτῷ
1193 431 1267 473 καὶ
1308 427 1494 498 δύνζαμιτ
1524 429 1577 472 85

124 495 386 546 παραχρῆμα
422 489 579 533 δώσειν
622 487 796 543 πεζικήν
828 504 870 531 τε
899 490 970 531 καὶ
999 503 1222 543 ναυτικην.
1282 491 1419 529 ταῦτα
1449 482 1491 527 6²

124 548 305 602 ἔπραττε
345 545 716 616 προςποιούμενος
757 544 827 588 διὰ
857 562 937 599 την
966 546 1075 597 πρὸς
1110 544 1390 595 Ἀντίπατρον
1420 558 1496 596 φι-

124 607 225 648 λίαν
268 609 515 658 συνεργεῖν,
568 608 620 659 τῇ
662 600 705 646 6'
745 601 928 659 ἀληθεία
969 602 1231 656 βουλόμενος
1263 617 1366 649 τους
1397 598 1497 664 περὶ

127 661 494 729 Πολυσπέρχοντα
533 659 753 729 πολέμους
802 659 874 701 καὶ
918 660 1132 714 μεγάλους
1169 667 1498 725 περισπασμους

125 717 255 771 ἔχειν
285 715 400 767 ὅπως
433 715 566 766 αὐτὸς
596 715 838 765 άκινδύιως
861 715 939 783 την
964 715 1113 758 Ἀσίαν
1143 713 1302 769 ἐπέλθῃ
1325 713 1396 755 καὶ
1417 711 1496 766 τὴν
1526 709 1580 749 90

124 777 214 816 τῶν
242 771 357 816 ὅλων
387 771 627 828 ηγεμονίαν
657 774 716 822 εἰς
749 771 904 815 ἑαυτὸν
934 770 1176 840 περιστήση.

225 829 343 883 Ἀμα
383 831 428 873 ὸὲ
457 829 627 879 τούτοις
654 830 896 881 πραττοιιέτ
900 845 964 878 οις
995 829 1102 870 κατὰ
1131 828 1209 881 μὲν
1240 824 1319 880 τὴν
1346 827 1493 866 Mases·
1525 819 1581 859 5)

125 886 282 928 δονίαν
319 886 639 941 Πολυσπέρχων
683 886 706 928 ὁ
747 890 836 928 τῶν
865 886 1078 940 βασιλέων
1110 882 1361 952 ἐπιμελητής
1389 880 1495 936 μετὰ

125 942 206 996 τὴν
227 941 481 1010 ἀπαλλαγήν
510 946 593 985 τοῦ
617 941 914 994 Κασσάνδρου
936 946 1189 995 προεωρᾶτο
1211 940 1289 994 μὲν
1309 939 1358 981 τὸ
1379 954 1428 991 με
1421 937 1497 1006 ’γε-
1526 930 1580 975 95

123 1003 210 1048 θος
239 1003 319 1042 τοῦ
349 998 458 1051 πρὸς
488 999 782 1051 Κάσσαιδρον
811 998 1020 1052 ἐσομένου
1049 998 1266 1052 πολέμου,
1299 993 1430 1038 οὐδὲν
1456 991 1496 1036 6'

125 1054 232 1097 ἄνευ
261 1059 337 1110 τῆς
364 1059 452 1097 τῶν
481 1057 622 1109 φίλων
652 1055 826 1108 γνώμης
852 1057 1015 1124 κρίνων
1034 1054 1252 1105 πράττειν,
1283 1050 1500 1119 συνήγαγε

123 1110 228 1161 τούς
269 1127 313 1154 τε
350 1110 566 1179 ηγεμόνας
605 1110 799 1161 ἅπαντας
827 1112 901 1153 καὶ
929 1115 1018 1153 τῶν
1048 1112 1191 1153 ἄλλων
1225 1107 1499 1151 Μακεδόνων

124 1168 228 1218 τούς
268 1166 654 1222 ἀξιολογωτάτους.
715 1171 913 1236 φανεροῦ
952 1165 995 1210 δ’
1028 1166 1155 1217 ὄντος
1198 1165 1264 1209 ὅτι
1298 1164 1497 1232 Κάσσαν-

126 1227 231 1277 δρος
259 1224 337 1277 μὲν
367 1225 740 1294 σωματοποιηθεις
768 1222 850 1266 υπ’
880 1224 1129 1278 Ἀντιγόνου
1158 1227 1247 1266 τῶν
1276 1221 1384 1264 κατα
1417 1236 1498 1275 την
1530 1217 1611 1258 100

121 1278 304 1323 Ελλάδα
334 1281 504 1324 πόλεων
533 1279 758 1331 ανθέξεται
786 1280 859 1324 διὰ
888 1280 937 1323 τὸ
971 1297 1045 1331 τας
1075 1280 1152 1334 μὲν
1184 1277 1329 1322 αὐτῶν
1352 1293 1502 1330 πατρι-

126 1342 224 1388 καῖς
252 1344 470 1393 φρουραῖς
500 1337 807 1406 φυλάττεσθαι,
836 1336 911 1388 τὰς
943 1336 985 1380 δ’
1005 1354 1067 1380 υπ
1078 1336 1371 1391 ’ὀλιγαρχιῶν
1396 1338 1503 1377 διοι-

126 1398 320 1446 κεῖσθαι,
362 1395 677 1461 κυριευομένας
704 1393 794 1436 ὑπὸ
824 1398 913 1436 τῶν
938 1392 1225 1447 Ἀντιπάτρου
1256 1395 1396 1446 φίλων
1424 1390 1500 1433 καὶ

128 1450 290 1502 ξένων,
332 1451 445 1503 πρός
492 1453 538 1494 δὲ
577 1448 752 1500 τούτοις
793 1449 1084 1505 συμμαχήσειν
1123 1454 1182 1506 τῷ
1223 1447 1500 1504 Κασσάνδρῳ

130 1507 403 1574 Πτολεμαῖόν
430 1524 475 1550 τε
504 1507 580 1549 τὸν
609 1507 837 1562 Αἰγύπτου
875 1511 1124 1559 κρατοῦντα
1152 1506 1224 1549 καὶ
1255 1506 1501 1558 Ἀντίγονον
1530 1494 1557 1536 5

128 1561 207 1606 τὸν
237 1567 438 1618 φανερῶς
474 1562 556 1619 ἤδη
593 1563 832 1619 γενόμενον
863 1562 1112 1618 ἀποστάτην
1148 1567 1236 1605 τῶν
1275 1561 1503 1614 βασιλέων,

128 1618 408 1675 ἀμφοτέρους
436 1620 481 1664 δὲ
512 1621 585 1663 καὶ
615 1620 821 1675 δυνάμεις
849 1619 1036 1675 μεγάλας
1055 1620 1127 1662 καὶ
1146 1620 1375 1688 χρημάτων
1395 1618 1505 1671 ἐχειν

98 1680 320 1731 ’πλῆθος,
366 1677 428 1720 ἔτι
469 1677 514 1720 δὲ
548 1681 725 1720 πολλων
761 1677 906 1719 ε’θνών
946 1678 1019 1720 καὶ
1056 1677 1226 1719 πόλεων
1264 1673 1506 1728 α’ξιολόγων

127 1732 371 1787 κυριεύειν’
416 1735 700 1789 προτεθείσης
743 1729 826 1777 οὖν
866 1737 1026 1788 βουλῆς
1052 1738 1145 1783 πῶς
1175 1731 1349 1782 τούτοις
1379 1734 1504 1773 πολε-

129 1790 288 1845 μητέον
316 1789 425 1842 ἐστί,
469 1791 542 1834 καὶ
580 1794 754 1834 πολλῶν
784 1790 856 1833 καὶ
887 1793 1096 1833 ποικίλων
1124 1789 1266 1845 λόγων
1295 1789 1393 1840 περὶ
1422 1790 1503 1829 τοῦ
1536 1780 1588 1819 10

129 1847 333 1915 πολέμου
353 1846 608 1902 ῥηθέντων,
622 1847 765 1898 ἔδοξεν
796 1846 946 1897 αὐτοῖς
973 1847 1049 1897 τὰς
1077 1863 1155 1917 μεν
1185 1845 1294 1889 κατὰ
1321 1845 1400 1900 τὴν
1416 1842 1504 1886 Ελ-

130 1901 243 1945 λάδα
281 1902 440 1954 πόλεις
457 1903 738 1956 ἐλευθεροῦν,
785 1903 863 1954 τὰς
903 1902 949 1947 δ’
991 1902 1049 1946 ἐν
1069 1902 1220 1954 αὐταις
1239 1901 1505 1972 ὀλιγαρχίας

129 1958 454 2028 καθεσταμένας
482 1958 560 2003 υπ’
587 1958 870 2013 Ἀντιπάτρου
897 1959 1144 2004 καταλύειν.
1206 1959 1320 2003 οὕτω
1342 1959 1426 2013 γὰρ
1449 1972 1503 1999 αν

131 2014 317 2085 μάλιστα
355 2016 432 2059 τόν
469 2033 549 2071 μεν
586 2016 881 2071 Κάσσανδρον
911 2015 1214 2066 ταπεινώσειν,
1256 2015 1427 2066 ἑαυτοῖς
1458 2013 1504 2057 δὲ
1534 2003 1588 2048 15

132 2070 323 2141 μεγάλην
362 2070 497 2124 δόξαν
531 2091 604 2117 και
632 2073 796 2124 πολλας
826 2076 1068 2144 συμμαχίας
1096 2051 1352 2128 ἀξιολόγους
1380 2087 1507 2142 περι-

131 2128 341 2184 ποιήσειν.
399 2128 535 2181 εὐθυς
572 2133 654 2172 οὐν
691 2131 794 2181 τούς
835 2129 921 2174 ἀπό
962 2135 1051 2173 τῶν
1087 2130 1255 2173 πόλεων
1284 2129 1508 2182 παρόντας

132 2184 394 2256 πρεσβευτας
425 2186 823 2241 προςκαλεσάμενοι
858 2187 932 2230 καὶ
960 2188 1147 2242 θαρῥεῖν
1183 2186 1508 2241 παρακαλέσαν-

132 2257 214 2291 τες,
242 2242 548 2316 ἐπηγγείλαντο
585 2244 661 2294 τοὶς
692 2246 983 2313 δημοκρατίας
1011 2242 1383 2311 ἀποκαταστήσειν
1413 2246 1507 2291 ταῖς

56 2305 124 2339 Ξ99
137 2295 308 2351 πόλεσι,
355 2300 430 2343 καὶ
463 2302 513 2345 τὸ
541 2301 744 2356 κυρωθὲν
774 2300 913 2357 δόγμα
943 2299 1186 2357 γράψαντες
1215 2301 1385 2344 ε’δωκαν
1413 2304 1506 2350 τοῖς
1535 2291 1590 2330 20

134 2465 192 2501 85.
242 2464 346 2513 αυτῷ
367 2479 436 2502 om.
461 2468 527 2503 ΤΧ
550 2470 643 2512 Bae„
665 2471 827 2505 asterisco
859 2471 992 2506 notavit
1015 2472 1210 2516 Stephanus
1347 2469 1405 2505 89.
1443 2467 1508 2504 καὶ

135 2502 338 2567 μεγάλους]
364 2515 426 2550 καὶ
449 2526 516 2549 om.
543 2517 631 2557 Fw,
656 2519 824 2551 asterisco
847 2519 980 2552 notaxit
1003 2518 1198 2562 Stephanus
1350 2516 1408 2550 91.
1441 2516 1504 2559 εἰς]

139 2555 188 2598 ὠς
213 2560 244 2593 Χ
268 2561 349 2594 Bas.
514 2573 621 2596 εαυτι
613 2560 660 2608 ν]
690 2562 809 2599 αὐτὸν
832 2566 912 2598 Bas.
1060 2563 1272 2610 περιστήσῃ]
1297 2560 1508 2607 παριστήσῃ

136 2605 184 2638 W
329 2605 385 2640 94.
432 2610 645 2663 προεωρᾶτο
672 2611 710 2650 V
734 2610 860 2644 caeteri
884 2608 1058 2655 προεώρα
1213 2611 1271 2645 97.
1318 2607 1508 2650 ἅπαντας]

136 2649 276 2691 πάντας
300 2651 331 2685 F
503 2650 642 2699 ἄλλων]
669 2654 789 2691 ἄλλων
813 2655 964 2691 πάντων
986 2658 1017 2690 F
1186 2657 1221 2691 2.
1271 2651 1506 2714 ὀλιγαρχιῶν]

138 2693 351 2742 ὀλιγαρχίαν
374 2698 405 2732 Υ
429 2698 509 2732 Bas.
691 2703 725 2736 4.
774 2704 897 2748 τε]μ
904 2700 942 2737 ὲν
967 2704 997 2736 F
1180 2703 1215 2740 5.
1262 2700 1338 2748 ἥδη
1362 2699 1509 2744 γενόμε-

136 2743 228 2788 νον]
253 2742 540 2788 προςγενόμενον
564 2745 624 2779 Π
627 2747 672 2780 W
853 2750 910 2782 14.
942 2745 1014 2794 α’ν]
1039 2743 1108 2785 οὖν
1131 2749 1160 2784 F
1346 2749 1401 2782 18.
1437 2758 1508 2781 πα-

136 2790 417 2835 ρακαλέσαντες]
442 2790 797 2838 παρακελευσάμενοι
820 2794 851 2829 F
854 2795 913 2839 Qx
918 2796 963 2830 W
