1820 3249
341 151 454 193 1054
669 148 789 189 LIB.
817 147 928 190 XVI.
986 147 1118 189 GAP.
1146 150 1215 191 12.
1239 152 1375 192 —14

253 269 311 308 20
340 262 569 319 πολεμίοις
592 259 702 316 παρ’
734 259 883 316 ὀλίγον
910 259 1158 317 ὑποχείριος
1189 261 1365 316 ἐγένετο
1425 263 1469 305 οἷ
1496 261 1542 305 δὲ
1566 265 1712 316 Συρα·

336 320 482 365 κόσιοι
511 320 727 369 δείσαντες
755 317 864 371 ὑπὲρ
895 322 969 373 τῆς
990 318 1099 361 κατα
1119 318 1196 361 τόν
1216 318 1459 374 στρατηγόν
1484 321 1711 388 σωτηρίας,

337 377 577 433 ἐπέῤῥαξαν
614 380 705 425 τοῖς
743 374 1039 430 μισθοφόροις
1078 377 1230 431 βαρειᾳ
1262 375 1484 428 συνταξει,
1530 378 1605 418 καὶ
1633 374 1713 418 τόν

337 434 417 503 μὲν
444 437 597 477 Δίωνα
626 432 1013 487 καταπονούμενον
1032 432 1277 500 ἐξήρπασαν
1297 431 1343 474 ἐκ
1365 437 1454 475 τῶν
1475 433 1714 483 κινδύνων,

251 497 306 540 25
335 490 438 542 τοὺς
470 491 515 534 δὲ
545 491 784 557 πολεμίους
802 488 1055 543 βιασάμενοι
1074 494 1231 544 φυγεῖν
1246 487 1510 543 ἠνάγκασαν.
1551 489 1715 544 ὁμοίως

337 548 384 592 δὲ
412 549 486 591 καὶ
515 547 625 590 κατὰ
648 545 725 588 τὸν
756 544 888 588 ἄλλον
918 546 1054 589 τόπον
1083 550 1163 589 τοῦ
1189 547 1354 601 τείχους
1382 546 1715 616 προτερούντων

335 622 426 649 των
447 604 752 658 Συρακοσίων
786 605 829 645 οἱ
849 606 930 645 τοῦ
951 603 1175 657 τυράννου
1205 603 1477 658 μισθοφόροι
1511 601 1716 646 συνεδιώ-

335 668 519 728 χθήσαν
536 660 657 711 ἐντὸς
686 664 835 702 πυλων
863 663 951 701 τῶν
985 660 1031 702 ἐν
1059 678 1112 717 τῃ
1132 659 1285 731 Νήσῳ.
1337 660 1541 715 ἐπιφανεῖ
1569 660 1613 703 δὲ
1638 657 1716 715 μά-

336 737 389 775 χῃ
420 716 674 786 νικήσαντες
706 718 750 759 οῖ
778 716 1075 788 Συρακόσιοι,
1125 719 1198 759 καὶ
1235 716 1315 772 τὴν
1354 718 1610 771 ἐλευθερίαν
1648 719 1716 772 βε-

254 784 307 822 30
338 778 473 833 βαίως
492 773 768 830 κτησαμένοι,
800 771 1017 827 τρόπαιον
1037 773 1221 829 ἔστησαν
1245 789 1356 816 κατα
1379 779 1459 817 τοῦ
1478 772 1715 828 τυράννου.

254 840 309 878 13
452 831 580 874 Μετοὶ
619 831 664 874 δὲ
704 835 842 873 ταῦτα
881 804 1134 880 Διονύσιος
1161 830 1238 885 μὲν
1275 830 1485 880 ἐπταικώς
1524 832 1595 874 καὶ
1635 829 1716 886 τήν

339 891 600 933 δυναστείαν
627 886 969 957 απογιγνώσκων
998 885 1096 943 ἤδη,
1129 886 1175 929 ἐν
1204 886 1283 955 μὲν
1311 892 1405 937 ταῖς
1425 887 1716 942 ἀκροπόλεσιν

340 946 520 1014 απέλιπε
551 946 751 1000 φρουράς
782 942 1058 998 ἀξιολόγους,
1109 942 1242 994 αὐτὸς
1272 945 1318 987 δὲ
1347 961 1451 994 τους
1479 949 1718 1015 τετελευτη-

253 1008 308 1049 35
339 1002 492 1054 κότας,
525 1001 810 1051 ὀκτακοσίους
841 1000 990 1051 ὄντας,
1017 1001 1165 1056 λαβὼν
1193 1017 1273 1070 την
1301 1001 1524 1054 ἀναίρεσιν
1557 1000 1718 1053 αὐτῶν,

339 1061 476 1108 ἔθαψε
505 1063 726 1114 λαμπρῶς,
757 1063 936 1113 χρυσοῖς
965 1074 1043 1112 μεν
1066 1056 1298 1112 στεφάνοις
1320 1059 1720 1128 ἐστεφανωμένους,

336 1118 585 1185 πορφυρίσι
616 1116 660 1159 δὲ
691 1119 842 1165 καλαῖς
880 1131 978 1168 περι
981 1114 1295 1170 βεβλημένους·
1346 1114 1494 1182 ἤλπιζε
1531 1115 1614 1170 γὰρ
1645 1114 1718 1158 δια

337 1178 413 1230 τῆς
442 1172 612 1216 τούτων
645 1175 841 1227 σπουδης
876 1173 1207 1225 προτρέψασθαι
1251 1171 1357 1223 τούς
1387 1171 1546 1223 ἄλλους
1577 1174 1636 1222 είς
1667 1171 1716 1214 τὸ

339 1229 584 1299 προθύμως
613 1228 888 1272 κινδυνεύειν
919 1228 1027 1281 ὑπὲρ
1051 1233 1124 1284 τῆς
1143 1231 1423 1282 τυραννίδος
1455 1229 1558 1279 τούς
1578 1227 1619 1272 6’
1647 1245 1720 1270 αν-

255 1288 310 1332 40
341 1286 709 1343 δραγαθήσαντας
737 1285 942 1355 μεγαλαις
971 1287 1152 1338 δωρεαῖς
1179 1285 1360 1341 ἐτίμησε.
1405 1286 1518 1338 πρὸς
1549 1285 1594 1328 δὲ
1616 1302 1722 1337 τους

339 1345 648 1415 Συρακοσίους
688 1343 942 1396 διεπέμπετο
984 1343 1084 1395 περὶ
1126 1342 1377 1393 διαλύσεως
1449 1341 1472 1385 6
1513 1343 1558 1385 δε
1596 1344 1721 1386 Δίων

339 1418 439 1456 περι
469 1417 548 1456 μεν
576 1417 664 1443 των
684 1402 850 1467 πρεσβε
855 1415 934 1441 ιων
973 1397 1039 1441 οὲεί
1075 1415 1196 1449 τινας
1237 1397 1446 1453 εὐλόγους
1479 1412 1723 1453 προφασεις

341 1457 629 1513 ποριζόμενος
669 1454 954 1524 ανεβάλλετο,
1000 1456 1045 1498 ἐν
1074 1456 1270 1513 τοσούτῳ
1303 1455 1348 1498 δὲ
1377 1456 1426 1499 τὸ
1458 1457 1613 1499 λοιπὸν
1641 1461 1723 1501 τοῦ

259 1522 312 1565 45
343 1518 510 1571 τείχους
540 1511 865 1563 κατασκευασας
895 1510 999 1567 μεθ’
1025 1511 1227 1581 ἡσυχίας,
1267 1512 1362 1555 τότε
1393 1512 1467 1563 τὰς
1497 1516 1723 1568 πρεσβείας

339 1573 651 1628 μετεπέμπετο,
692 1582 1099 1625 κατεστρατηγήκως
1128 1569 1234 1619 τούς
1263 1572 1497 1641 πολεμίους
1526 1574 1620 1621 ταῖς
1648 1576 1725 1629 τῆς

338 1629 515 1701 εἰρήνης
544 1630 694 1671 ἐλπίσι.
753 1626 1002 1682 γενομένων
1033 1626 1078 1669 δὲ
1107 1625 1252 1679 λόγων
1282 1627 1380 1679 περὶ
1408 1626 1663 1698 συλλύσεωςξ
1698 1627 1721 1671 6

341 1689 462 1730 Δίων
492 1684 706 1740 απεκρίθη
734 1689 826 1734 τοῖς
855 1683 1058 1756 πρέσβεσι
1097 1684 1201 1737 μίαν
1240 1688 1351 1726 εἰναι
1383 1683 1609 1735 σύλλυσιν,
1645 1684 1722 1728 ἐαν

344 1743 618 1812 ἀποθέμενος
656 1742 737 1795 τήν
777 1742 1018 1793 τυραννίδα
1054 1739 1265 1795 βούληται
1305 1746 1446 1795 τυχεῖν
1483 1745 1621 1793 τιιιῶν
1659 1759 1723 1786 τι-

259 1805 313 1848 50
343 1818 449 1844 νων.
509 1798 532 1843 ὁ
576 1800 622 1842 δὲ
659 1798 899 1848 Διονύσιος
936 1795 1227 1851 ὑπερηφάνου
1255 1800 1331 1851 τῆς
1360 1797 1631 1851 αποκρίσεως
1660 1815 1726 1855 γε-

341 1858 527 1913 νομένης
557 1853 819 1909 συναγαγών
856 1853 960 1904 τοὺς
989 1852 1206 1908 ἡγεμόνας
1236 1853 1489 1924 ἐβουλεύετο
1521 1871 1613 1906 πως
1642 1856 1723 1926 χρὴ

343 1916 447 1965 τούς
476 1915 783 1985 Συρακοσίους
803 1910 1070 1965 αμύνασθαι.
1111 1909 1287 1953 πάντων
1309 1908 1353 1954 δ’
1387 1909 1590 1965 εὐπόρων
1605 1913 1723 1985 πλήν

345 1975 469 2015 σίτου
500 1971 573 2013 καὶ
602 1971 983 2021 θαλαττοκρατων,
1019 1966 1216 2024 ἐλῄστευε
1245 1967 1324 2022 τὴν
1352 1985 1514 2023 χωραν,
1545 1970 1618 2012 καὶ
1647 1986 1725 2020 τας

260 2036 314 2077 55
343 2044 512 2083 τροφας
530 2027 576 2070 ἐκ
597 2043 686 2068 των
707 2041 820 2079 προν
825 2029 943 2079 ομῶν
965 2041 1110 2074 κακως
1129 2023 1423 2094 ποριζόμενος,
1461 2025 1723 2076 ἐξαπέστειλε

343 2089 454 2135 ναῦς
492 2085 703 2154 φορτίδας
739 2082 813 2126 καὶ
845 2082 1041 2137 χρήματα
1078 2080 1188 2134 πρὸς
1223 2079 1301 2123 τόν
1330 2098 1411 2124 του
1443 2084 1564 2125 σίτου
1594 2082 1739 2126 καταέ

343 2140 582 2213 γορασμόν.
633 2157 675 2183 οι
705 2140 751 2182 δε
780 2139 1053 2192 Συρακόσιοι
1081 2142 1191 2188 ναῦς
1220 2154 1389 2193 μακρας
1418 2140 1579 2190 πολλὰς
1608 2140 1725 2195 ἔχον-

343 2217 423 2251 τες
453 2198 526 2242 καὶ
553 2214 663 2241 κατα
684 2195 789 2247 τοὺς
811 2194 1047 2249 εὐκαίρους
1064 2194 1226 2245 τόπους
1249 2193 1590 2265 ἐπιφαινόμενοι,
1622 2201 1724 2240 πολ-

258 2266 312 2306 60
343 2256 424 2313 λὴν
460 2259 536 2312 τῆς
573 2253 661 2298 ὑπὸ
701 2270 789 2296 των
827 2250 1037 2324 ἐμπόρων
1068 2251 1351 2321 κομιζομένης
1390 2251 1555 2308 οἷγορας
1586 2269 1725 2315 παρῃ-

346 2316 523 2370 ροῦντο.
575 2312 649 2355 καὶ
679 2310 731 2354 τὰ
752 2327 831 2381 μεν
856 2310 955 2364 περὶ
984 2326 1062 2360 τας
1081 2308 1409 2362 Συρακούσας’
1394 2326 1440 2352 εν
1460 2311 1632 2362 τούτοις
1654 2316 1723 2365 ἡν.

260 2380 315 2419 14
459 2368 584 2412 Κατα
621 2368 667 2412 δὲ
696 2367 777 2424 τήν
802 2365 986 2410 Ελλαδα
1012 2365 1286 2420 Ἀλέξανδρος
1323 2365 1346 2409 ὁ
1383 2369 1539 2421 Φερων
1566 2370 1726 2421 τύραν-

344 2444 422 2480 νος
451 2425 538 2471 ὑπὸ
568 2429 643 2481 τῆς
672 2426 787 2476 ἰδίας
810 2421 1024 2480 γυναικός
1057 2421 1203 2479 Θήβης
1231 2422 1304 2466 καὶ
1322 2439 1412 2467 των
1428 2423 1588 2482 ταύτης
1608 2424 1726 2470 ἀδελ-

342 2619 399 2654 25.
446 2616 513 2652 τὸν
545 2613 654 2651 αλλον
684 2615 823 2660 τόπον]
869 2617 944 2651 τῶν
980 2613 1098 2651 ἄλλων
1122 2615 1247 2651 τόπων
1277 2616 1307 2650 L
1537 2615 1594 2650 43.
1643 2613 1725 2651 οῗνε-

343 2666 518 2714 βάλλετο]
555 2660 752 2707 ἅνεβαλετο
778 2663 839 2696 FL
1045 2662 1088 2697 τὰ
1120 2674 1190 2698 om.
1212 2663 1295 2698 Bas.
1503 2662 1561 2697 49.
1607 2663 1725 2705 τιμῶν

343 2711 476 2755 τινων]
523 2723 633 2745 τινων
665 2711 780 2755 τιμῶν
813 2709 871 2743 FL
904 2708 988 2743 Bas.
1196 2707 1254 2744 57.
1300 2705 1439 2750 πολλάς
1469 2709 1552 2750 FL,
1597 2708 1725 2742 caeteri

345 2757 392 2794 ου’
427 2756 565 2798 πολλας
778 2754 832 2790 58.
879 2755 941 2791 καὶ
975 2766 1044 2792 om.
1076 2756 1107 2791 F
1323 2755 1382 2792 59.
1429 2752 1625 2801 ἐμπόρων]
1663 2751 1724 2790 εὐ-

343 2804 473 2852 πόρων
488 2804 573 2839 Bas.
