1820 3249
510 180 803 224 LIB.XV111.
863 180 1134 224 GAP.7.8
1403 185 1514 227 1263

130 299 210 355 τήν
250 298 502 352 στρατείαν,
554 291 876 348 διανοούμενος
917 292 1022 344 τούς
1061 295 1141 350 μὲν
1166 293 1380 351 ’Ἕλληνας
1417 300 1514 346 ταῖς

132 355 488 426 φιλανθρωπίαις
512 349 828 419 προςάγεσθαι,
856 349 939 406 τὴν
967 351 1013 394 δὲ
1044 351 1236 408 δύναμιν
1262 369 1340 421 τη
1344 351 1515 396 τούτων
1544 361 1600 404 60

133 413 352 468 συμμαχίᾳ
379 410 587 476 μεγάλην
601 406 788 478 ποιήσας
817 408 1092 463 ἰδιοπραγεῖν
1120 409 1194 452 καὶ
1212 413 1302 452 τῶν
1323 407 1414 452 ἅνω
1443 423 1516 452 σα-

132 472 347 537 τραπειῶν
374 463 666 510 δυναστεύειν.
721 463 744 508 ὁ
777 464 824 508 δὲ
855 467 1100 520 Περδίκκας
1122 464 1414 534 ὑφορώμενος
1441 464 1517 509 αύ-

132 529 210 569 τοῦ
249 523 329 580 τὴν
345 521 597 594 ἐπιβολήν,
645 520 944 565 διεκελεύσατο
974 521 1385 594 καταπολεμήσαντα
1413 540 1520 574 τους

134 578 430 637 ἀφεστηκότας
458 579 652 646 ἅπαντας
682 574 936 623 ἀποκτεῖναι
965 579 1037 624 καὶ
1060 579 1114 623 τὰ
1142 580 1323 635 λάφυρα
1341 582 1518 624 διαδοῦ-
1548 589 1604 631 65

134 656 209 682 ναι
236 643 328 688 τοῖς
357 636 650 691 στρατιώταις.
708 635 731 680 6
764 637 810 680 δὲ
842 635 1014 680 Πύθων
1044 635 1278 690 ἀναζεύξας
1306 636 1411 693 μετὰ
1430 642 1521 680 τῶν

135 694 382 764 δεδομένων
412 692 532 752 αύτῳ
563 696 865 747 στρατιωτῶν,
909 694 984 737 καὶ
1020 694 1140 748 παρὰ
1168 698 1256 738 τῶν
1285 708 1522 748 σατραπων

133 750 488 823 προςλαβόμενος
516 750 620 801 τοὺς
650 749 919 820 συμμάχους,
955 746 1032 806 ἧκε
1061 750 1167 821 μετὰ
1190 750 1331 808 πάσης
1352 755 1428 805 τῆς
1450 753 1524 793 δυ-

133 808 303 863 νάμεως
338 808 409 851 ἐπὶ
445 807 550 858 τούς
590 805 903 879 ἀφεστηκότας.
963 807 1036 851 διά
1073 807 1119 851 δέ
1156 824 1273 858 τινος
1311 809 1524 858 Αἰνιᾶνος

132 866 398 935 διαφθείρας
427 864 708 918 Λιπόδωρον,
738 865 809 908 ἐπὶ
830 867 1076 920 τριςχιλίων
1097 868 1376 935 στρατιωτῶν
1397 864 1517 919 παρὰ
1547 876 1603 916 70

132 927 226 972 τοῖς
255 919 523 972 ἀποστάταις
550 937 665 976 τετα)
668 937 822 990 μενον,
854 927 947 972 τοῖς
976 921 1097 973 ὅλοις
1125 921 1394 991 ἐπροτέρησε.
1453 938 1520 976 γι-

133 978 334 1048 νομένης
356 977 443 1034 γάρ
481 981 558 1033 τῆς
586 977 865 1032 παρατάξεως
893 978 967 1022 καὶ
996 982 1073 1048 τῆς
1101 979 1223 1034 νίκης
1252 977 1519 1049 ἀμφιδοξου-

132 1035 279 1106 μένης,
310 1034 334 1078 ὁ
364 1035 583 1090 προδότης
610 1034 909 1107 ἐγκαταλιπών
936 1051 1041 1086 τους
1070 1035 1325 1092 συμμάχους
1346 1033 1520 1107 ἀλόγως

132 1091 330 1162 ἀπῆλθεν
365 1091 435 1135 ἐπί
467 1108 568 1134 τινα
597 1091 740 1162 λόφον
769 1091 878 1160 ἔχων
905 1094 1181 1147 τριςχιλίους.
1240 1094 1284 1136 οἰ
1314 1091 1357 1136 δ’
1392 1092 1517 1136 ἄλλοι
1545 1101 1603 1146 75

133 1147 337 1200 δόξαντες
373 1147 559 1198 τούτους
588 1149 701 1202 πρὸς
731 1147 880 1204 φυγὴν
889 1149 1186 1218 ὡρμηκέναι,
1235 1149 1518 1219 διεταράχθη-

133 1217 217 1249 σαν
255 1205 330 1249 καὶ
365 1205 597 1258 τραπέντες
636 1205 827 1275 ἐφυγον
878 1204 902 1249 6
942 1207 989 1249 δὲ
1032 1203 1203 1275 Πύθων
1240 1205 1422 1275 νικήσας
1461 1224 1515 1278 τῃ

131 1260 256 1332 μάχῃ
286 1260 566 1319 διεκηρύξατο
608 1262 722 1317 πρός
751 1261 857 1313 τούς
896 1261 1181 1332 ηττημένους,
1235 1262 1426 1307 κελεύων
1463 1264 1518 1307 τὰ

131 1335 211 1387 μεν
239 1317 352 1361 ὅπλα
381 1319 668 1367 καταθέσθαι,
699 1317 861 1370 αὐτοὺς
891 1319 938 1363 δὲ
970 1320 1023 1363 τά
1052 1318 1183 1362 πιστὰ
1212 1319 1428 1391 λαβόντας
1447 1320 1517 1364 ἐπὶ

132 1374 209 1426 τὰς
239 1377 350 1426 ἰδίας
377 1377 603 1426 κατοικίας
634 1374 928 1447 ἀναχωρῆσαι.
985 1375 1234 1432 γενομένων
1256 1374 1301 1421 6'
1334 1377 1402 1420 ἐπὶ
1420 1376 1518 1420 τού-
1547 1386 1604 1429 80

55 1437 122 1474 263
135 1448 227 1483 τοις
258 1432 406 1502 ὅρκων
434 1433 507 1476 καὶ
537 1436 624 1476 τῶν
645 1431 862 1488 Ἑλλήνων
892 1432 1226 1491 ἀναμιχθέντων
1254 1438 1344 1485 τοῖς
1366 1438 1520 1478 Μακε-

135 1488 273 1535 δόσιν,
307 1487 331 1532 ὁ
360 1488 438 1545 μὲν
469 1488 643 1533 Πύθων
663 1489 897 1557 περιχαρὴς
913 1506 982 1545 ην,
1012 1490 1122 1534 κατά
1141 1495 1253 1534 νοῦν
1272 1490 1391 1549 αύτῷ
1413 1507 1523 1561 προ-

133 1544 398 1602 χωρούντων
423 1549 511 1589 τῶν
539 1545 824 1602 πραγμάτων,
866 1548 910 1590 οἱ
939 1547 985 1590 δὲ
1014 1545 1272 1598 Μακεδόνες
1302 1537 1523 1604 μνησθέν-

132 1619 202 1653 τες
229 1603 307 1658 μὲν
335 1607 409 1660 τῆς
438 1605 520 1646 τοῦ
552 1605 803 1657 Περδίκκου
820 1606 1124 1672 παραγγελίας,
1157 1602 1290 1647 οὐδεν
1316 1605 1363 1648 δὲ
1385 1622 1523 1660 φρον-

83 1686 86 1694 ,
132 1662 327 1710 τίσαντες
376 1663 466 1703 τῶν
510 1659 824 1730 γεγενημένων
847 1658 990 1730 ὅρκων
1018 1659 1387 1730 παρεσπόνδησαν
1417 1662 1522 1714 τούς
1551 1669 1607 1713 85

121 1715 281 1785 ’Ἐλλητ
287 1734 348 1767 ας.
408 1715 742 1787 ἀπροςδοκήτως
773 1715 858 1772 γάρ
890 1715 1041 1768 αὐτοῖς
1069 1716 1319 1773 ἐπιθέμενοι
1346 1719 1420 1762 καὶ
1446 1723 1522 1762 λα-

133 1772 285 1831 βάντες
315 1772 621 1844 ἀφυλάκτους,
663 1773 857 1824 άπαντας
883 1772 1204 1829 κατηκόντισαν
1237 1775 1311 1819 καὶ
1339 1775 1392 1819 τὰ
1420 1775 1521 1844 χρή-

132 1846 247 1885 ματα
286 1829 544 1897 διήρπασαν.
605 1829 630 1874 6
669 1846 748 1899 μεν
786 1835 869 1874 ούν
908 1833 1081 1874 Πύθων
1120 1833 1402 1898 διαψευσθεὶς
1429 1837 1521 1877 τῶν

134 1887 323 1930 ἐλπίδων
364 1886 532 1959 ἀπῆλθε
579 1889 684 1957 μετὰ
719 1903 809 1931 των
839 1889 1116 1932 Μακεδόνων
1143 1877 1256 1942 πρός
1291 1889 1370 1932 τὸν
1402 1893 1522 1947 Περ-

135 1944 306 1987 δίκκαν.
364 1945 437 1987 καὶ
465 1942 520 1987 τὰ
535 1945 629 2013 μὲν
657 1943 768 1987 κατὰ
796 1943 876 2015 τὴν
897 1944 1044 1988 ’'Amav
1073 1945 1120 1988 ἐν
1148 1944 1320 1997 τούτοις
1351 1941 1419 2002 ἦν.
1545 1956 1600 1997 90

246 2000 371 2043 Kato}
409 1999 455 2047 δὲ
492 2017 574 2057 την
604 2000 828 2056 Εὐρώπην
850 2000 1015 2045 Ῥόδιοι
1043 2002 1122 2057 μὲν
1152 2002 1406 2075 ἐκβαλόντες
1435 2003 1516 2061 τήν
1547 2011 1577 2051 8

134 2056 461 2127 Μακεδονικην
485 2057 694 2129 φρουρὰν
731 2057 1040 2114 ἠλευθέρωσαν
1078 2074 1158 2128 την
1197 2057 1349 2112 πόλιν,
1390 2059 1519 2128 Ἀθη-

133 2118 255 2157 ναῖοι
292 2113 339 2157 δὲ
377 2113 487 2168 πρὸς
519 2112 801 2184 Ἀντίπατρον
828 2115 1022 2171 πόλεμον
1049 2115 1303 2190 ἐξήνεγκαν
1307 2116 1388 2161 τόν
1416 2118 1519 2163 ὀνο-

131 2168 358 2224 μασθέντα
394 2171 642 2226 Λαμιακόν.
698 2170 860 2215 τούτου
900 2172 946 2216 δὲ
981 2172 1059 2224 τάς
1098 2174 1238 2224 αἰτίας
1279 2171 1520 2243 ἀναγκαῖόν
1547 2180 1603 2223 95

133 2226 224 2271 ἐστι
259 2227 560 2283 προεκθέσθαι
594 2227 725 2286 χάριν
762 2233 846 2273 τοῦ
880 2229 1153 2287 σαφεστέρας
1193 2230 1399 2288 γενέσθαι
1441 2232 1521 2286 τάς

135 2373 195 2410 59.
240 2376 322 2416 ταῖς
351 2378 429 2420 φ.ιλ
458 2376 529 2423 W,
568 2376 698 2413 caeteri
732 2379 810 2423 φιλ.
833 2378 949 2424 etqui
973 2380 1297 2424 φιλανθρωπειάις
1319 2381 1350 2416 F

136 2421 196 2455 61.
241 2418 319 2457 ἄνω
342 2423 503 2467 Fva‚
527 2425 654 2459 caeteri
678 2422 800 2461 ἄλλων
982 2426 1041 2461 63.
1091 2425 1294 2486 ἐπιβολήν]
1320 2426 1521 2476 ἐπιβουλήν

136 2466 222 2501 Bas.
402 2469 460 2505 64.
511 2468 679 2513 ἅπαντας
702 2470 919 2507 ἀποκτεῖναι
942 2472 1044 2519 FW,
1070 2473 1197 2509 caeteri
1221 2473 1439 2512 ἀποκτεῖναι

229 2512 286 2547 67.
331 2526 419 2556 τους
441 2515 675 2563 συμμάχους]
708 2519 917 2564 συμμαχίας
940 2519 970 2553 F
1159 2520 1218 2557 68.
1267 2519 1348 2566 ἐπὶ]
1376 2519 1468 2566 πρός
1490 2523 1522 2557 F

332 2560 390 2595 69.
436 2563 629 2609 Αἰνιᾶνος]
661 2565 849 2606 αἰνειᾶνος
880 2565 911 2599 F
1115 2564 1361 2612 Λιπόδωρον]
1399 2568 1524 2604 λειπό-

139 2604 264 2659 δωρον
285 2604 317 2639 F
496 2608 555 2647 71.
599 2608 821 2656 ἐπροτέρησε
845 2611 1019 2653 wessel„
1051 2609 1292 2668 ἐπροετέρησε
1314 2615 1397 2649 Bas.
1388 2640 1420 2657 .‚
1445 2626 1526 2650 cae·

138 2654 205 2686 ten
226 2648 441 2712 προετέρησε
619 2657 678 2692 74.
725 2658 971 2713 τριςχιλίους]
1005 2657 1128 2692 malim
1148 2659 1240 2701 τούς
1260 2663 1479 2705 τριςχιλίους

230 2696 288 2732 75
337 2697 379 2733 δ’
403 2700 434 2733 F
614 2703 672 2738 77.
721 2702 987 2761 διεκηρύξατο]
1013 2702 1220 2760 ἐκηρύξατο
1245 2707 1352 2740 Fvw

138 2741 235 2800 πρός
255 2755 324 2779 οιιι.
348 2745 433 2781 Bas.
615 2748 672 2785 78
715 2746 968 2808 ἡττημένους]
1003 2747 1186 2795 ἡγεμόνας
1206 2753 1283 2789 ταῖν
1305 2749 1521 2800 ἡττημένων

139 2789 187 2835 Q,
210 2785 434 2834 ηττομένους
454 2792 537 2828 Bas.
719 2797 779 2833 79.
827 2795 964 2841 πιστοὶ]
987 2800 1137 2834 πλεῖστα
1159 2799 1244 2834 Bas.

230 2835 311 2872 263.
341 2837 400 2873 90.
447 2833 523 2885 ἦν]
548 2842 626 2885 post
646 2840 716 2877 hoe
738 2843 866 2879 lacuna
888 2847 941 2880 est
962 2842 998 2878 in
1021 2843 1056 2878 Τ
1194 2845 1253 2881 93.
1300 2842 1343 2881 δὲ
1364 2855 1436 2881 om
1457 2845 1521 2880 Fv
