1820 3249
293 133 403 174 147⁶
696 129 807 171 mn.
837 109 925 170 x'x.
984 129 1111 171 cAP
1141 130 1208 173 24
1227 130 1305 173 '25

213 244 266 287 45
296 242 557 291 δυναστείαν
598 238 851 296 παρέλαβεν.
897 230 1122 311 Εὐμήλου
1161 241 1207 285 δὲ
1243 241 1666 312 διαπρεσβευομένου

292 299 391 352 περὶ
420 297 582 365 μέρους
609 300 684 352 τῆς
714 298 963 367 βασιλείας,
981 297 1122 356 τούτῳ
1152 297 1230 353 μὲν
1259 296 1313 341 οὐ
1341 303 1581 353 προςεῐχεν·
1620 299 1667 342 ἐν

294 355 341 399 δὲ
372 353 575 423 Γαργάζῃ
612 353 817 422 φρουρὰν
848 349 1076 406 ἀπολιπών
1097 342 1360 424 ἐπανῆλθεν
1399 357 1458 405 εἰς
1499 358 1667 397 Παντι-

293 410 506 462 κάπαιον,
524 407 897 479 ἀσφαλισόμενος
934 410 988 454 τά
1017 410 1125 454 κατὰ
1155 411 1233 466 τήν
1261 413 1498 480 βασιλείαν.
1557 409 1665 454 καθ’

296 467 350 511 6v
379 468 432 522 δὴ
461 465 623 537 χρόνον
641 466 845 537 Εὔμηλος
864 469 1284 522 συναγωνισαμένων
1314 467 1432 526 αὐτῷ
1451 470 1537 509 τῶν
1557 469 1667 522 βαρ-

213 522 448 592 οΟβάρων
477 522 569 579 τήν
593 538 637 566 τε
667 521 897 595 Γάργαζαν
911 523 1199 595 κατελάβετο
1211 527 1284 566 καὶ
1312 528 1399 567 τῶν
1404 513 1568 566 ἀλλων
1595 539 1669 566 πο-

297 578 515 635 λισμάτων
553 581 627 622 καὶ
661 582 832 635 χωρίων
870 578 950 623 οὐκ
988 579 1125 635 ὀλίγα
1183 579 1604 633 ἐπιστρατεύσαντος
1623 579 1670 622 δὲ

295 641 377 681 τοῦ
408 636 685 691 Πρυτάνιδος
713 637 827 693 μα’χη
856 652 900 679 τε
928 636 1096 706 ἐνίκησε
1129 636 1205 679 τὸν
1235 635 1439 691 ἀδελφόν,
1471 638 1544 680 καὶ
1569 643 1670 690 συγ-

296 695 467 743 κλείσας
497 695 556 743 εἰς
592 693 669 735 τὸν
698 693 885 751 ἰσθμόν
888 693 967 748 τόν
992 690 1176 748 πλησίον
1211 696 1285 749 τῆς
1314 693 1568 741 Μαιώτιδος
1599 695 1747 735 λί-423

213 752 267 794 55
295 767 406 807 μνης
436 749 764 818 συνηνάγκασεν
794 742 1031 821 ὁμολογίας
1059 749 1240 799 θέσθαι,
1272 748 1375 792 καθ’
1409 748 1459 814 ἃς
1479 748 1590 818 τούς
1624 749 1669 791 τε

293 804 557 862 στρατιώτας
586 805 812 859 παρέδωκε
860 823 933 849 και
968 809 1044 862 τῆς
1072 807 1290 860 βασιλείας
1321 807 1521 874 ἐκχωρεῖν
1552 804 1670 874 ωμο-

292 863 486 919 λόγησεν.
557 879 615 912 ως
665 861 727 904 δὲ
728 863 1003 931 παρεγένετο
1052 863 1111 912 εἰς
1151 861 1511 914 Παντικάπαιον,
1549 862 1595 904 ἐν
1635 878 1670 917 ῳ

292 920 342 963 τὸ
384 920 619 987 βασίλειον
643 913 698 974 ἦν
733 917 801 961 ἀεὶ
839 924 930 962 τῶν
969 919 1016 963 ἐν
1052 918 1268 975 Βοσπόρῳ
1306 906 1671 987 βασιλευσάντων,

294 977 536 1046 ἐπεχείρησε
575 991 664 1047 μεν
691 974 822 1022 πάλιν
851 969 1125 1045 ἀνακτᾶσθαι
1161 976 1242 1033 τήν
1271 975 1518 1046 βασιλείαν,
1548 991 1670 1018 κατι-

211 1032 265 1071 60
295 1033 470 1103 σχυθεὶς
510 1032 557 1076 δὲ
597 1031 670 1085 καὶ
711 1049 867 1088 φυγων
911 1035 971 1083 είς
1009 1031 1114 1083 τούς
1151 1033 1452 1102 καλουμένους
1488 1030 1672 1101 Κήπους

293 1088 500 1158 ἀνῃρέθη.
558 1087 774 1157 Εὔμηλος
802 1090 848 1133 δὲ
877 1088 980 1143 μετά
1010 1088 1088 1132 τὸν
1117 1092 1205 1131 τῶν
1244 1087 1446 1158 ἀᾷελφων
1474 1087 1671 1132 θάνατον

292 1144 571 1218 βουλόμενος
588 1144 801 1205 ἀσφαλως
824 1147 986 1217 θέσθαι
1014 1146 1067 1189 τὰ
1094 1144 1204 1188 κατὰ
1231 1144 1311 1205 την
1341 1143 1497 1208 ἀρχήν,
1528 1142 1668 1187 ἀνεῖλε

291 1202 395 1254 τούς
437 1218 482 1245 τε
497 1203 673 1272 φίλους
711 1206 799 1245 τῶν
834 1203 932 1275 περὶ
961 1195 1045 1246 τὸν
1075 1201 1283 1271 Σάτυρον
1323 1185 1396 1244 uest
1431 1200 1670 1254 Πρύτανιν,

292 1260 355 1304 ἔτι
386 1258 433 1303 δὲ
461 1257 537 1310 τὰς
572 1262 783 1328 γυναῖκας
821 1260 896 1302 και
933 1259 986 1302 τά
1016 1257 1156 1301 τέκνα.
1215 1257 1352 1313 μόνος
1389 1258 1435 1301 δὲ
1442 1257 1671 1329 διέφυγεν

210 1314 265 1359 65
294 1315 433 1360 αὐτόν
471 1314 494 1359 ὁ
524 1321 646 1366 παῖς
667 1313 690 1358 ὁ
726 1315 933 1370 Σατύρου
968 1313 1262 1382 Παρυσάδης,
1280 1331 1345 1382 ,ηνε
1336 1314 1395 1364 ὀς
1426 1312 1489 1357 ὧν
1518 1329 1673 1382 παντε-

289 1377 376 1423 λῶς
405 1372 485 1427 τὴν
509 1370 714 1443 ἡλικίαν·
756 1371 1011 1424 ἐξιππεύσας
1047 1370 1131 1436 γὰρ
1170 1371 1218 1413 ἐκ
1247 1374 1324 1426 τῆς
1352 1370 1517 1422 πόλεως
1530 1370 1674 1428 κατέ-

290 1444 403 1499 φυγε
431 1427 544 1481 πρὸς
570 1427 783 1483 ’Ἀγαρον
801 1428 879 1471 τὸν
908 1428 1115 1483 βασιλέα
1119 1444 1208 1471 των
1236 1432 1444 1497 Σκυθων.
1506 1424 1673 1481 ἀγανα-

290 1485 515 1531 κτούντων
555 1484 602 1528 δε
642 1501 731 1528 των
772 1477 965 1529 πολιτῶν
1002 1485 1070 1528 ἐπὶ
1107 1500 1167 1528 τω
1209 1485 1348 1541 φόνῳ
1366 1500 1454 1536 των
1484 1484 1672 1554 οἰκείων,

294 1556 557 1612 συναγαγων
587 1543 647 1593 είς
675 1542 907 1594 ἐκκλησίαν
935 1559 988 1584 τα
1012 1529 1158 1597 πλήθη
1184 1543 1281 1596 περί
1310 1556 1355 1584 τε
1383 1538 1553 1584 τούτων
1576 1540 1675 1583 ἀπε-

211 1608 264 1647 70
294 1598 511 1671 λογήσατο
535 1599 607 1642 καὶ
629 1597 708 1669 τήν
737 1598 924 1652 πάτριον
944 1599 1166 1651 πολιτείαν
1191 1595 1522 1669 ἀποκατέστησε.
1554 1609 1674 1640 συνε-

294 1658 469 1727 χωρησε
498 1655 543 1699 δὲ
583 1655 658 1699 καὶ.
685 1655 766 1709 τὴν
804 1655 996 1698 ἀτέλειαν
1034 1655 1144 1711 ἔχειν
1178 1655 1259 1710 τήν
1295 1654 1364 1698 ἐπὶ
1394 1671 1484 1697 των
1512 1655 1674 1707 προγό-

293 1726 386 1757 νων
415 1708 555 1756 οὖσαν
581 1716 673 1762 τοῖς
703 1711 1033 1782 Παντικάπαιον
1061 1713 1245 1755 οἰκοῦσι.
1283 1712 1672 1779 προςεπηγγείλατο

294 1770 341 1814 δὲ
370 1771 443 1813 καὶ
471 1773 559 1812 τῶν
592 1770 810 1823 είςφοριδν
840 1768 1035 1820 ἀπαντας
1072 1767 1284 1838 ἀφήσειν,
1315 1769 1390 1810 καὶ
1421 1765 1561 1810 πολλοὶ
1593 1768 1674 1810 διε-

211 1826 265 1869 75
294 1826 427 1892 λέχθη
457 1827 754 1895 ᾇημαγωγων
769 1842 822 1868 τα
859 1825 1018 1881 πλήθη
1075 1842 1201 1893 ταχυ
1223 1825 1268 1868 δὲ
1295 1824 1474 1867 πάντων
1502 1825 1563 1874 είς
1593 1822 1675 1893 τὴν

293 1881 671 1938 προϋπάρχουσαν
712 1881 893 1926 εὔνοιαν
923 1879 1319 1925 ἀποκαταστάντων
1351 1880 1423 1924 διά
1438 1879 1529 1939 τάς
1557 1877 1674 1949 ευερ-

294 1940 472 2009 γεσίας,
499 1940 547 1982 τὸ
577 1937 733 1981 λοιπόν
758 1939 1029 2008 ἐβασίλευεν
1041 1937 1185 2009 ἄρχων
1213 1939 1410 1994 νομίμως
1446 1941 1534 1980 τῶν
1559 1936 1672 1979 υπο-

296 1995 564 2052 τεταγμένων
595 1995 668 2037 καὶ
699 1995 770 2038 διά
789 1997 874 2050 τὴν
886 1994 1061 2065 ἀρετήν
1095 1993 1148 2038 οὐ
1185 1996 1366 2049 μετρίως
1394 1988 1672 2047 θαυμαζόμε-

213 2054 268 2094 25
297 2070 388 2104 νος.
446 2053 711 2105 Βυζαντίους
738 2068 826 2121 μεν
845 2051 928 2107 γὰρ
959 2053 1032 2095 καὶ
1062 2055 1280 2101 Σινωπεις
1308 2051 1380 2094 καὶ
1409 2053 1498 2092 τῶν
1528 2048 1672 2092 ἄλλων
1712 2075 1716 2077 s

215 2113 268 2151 SO
292 2106 513 2164 Ἑλλήνων
541 2111 630 2151 τῶν
658 2107 737 2151 τόν
758 2107 933 2151 Πόντον
950 2107 1193 2151 οἰκούντων
1213 2107 1316 2157 τούς
1338 2102 1565 2156 πλείστους
1590 2108 1673 2149 διε-

296 2166 464 2210 τέλεσεν
512 2162 774 2219 εὐεργετῶν·
828 2167 1144 2208 Καλλατιανῶν
1189 2164 1236 2207 δε
1286 2161 1674 2231 πολιορκουμένων

298 2221 385 2266 ὑπὸ
424 2220 680 2277 Λυσιμάχου
723 2221 796 2264 καὶ
844 2221 1108 2290 πιεζομένων
1151 2223 1209 2289 τῇ
1247 2219 1401 2262 σπάνει
1439 2222 1527 2261 τῶν
1570 2217 1675 2262 ἀνα-

299 2279 479 2348 γκαίων,
507 2280 673 2350 χιλίους
693 2277 925 2329 υπεδέξατο
957 2277 1061 2328 τοὺς
1090 2275 1160 2321 διά
1191 2277 1269 2332 τὴν
1300 2277 1515 2320 σιτοδείαν
1547 2275 1675 2344 ἐκχω-

218 2332 272 2376 85
301 2334 531 2392 ρήσαντας
591 2332 656 2387 οἷς
685 2334 739 2379 οὐ
776 2334 915 2391 μόνον
942 2338 1024 2391 τῆς
1049 2337 1303 2390 καταφυγῆς
1330 2331 1564 2388 παρέσχετο
1594 2330 1674 2388 τήν

299 2538 360 2575 48
379 2537 426 2619 δ4ὴ
417 2549 506 2619 ζ’ἓω
510 2539 576 2619 (ig
600 2584 802 2629 κατέφυγε]
826 2584 1030 2632 προςέφυγε
1046 2585 1077 2619 F
1259 2583 1314 2618 70.
1337 2581 1406 2629 τήν
1429 2593 1497 2616 om.
1521 2583 1603 2616 Bas.

416 2631 475 2666 72
501 2626 616 2666 οὖσαν
640 2644 709 2665 om.
732 2632 810 2666 FW
998 2631 1056 2665 73.
1083 2629 1292 2673 εἰςφορων]
1322 2627 1569 2674 μισθοφόρων
1592 2627 1670 2661 Fw

441 2677 498 2710 79.
521 2676 588 2721 γὰρ
612 2689 682 2712 om.
707 2679 738 2712 F
920 2676 977 2711 80.
1001 2677 1069 2712 τόν
1094 2676 1255 2719 Πόντον]
1280 2676 1349 2719 τήν
1375 2675 1524 2710 Πόντου
1548 2675 1593 2709 W

395 2724 453 2759 81.
477 2724 739 2758 Καλλατιανῶν
762 2723 1027 2768 Wesselingius.
1059 2722 1141 2757 libri
1164 2722 1450 2758 Καλλαντιανῶν
1611 2718 1668 2753 84.

303 2768 576 2816 ἐκχωρήσαντας
599 2771 628 2805 Υ
653 2772 760 2814 Bas„
781 2770 908 2806 caeteri
931 2766 1244 2816 ἀποχωρήσαντας
