1820 3249
73 751 140 786 9:35

587 750 744 785 'I'AAE
794 749 1097 784 ΕΝΕΣΤῘΝ

151 845 274 892 ΕΝ
359 846 531 893 ΤΗΙ
608 841 1535 893 ΟΚΤΩΚΑΙΔΕΚΑΤΗΙ

419 958 563 997 ΤΩΝ
599 958 961 997 ΔΙΟΔΩΡΟΤ
989 958 1276 996 ΒΙΒΛΩΝ.

149 1154 197 1199 α’.
227 1158 278 1198 Ἠ
290 1157 485 1229 γενομένη
506 1157 655 1227 ταραχὴ
677 1159 746 1201 καὶ
765 1157 901 1208 στασις
920 1175 1017 1213 μετα
1035 1157 1110 1212 την
1126 1155 1386 1214 Ἀλεξάνδρου
1401 1161 1530 1200 τελευ-

147 1383 192 1439 γ’.

149 1496 196 1539 δ’.

259 1232 335 1266 την
357 1216 402 1257 ἐν
421 1220 508 1265 ταῖς
531 1213 740 1270 δυναμεσι.

228 1274 457 1326 Περδίκκου
481 1271 716 1327 παραληψις
746 1275 819 1326 τῆς
847 1288 947 1314 κατα
969 1288 1046 1326 την
1073 1272 1281 1326 βασιλείαν
1308 1271 1531 1325 ἐπιμελείας

259 1329 328 1370 καὶ
343 1331 533 1384 διαίρεσις
552 1333 632 1370 τῶν
656 1333 920 1384 σατραπειων.

227 1382 458 1435 Ἀπόστασις
492 1390 572 1427 τῶν
609 1387 652 1428 ἕν
686 1393 775 1436 ταῖς
802 1385 889 1428 ἅνω
918 1386 1175 1456 σατραπείαις
1199 1381 1423 1439 Ἑλλήνων,
1457 1383 1527 1425 καὶ
1557 1385 1584 1427 5

261 1439 463 1495 οἷποστολή
485 1447 708 1497 στρατηγοῦ
727 1441 935 1491 Πύθωνος
953 1439 1019 1484 ἐπ’
1038 1439 1197 1491 αὐτους.

224 1495 460 1553 Ἀπαγγελία
489 1503 561 1553 τῆς
590 1516 692 1542 κατα
717 1515 792 1553 την
817 1496 956 1541 Ἀσίαν
984 1498 1137 1548 θέσεως
1159 1515 1228 1541 και
1253 1501 1334 1540 τῶν
1362 1497 1406 1540 ἓν
1426 1494 1529 1553 αυτῇ

261 1560 518 1608 σατραπειῶν.

149 1621 189 1665 ε’.
217 1623 286 1672 Ὡς
307 1620 470 1665 Πύθων
490 1623 789 1692 κατεπολέμησε
798 1639 894 1671 τους
917 1619 1170 1672 οἷποσταντας
1174 1620 1387 1676 Έλληνας.
1559 1626 1630 1671 1Ο”

85 1693 88 1701 ·
146 1677 193 1727 ς’.
220 1680 290 1730 Ὡς
303 1676 514 1733 Ἀθηναῖοι
527 1677 700 1734 πόλεμον
720 1677 935 1735 ἐξήνεγκαν
957 1679 1054 1735 πρὸς
1072 1677 1327 1734 Ἀντίπατρον
1344 1694 1416 1722 τον
1438 1674 1527 1720 ὅνο-

147 1790 191 1843 ζ’

147 1959 201 2015 η’.

259 1737 464 1790 μασθέντα
480 1735 705 1790 Λαμιακόν.

227 1793 296 1842 Ὡς
325 1793 570 1847 Λεωσθένης
598 1791 850 1846 οἷναδειχθεῖς
877 1791 1093 1863 στρατηγὸς
1128 1793 1197 1835 καὶ
1232 1805 1529 1846 συστησαμενος
1559 1805 1613 1848 15

259 1847 455 1904 δύναμιν,
494 1851 652 1904 ἐνίκησε
681 1849 786 1907 μάχῃ
812 1849 880 1892 τὸν
898 1847 1158 1905 Ἀντίπατρον
1185 1850 1254 1893 καὶ
1281 1849 1529 1893 συνέκλεισεν

261 1908 319 1955 εἰς
334 1905 454 1948 πόλιν
473 1909 651 1960 Λαμίαν.

232 1963 502 2013 Λεωσθένους
519 1968 593 2005 τοῦ
615 1966 836 2018 στρατηγοῦ
857 1962 1024 2035 τελευτη
1033 1963 1101 2014 καὶ
1121 1960 1343 2015 ἔπιταφιος.

147 2017 201 2060 θ.
235 2017 482 2074 Παραληψις
501 2025 582 2061 τῶν
602 2024 856 2090 σατραπειῶν
869 2018 952 2061 ὖπὸ
970 2024 1050 2061 τῶν
1067 2019 1367 2074 μεμερισμένων
1388 2003 1525 2067 αυτας.
1555 2033 1612 2074 20

148 2073 184 2116 ι’.
211 2076 444 2144 Ἱππομαχία
457 2081 539 2119 τῶν
555 2075 756 2131 Ἑλλήνων
777 2075 880 2133 πρός
897 2075 1131 2119 Λεόννατον
1147 2077 1215 2118 καὶ
1232 2078 1325 2130 νίκη
1344 2092 1425 2117 των
1445 2075 1527 2116 Ἑλ-

259 2130 408 2187 λήνων.

146 2199 210 2242 ια’.
238 2201 306 2250 Ὡς
321 2199 574 2257 Ἀντίπατρος
585 2199 821 2244 Λεοννατου
844 2200 1065 2258 σφαγέντος
1085 2202 1129 2243 ἐν
1141 2204 1192 2258 τῇ
1207 2218 1314 2257 μαχῃ
1328 2198 1527 2256 παρέλαβε

257 2275 332 2311 την
349 2258 585 2301 Λεοννατου
605 2257 791 2312 δύναμιν.

148 2295 212 2366 ιβ’.
239 2314 306 2364 Ὡς
325 2320 488 2364 Κλεῖτος
511 2316 532 2357 ὁ
553 2332 636 2357 των
647 2311 905 2357 Μακεδονων
926 2311 1124 2370 ναύαρχος
1143 2315 1300 2368 ἐνίκησε
1319 2313 1411 2357 δνσὶ
1429 2330 1522 2356 vav·
1551 2313 1607 2356 25

261 2388 326 2423 μα
317 2389 417 2424 μαις
433 2389 528 2421 τους
535 2370 749 2439 “”Έλληνας.

150 2425 211 2480 ιγ’.
239 2426 308 2476 Ὡς
337 2431 563 2495 Περδίκκας
586 2425 836 2483 Ἀριαράθην
860 2425 932 2469 τόν
959 2426 1122 2481 βασιλέα
1140 2424 1358 2481 παρατάξει
1377 2424 1527 2488 μεγάλῃ

261 2480 440 2542 νικήσας,
470 2483 664 2541 ἐζώγρησε
680 2484 752 2527 τόν
773 2483 936 2539 βασιλεα
958 2501 1054 2538 μετα
1074 2484 1143 2526 καὶ
1162 2485 1322 2529 πολλῶν
1342 2483 1486 2526 ἄλλων
1537 2541 1540 2544 ἱ

239 2649 320 2684 255.
368 2650 470 2685 inser.
492 2653 568 2687 των
591 2657 636 2691 A.
648 2654 661 2699 ]
688 2657 731 2688 Δ.
754 2653 835 2688 Bas.
1010 2651 1044 2688 5.
1090 2648 1294 2692 ἀπόστασις
1313 2670 1360 2676 -
1381 2648 1522 2690 aurove

149 2695 389 2740 dittographia
404 2700 486 2732 eunt
500 2696 642 2735 inarum
658 2697 709 2741 ὥς
723 2698 868 2735 Πύθων
875 2697 1143 2743 κατεπολέμησε
1153 2717 1197 2724 -·
1198 2695 1381 2742 Ι’Έλληνας
1390 2701 1425 2732 et
1441 2697 1521 2730 loeo

149 2747 368 2785 praepostero
390 2748 562 2785 ponuntur
740 2747 776 2781 (5.
825 2745 1012 2785 Πύθωνος
1034 2745 1081 2778 W
1100 2747 1313 2786 constanter,
1336 2742 1523 2787 aliquoties

148 2788 192 2829 F
216 2788 344 2821 ”amen
368 2790 546 2830 Πίθωνος
584 2801 593 2805 “’
707 2790 743 2826 8.
789 2788 1010 2837 ἀπαγγελία]
1036 2789 1228 2847 ἐπαγγελία
1249 2790 1297 2824 W
1465 2782 1523 2822 16.

151 2834 314 2878 Λαμίαν]
341 2835 537 2878 Λαμιανόν
559 2837 640 2872 Bas
801 2838 858 2873 19.
904 2834 1199 2883 μεμερισμένων]
1222 2846 1451 2882 μερισαντων
1477 2832 1521 2867 W
