<?xml version="1.0" encoding="UTF-8"?>
<!DOCTYPE html PUBLIC "-//W3C//DTD XHTML 1.0 Transitional//EN"
    "http://www.w3.org/TR/xhtml1/DTD/xhtml1-transitional.dtd">
<html xmlns="http://www.w3.org/1999/xhtml" xml:lang="en" lang="en">
 <head>
  <title>
</title>
<meta http-equiv="Content-Type" content="text/html;charset=utf-8" />
  <meta name='ocr-system' content='tesseract 3.04.00' />
  <meta name='ocr-capabilities' content='ocr_page ocr_carea ocr_par ocr_line ocrx_word'/>
</head>
<body>
  <div class='ocr_page' id='page_1' title='image "./p1bibliothecahisto02dioduoft_0041.png"; bbox 0 0 1820 3249; ppageno 0'>
   <div class='ocr_carea' id='block_1_1' title="bbox 18 2103 64 2136">
    <p class='ocr_par' dir='ltr' id='par_1_1' title="bbox 18 2103 64 2136">
     <span class='ocr_line' id='line_1_1' title="bbox 18 2103 64 2136; baseline 0 0"><span class='ocrx_word' id='word_1_1' title='bbox 18 2103 64 2136; x_wconf 73' lang='lat'><em>22</em></span> 
     </span>
    </p>
   </div>
   <div class='ocr_carea' id='block_1_2' title="bbox 503 117 1498 162">
    <p class='ocr_par' dir='ltr' id='par_1_2' title="bbox 503 117 1498 162">
     <span class='ocr_line' id='line_1_2' title="bbox 503 117 1498 162; baseline 0.003 -3"><span class='ocrx_word' id='word_1_2' title='bbox 503 119 621 160; x_wconf 87' lang='lat' dir='ltr'><strong>LIB.</strong></span> <span class='ocrx_word' id='word_1_3' title='bbox 652 117 743 160; x_wconf 89' lang='lat' dir='ltr'><em>XV.</em></span> <span class='ocrx_word' id='word_1_4' title='bbox 796 117 924 160; x_wconf 78' lang='lat' dir='ltr'>CAP.</span> <span class='ocrx_word' id='word_1_5' title='bbox 950 119 1019 161; x_wconf 83' lang='lat'><em>25.</em></span> <span class='ocrx_word' id='word_1_6' title='bbox 1040 121 1108 161; x_wconf 81' lang='lat'><em>26.</em></span> <span class='ocrx_word' id='word_1_7' title='bbox 1413 121 1498 162; x_wconf 81' lang='lat'><em>969</em></span> 
     </span>
    </p>
   </div>
   <div class='ocr_carea' id='block_1_3' title="bbox 89 226 1579 2452">
    <p class='ocr_par' dir='ltr' id='par_1_3' title="bbox 92 226 1579 2452">
     <span class='ocr_line' id='line_1_3' title="bbox 120 226 1495 286; baseline 0 -11"><span class='ocrx_word' id='word_1_8' title='bbox 120 231 194 275; x_wconf 88' lang='grc' dir='ltr'><em>καὶ</em></span> <span class='ocrx_word' id='word_1_9' title='bbox 230 230 418 275; x_wconf 84' lang='grc' dir='ltr'><em>Λεύκιον</em></span> <span class='ocrx_word' id='word_1_10' title='bbox 446 232 667 274; x_wconf 79' lang='grc' dir='ltr'><em>Κοΐντιον.</em></span> <span class='ocrx_word' id='word_1_11' title='bbox 705 229 774 274; x_wconf 82' lang='grc' dir='ltr'><em>ἐπὶ</em></span> <span class='ocrx_word' id='word_1_12' title='bbox 814 229 861 273; x_wconf 78' lang='grc' dir='ltr'><em>δὲ</em></span> <span class='ocrx_word' id='word_1_13' title='bbox 889 226 1058 273; x_wconf 87' lang='grc' dir='ltr'><em>τούτων</em></span> <span class='ocrx_word' id='word_1_14' title='bbox 1081 228 1112 272; x_wconf 95' lang='lat'><strong><em>6</em></strong></span> <span class='ocrx_word' id='word_1_15' title='bbox 1149 230 1325 286; x_wconf 79' lang='grc' dir='ltr'><em>κληθεὶς</em></span> <span class='ocrx_word' id='word_1_16' title='bbox 1352 233 1495 275; x_wconf 85' lang='grc' dir='ltr'><em>Βοιω-</em></span> 
     </span>
     <span class='ocr_line' id='line_1_4' title="bbox 119 287 1492 344; baseline 0 -12"><span class='ocrx_word' id='word_1_17' title='bbox 119 288 239 339; x_wconf 86' lang='grc' dir='ltr'><em>τικός</em></span> <span class='ocrx_word' id='word_1_18' title='bbox 277 287 462 343; x_wconf 85' lang='grc' dir='ltr'><em>πόλεμος</em></span> <span class='ocrx_word' id='word_1_19' title='bbox 497 287 658 344; x_wconf 80' lang='grc' dir='ltr'><strong><em>ἐνέστη</em></strong></span> <span class='ocrx_word' id='word_1_20' title='bbox 701 288 1066 341; x_wconf 85' lang='grc' dir='ltr'><em>Λακεδαιμονίοις</em></span> <span class='ocrx_word' id='word_1_21' title='bbox 1117 287 1228 340; x_wconf 87' lang='grc' dir='ltr'><em>πρὸς</em></span> <span class='ocrx_word' id='word_1_22' title='bbox 1267 287 1492 340; x_wconf 80' lang='grc' dir='ltr'><em>Βοιωτούς</em></span> 
     </span>
     <span class='ocr_line' id='line_1_5' title="bbox 120 342 1494 414; baseline 0 -26"><span class='ocrx_word' id='word_1_23' title='bbox 120 346 194 389; x_wconf 82' lang='grc' dir='ltr'><em>διά</em></span> <span class='ocrx_word' id='word_1_24' title='bbox 243 344 445 395; x_wconf 81' lang='grc' dir='ltr'><strong><em>τοιαύτας</em></strong></span> <span class='ocrx_word' id='word_1_25' title='bbox 507 346 656 395; x_wconf 81' lang='grc' dir='ltr'><strong><em>αἰτίας</em></strong></span> <span class='ocrx_word' id='word_1_26' title='bbox 739 342 819 400; x_wconf 81' lang='grc' dir='ltr'><em>τὴν</em></span> <span class='ocrx_word' id='word_1_27' title='bbox 881 345 1106 398; x_wconf 87' lang='grc' dir='ltr'><em>Καδμείαν</em></span> <span class='ocrx_word' id='word_1_28' title='bbox 1163 344 1494 414; x_wconf 79' lang='grc' dir='ltr'><em>φρουρούντων</em></span> 
     </span>
     <span class='ocr_line' id='line_1_6' title="bbox 119 398 1493 456; baseline 0 -12"><span class='ocrx_word' id='word_1_29' title='bbox 119 403 476 456; x_wconf 85' lang='grc' dir='ltr'><em>Λακεδαιμονίων</em></span> <span class='ocrx_word' id='word_1_30' title='bbox 505 401 667 451; x_wconf 83' lang='grc' dir='ltr'><em>α’δίκως</em></span> <span class='ocrx_word' id='word_1_31' title='bbox 694 401 768 445; x_wconf 85' lang='grc' dir='ltr'><em>καὶ</em></span> <span class='ocrx_word' id='word_1_32' title='bbox 796 399 988 450; x_wconf 81' lang='grc' dir='ltr'><em>πολλούς</em></span> <span class='ocrx_word' id='word_1_33' title='bbox 1028 403 1118 442; x_wconf 77' lang='grc' dir='ltr'><em>τῶν</em></span> <span class='ocrx_word' id='word_1_34' title='bbox 1147 398 1388 455; x_wconf 78' lang='grc' dir='ltr'><em>ἀξιολόγων</em></span> <span class='ocrx_word' id='word_1_35' title='bbox 1419 400 1493 444; x_wconf 77' lang='grc' dir='ltr'><em>άν-</em></span> 
     </span>
     <span class='ocr_line' id='line_1_7' title="bbox 120 456 1577 512; baseline 0.001 -12"><span class='ocrx_word' id='word_1_36' title='bbox 120 460 240 509; x_wconf 81' lang='grc' dir='ltr'><em>δρῶν</em></span> <span class='ocrx_word' id='word_1_37' title='bbox 286 458 711 512; x_wconf 87' lang='grc' dir='ltr'><em>πεφυγαδευκότων,</em></span> <span class='ocrx_word' id='word_1_38' title='bbox 761 456 1126 512; x_wconf 81' lang='grc' dir='ltr'><em>συνεστράφησαν</em></span> <span class='ocrx_word' id='word_1_39' title='bbox 1184 458 1228 500; x_wconf 82' lang='grc' dir='ltr'><em>οἱ</em></span> <span class='ocrx_word' id='word_1_40' title='bbox 1287 458 1492 512; x_wconf 82' lang='grc' dir='ltr'><em>φυγάδες,</em></span> <span class='ocrx_word' id='word_1_41' title='bbox 1523 465 1577 505; x_wconf 91' lang='grc'><em>60</em></span> 
     </span>
     <span class='ocr_line' id='line_1_8' title="bbox 117 513 1497 584; baseline -0.001 -26"><span class='ocrx_word' id='word_1_42' title='bbox 117 516 190 558; x_wconf 83' lang='grc' dir='ltr'><em>καὶ</em></span> <span class='ocrx_word' id='word_1_43' title='bbox 221 516 633 583; x_wconf 84' lang='grc' dir='ltr'><em>συνεπιλαβομὲνων</em></span> <span class='ocrx_word' id='word_1_44' title='bbox 678 513 921 584; x_wconf 79' lang='grc' dir='ltr'><em>Ἀθηναίων</em></span> <span class='ocrx_word' id='word_1_45' title='bbox 958 517 1181 569; x_wconf 78' lang='grc' dir='ltr'><em>κατῆλθον</em></span> <span class='ocrx_word' id='word_1_46' title='bbox 1218 513 1279 564; x_wconf 87' lang='grc' dir='ltr'><em>εἰς</em></span> <span class='ocrx_word' id='word_1_47' title='bbox 1307 514 1388 568; x_wconf 79' lang='grc' dir='ltr'><em>τήν</em></span> <span class='ocrx_word' id='word_1_48' title='bbox 1416 531 1497 557; x_wconf 88' lang='grc' dir='ltr'><em>πα-</em></span> 
     </span>
     <span class='ocr_line' id='line_1_9' title="bbox 115 570 1497 628; baseline 0 -14"><span class='ocrx_word' id='word_1_49' title='bbox 115 573 242 625; x_wconf 90' lang='grc' dir='ltr'><em>τρίδα</em></span> <span class='ocrx_word' id='word_1_50' title='bbox 271 570 442 623; x_wconf 88' lang='grc' dir='ltr'><em>νυκτός.</em></span> <span class='ocrx_word' id='word_1_51' title='bbox 492 572 564 614; x_wconf 92' lang='grc' dir='ltr'><em>καὶ</em></span> <span class='ocrx_word' id='word_1_52' title='bbox 591 575 767 626; x_wconf 79' lang='grc' dir='ltr'><em>πρῶτον</em></span> <span class='ocrx_word' id='word_1_53' title='bbox 808 588 886 628; x_wconf 83' lang='grc' dir='ltr'><em>μεν</em></span> <span class='ocrx_word' id='word_1_54' title='bbox 921 570 1028 621; x_wconf 80' lang='grc' dir='ltr'><em>τούς</em></span> <span class='ocrx_word' id='word_1_55' title='bbox 1057 570 1108 613; x_wconf 84' lang='grc' dir='ltr'><em>τὰ</em></span> <span class='ocrx_word' id='word_1_56' title='bbox 1139 572 1497 625; x_wconf 86' lang='grc' dir='ltr'><em>Λακεδαιμονίων</em></span> 
     </span>
     <span class='ocr_line' id='line_1_10' title="bbox 117 626 1496 699; baseline 0 -29"><span class='ocrx_word' id='word_1_57' title='bbox 117 632 397 699; x_wconf 86' lang='grc' dir='ltr'><em>φρονοῦντας</em></span> <span class='ocrx_word' id='word_1_58' title='bbox 443 627 490 670; x_wconf 73' lang='grc' dir='ltr'><em>ἓν</em></span> <span class='ocrx_word' id='word_1_59' title='bbox 527 634 621 679; x_wconf 87' lang='grc' dir='ltr'><em>ταῖς</em></span> <span class='ocrx_word' id='word_1_60' title='bbox 659 631 790 679; x_wconf 81' lang='grc' dir='ltr'><em>ἰδίαις</em></span> <span class='ocrx_word' id='word_1_61' title='bbox 829 629 986 679; x_wconf 80' lang='grc' dir='ltr'><em>οἰκιαις</em></span> <span class='ocrx_word' id='word_1_62' title='bbox 1025 626 1283 682; x_wconf 78' lang='grc' dir='ltr'><em>ἐφόνευσαν,</em></span> <span class='ocrx_word' id='word_1_63' title='bbox 1316 628 1378 670; x_wconf 85' lang='grc' dir='ltr'><em>ε’τι</em></span> <span class='ocrx_word' id='word_1_64' title='bbox 1407 644 1496 670; x_wconf 84' lang='grc' dir='ltr'><em>κοι-</em></span> 
     </span>
     <span class='ocr_line' id='line_1_11' title="bbox 112 684 1497 755; baseline 0.001 -29"><span class='ocrx_word' id='word_1_65' title='bbox 112 684 341 740; x_wconf 84' lang='grc' dir='ltr'><em>μωμένους</em></span> <span class='ocrx_word' id='word_1_66' title='bbox 384 685 724 755; x_wconf 80' lang='grc' dir='ltr'><em>καταλαβόντες·</em></span> <span class='ocrx_word' id='word_1_67' title='bbox 765 686 909 729; x_wconf 83' lang='grc' dir='ltr'><em>ε’πειτα</em></span> <span class='ocrx_word' id='word_1_68' title='bbox 949 684 1050 734; x_wconf 79' lang='grc' dir='ltr'><em>τοὺς</em></span> <span class='ocrx_word' id='word_1_69' title='bbox 1077 685 1267 738; x_wconf 82' lang='grc' dir='ltr'><em>“πολίτας</em></span> <span class='ocrx_word' id='word_1_70' title='bbox 1307 685 1376 727; x_wconf 80' lang='grc' dir='ltr'><em>ἐπὶ</em></span> <span class='ocrx_word' id='word_1_71' title='bbox 1416 685 1497 740; x_wconf 80' lang='grc' dir='ltr'><em>τὴν</em></span> 
     </span>
     <span class='ocr_line' id='line_1_12' title="bbox 112 740 1579 797; baseline 0.001 -13"><span class='ocrx_word' id='word_1_72' title='bbox 112 741 367 795; x_wconf 77' lang='grc' dir='ltr'><em>ἐλευθερίαν</em></span> <span class='ocrx_word' id='word_1_73' title='bbox 415 741 793 797; x_wconf 81' lang='grc' dir='ltr'><em>παρακαλέσαντες</em></span> <span class='ocrx_word' id='word_1_74' title='bbox 838 741 1080 796; x_wconf 75' lang='grc' dir='ltr'><em>συνεργούς</em></span> <span class='ocrx_word' id='word_1_75' title='bbox 1129 741 1254 796; x_wconf 87' lang='grc' dir='ltr'><em>ε’σχον</em></span> <span class='ocrx_word' id='word_1_76' title='bbox 1299 740 1495 793; x_wconf 88' lang='grc' dir='ltr'><em>α’παντας</em></span> <span class='ocrx_word' id='word_1_77' title='bbox 1525 745 1579 786; x_wconf 88' lang='grc'><em>65</em></span> 
     </span>
     <span class='ocr_line' id='line_1_13' title="bbox 111 797 1495 871; baseline 0.001 -30"><span class='ocrx_word' id='word_1_78' title='bbox 111 815 215 849; x_wconf 86' lang='grc' dir='ltr'><em>τους</em></span> <span class='ocrx_word' id='word_1_79' title='bbox 257 800 489 855; x_wconf 82' lang='grc' dir='ltr'><em>Θηβαίους.</em></span> <span class='ocrx_word' id='word_1_80' title='bbox 559 816 667 871; x_wconf 87' lang='grc' dir='ltr'><em>ταχυ</em></span> <span class='ocrx_word' id='word_1_81' title='bbox 713 800 759 843; x_wconf 79' lang='grc' dir='ltr'><em>δὲ</em></span> <span class='ocrx_word' id='word_1_82' title='bbox 798 802 882 843; x_wconf 82' lang='grc' dir='ltr'><em>τοῦ</em></span> <span class='ocrx_word' id='word_1_83' title='bbox 918 797 1118 853; x_wconf 76' lang='grc' dir='ltr'><em>πλήθους</em></span> <span class='ocrx_word' id='word_1_84' title='bbox 1164 798 1495 854; x_wconf 82' lang='grc' dir='ltr'><em>συνδραμόντος</em></span> 
     </span>
     <span class='ocr_line' id='line_1_14' title="bbox 111 855 1496 913; baseline -0.001 -14"><span class='ocrx_word' id='word_1_85' title='bbox 111 855 216 910; x_wconf 78' lang='grc' dir='ltr'><em>μετά</em></span> <span class='ocrx_word' id='word_1_86' title='bbox 247 861 335 899; x_wconf 80' lang='grc' dir='ltr'><em>τῶν</em></span> <span class='ocrx_word' id='word_1_87' title='bbox 365 857 536 908; x_wconf 81' lang='grc' dir='ltr'><em>ὅπλων,</em></span> <span class='ocrx_word' id='word_1_88' title='bbox 576 855 656 913; x_wconf 81' lang='grc' dir='ltr'><em>ἅμ’</em></span> <span class='ocrx_word' id='word_1_89' title='bbox 699 855 839 913; x_wconf 75' lang='grc' dir='ltr'><em>ἡμέρᾳ</em></span> <span class='ocrx_word' id='word_1_90' title='bbox 871 855 948 912; x_wconf 83' lang='grc' dir='ltr'><em>τὴν</em></span> <span class='ocrx_word' id='word_1_91' title='bbox 977 855 1203 910; x_wconf 84' lang='grc' dir='ltr'><em>Καδμείαν</em></span> <span class='ocrx_word' id='word_1_92' title='bbox 1241 859 1496 910; x_wconf 86' lang='grc' dir='ltr'><em>πολιορκεῖν</em></span> 
     </span>
     <span class='ocr_line' id='line_1_15' title="bbox 111 911 1495 982; baseline 0 -27"><span class='ocrx_word' id='word_1_93' title='bbox 111 912 402 980; x_wconf 79' lang='grc' dir='ltr'><em>ἐπεχείρησαν.</em></span> <span class='ocrx_word' id='word_1_94' title='bbox 464 915 508 957; x_wconf 80' lang='grc' dir='ltr'><em>οἱ</em></span> <span class='ocrx_word' id='word_1_95' title='bbox 555 914 599 957; x_wconf 83' lang='grc' dir='ltr'><em>δὲ</em></span> <span class='ocrx_word' id='word_1_96' title='bbox 639 917 941 969; x_wconf 82' lang='grc' dir='ltr'><em>φρουροῦντες</em></span> <span class='ocrx_word' id='word_1_97' title='bbox 981 911 1087 982; x_wconf 86' lang='grc' dir='ltr'><em>τὴν</em></span> <span class='ocrx_word' id='word_1_98' title='bbox 1103 911 1245 964; x_wconf 82' lang='grc' dir='ltr'><em>ἄκραν</em></span> <span class='ocrx_word' id='word_1_99' title='bbox 1284 916 1495 956; x_wconf 87' lang='grc' dir='ltr'><em>Λακεδαι-</em></span> 
     </span>
     <span class='ocr_line' id='line_1_16' title="bbox 111 966 1493 1027; baseline 0 -14"><span class='ocrx_word' id='word_1_100' title='bbox 111 968 281 1023; x_wconf 87' lang='grc' dir='ltr'><em>μόνιοι,</em></span> <span class='ocrx_word' id='word_1_101' title='bbox 321 987 371 1023; x_wconf 86' lang='grc' dir='ltr'><em>με</em></span> <span class='ocrx_word' id='word_1_102' title='bbox 354 988 426 1013; x_wconf 67' lang='lat' dir='ltr'><em>ew</em></span> <span class='ocrx_word' id='word_1_103' title='bbox 462 975 551 1013; x_wconf 77' lang='grc' dir='ltr'><em>τῶν</em></span> <span class='ocrx_word' id='word_1_104' title='bbox 589 970 828 1027; x_wconf 85' lang='grc' dir='ltr'><em>συμμάχων</em></span> <span class='ocrx_word' id='word_1_105' title='bbox 865 971 986 1020; x_wconf 86' lang='grc' dir='ltr'><em>ὄντες</em></span> <span class='ocrx_word' id='word_1_106' title='bbox 1033 966 1117 1012; x_wconf 81' lang='grc' dir='ltr'><em>ούκ</em></span> <span class='ocrx_word' id='word_1_107' title='bbox 1158 967 1363 1019; x_wconf 80' lang='grc' dir='ltr'><em>ἐλάττους</em></span> <span class='ocrx_word' id='word_1_108' title='bbox 1403 973 1493 1013; x_wconf 79' lang='grc' dir='ltr'><em>τῶν</em></span> 
     </span>
     <span class='ocr_line' id='line_1_17' title="bbox 106 1025 1575 1097; baseline 0.002 -29"><span class='ocrx_word' id='word_1_109' title='bbox 106 1028 257 1081; x_wconf 83' lang='grc' dir='ltr'><em>χιλίων</em></span> <span class='ocrx_word' id='word_1_110' title='bbox 282 1028 357 1070; x_wconf 87' lang='grc' dir='ltr'><em>καὶ</em></span> <span class='ocrx_word' id='word_1_111' title='bbox 393 1030 711 1080; x_wconf 85' lang='grc' dir='ltr'><em>πεντακοσίων,</em></span> <span class='ocrx_word' id='word_1_112' title='bbox 752 1029 812 1078; x_wconf 85' lang='grc' dir='ltr'><em>εἷς</em></span> <span class='ocrx_word' id='word_1_113' title='bbox 850 1044 928 1082; x_wconf 91' lang='grc' dir='ltr'><em>μεν</em></span> <span class='ocrx_word' id='word_1_114' title='bbox 956 1025 1036 1082; x_wconf 79' lang='grc' dir='ltr'><em>τήν</em></span> <span class='ocrx_word' id='word_1_115' title='bbox 1064 1026 1277 1097; x_wconf 83' lang='grc' dir='ltr'><em>Σπάρτην</em></span> <span class='ocrx_word' id='word_1_116' title='bbox 1314 1026 1491 1080; x_wconf 77' lang='grc' dir='ltr'><em>ἐξὲπεμ-</em></span> <span class='ocrx_word' id='word_1_117' title='bbox 1520 1031 1575 1071; x_wconf 88' lang='grc'><em>70</em></span> 
     </span>
     <span class='ocr_line' id='line_1_18' title="bbox 107 1082 1489 1140; baseline 0.001 -14"><span class='ocrx_word' id='word_1_118' title='bbox 107 1089 199 1135; x_wconf 81' lang='grc' dir='ltr'><em>ψαν</em></span> <span class='ocrx_word' id='word_1_119' title='bbox 232 1083 338 1134; x_wconf 73' lang='grc' dir='ltr'><em>τούς</em></span> <span class='ocrx_word' id='word_1_120' title='bbox 373 1083 648 1139; x_wconf 76' lang='grc' dir='ltr'><em>δηλώσοντας</em></span> <span class='ocrx_word' id='word_1_121' title='bbox 693 1101 774 1140; x_wconf 87' lang='grc' dir='ltr'><em>την</em></span> <span class='ocrx_word' id='word_1_122' title='bbox 819 1088 908 1127; x_wconf 78' lang='grc' dir='ltr'><em>τῶν</em></span> <span class='ocrx_word' id='word_1_123' title='bbox 953 1085 1158 1139; x_wconf 81' lang='grc' dir='ltr'><em>Θηβαίων</em></span> <span class='ocrx_word' id='word_1_124' title='bbox 1196 1082 1489 1127; x_wconf 80' lang='grc' dir='ltr'><em>ἐπανάστασιν</em></span> 
     </span>
     <span class='ocr_line' id='line_1_19' title="bbox 106 1139 1484 1212; baseline 0.002 -30"><span class='ocrx_word' id='word_1_125' title='bbox 106 1141 180 1184; x_wconf 86' lang='grc' dir='ltr'><em>καὶ</em></span> <span class='ocrx_word' id='word_1_126' title='bbox 226 1144 409 1212; x_wconf 82' lang='grc' dir='ltr'><em>βοηθεῖν</em></span> <span class='ocrx_word' id='word_1_127' title='bbox 453 1141 534 1198; x_wconf 79' lang='grc' dir='ltr'><em>τήν</em></span> <span class='ocrx_word' id='word_1_128' title='bbox 577 1144 779 1211; x_wconf 86' lang='grc' dir='ltr'><em>ταχίστην</em></span> <span class='ocrx_word' id='word_1_129' title='bbox 823 1141 1230 1196; x_wconf 84' lang='grc' dir='ltr'><em>παρακαλέσοντας,</em></span> <span class='ocrx_word' id='word_1_130' title='bbox 1271 1139 1397 1184; x_wconf 76' lang='grc' dir='ltr'><em>αὐτοὶ</em></span> <span class='ocrx_word' id='word_1_131' title='bbox 1442 1139 1484 1185; x_wconf 83' lang='grc' dir='ltr'><em>δ’</em></span> 
     </span>
     <span class='ocr_line' id='line_1_20' title="bbox 107 1196 1488 1269; baseline 0.001 -29"><span class='ocrx_word' id='word_1_132' title='bbox 107 1197 153 1240; x_wconf 79' lang='grc' dir='ltr'><em>ἐκ</em></span> <span class='ocrx_word' id='word_1_133' title='bbox 191 1197 340 1241; x_wconf 85' lang='grc' dir='ltr'><em>τόπων</em></span> <span class='ocrx_word' id='word_1_134' title='bbox 382 1197 646 1269; x_wconf 76' lang='grc' dir='ltr'><em>ὑπερδεξίων</em></span> <span class='ocrx_word' id='word_1_135' title='bbox 693 1196 961 1253; x_wconf 77' lang='grc' dir='ltr'><em>ἀμυνόμενοι</em></span> <span class='ocrx_word' id='word_1_136' title='bbox 999 1197 1104 1248; x_wconf 81' lang='grc' dir='ltr'><em>τούς</em></span> <span class='ocrx_word' id='word_1_137' title='bbox 1142 1201 1488 1250; x_wconf 80' lang='grc' dir='ltr'><em>πολιορκοῦντας</em></span> 
     </span>
     <span class='ocr_line' id='line_1_21' title="bbox 104 1254 1569 1314; baseline 0.001 -17"><span class='ocrx_word' id='word_1_138' title='bbox 104 1255 290 1305; x_wconf 82' lang='grc' dir='ltr'><em>πολλοὺς</em></span> <span class='ocrx_word' id='word_1_139' title='bbox 317 1255 396 1310; x_wconf 79' lang='grc' dir='ltr'><em>μὲν</em></span> <span class='ocrx_word' id='word_1_140' title='bbox 425 1255 645 1314; x_wconf 81' lang='grc' dir='ltr'><em>α’νήρουν,</em></span> <span class='ocrx_word' id='word_1_141' title='bbox 685 1254 767 1298; x_wconf 73' lang='grc' dir='ltr'><em>οὐκ</em></span> <span class='ocrx_word' id='word_1_142' title='bbox 798 1254 972 1310; x_wconf 79' lang='grc' dir='ltr'><em>ὀλίγους</em></span> <span class='ocrx_word' id='word_1_143' title='bbox 1008 1254 1053 1298; x_wconf 79' lang='grc' dir='ltr'><em>δὲ</em></span> <span class='ocrx_word' id='word_1_144' title='bbox 1081 1254 1484 1308; x_wconf 81' lang='grc' dir='ltr'><em>κατετραυμάτιζον.</em></span> <span class='ocrx_word' id='word_1_145' title='bbox 1515 1262 1569 1305; x_wconf 88' lang='grc'><em>75</em></span> 
     </span>
     <span class='ocr_line' id='line_1_22' title="bbox 107 1311 1486 1369; baseline 0.001 -15"><span class='ocrx_word' id='word_1_146' title='bbox 107 1313 151 1354; x_wconf 89' lang='grc' dir='ltr'><em>οι</em></span> <span class='ocrx_word' id='word_1_147' title='bbox 179 1312 224 1355; x_wconf 80' lang='grc' dir='ltr'><em>δὲ</em></span> <span class='ocrx_word' id='word_1_148' title='bbox 256 1316 442 1368; x_wconf 86' lang='grc' dir='ltr'><em>Θηβαῖοι</em></span> <span class='ocrx_word' id='word_1_149' title='bbox 479 1312 668 1369; x_wconf 81' lang='grc' dir='ltr'><em>μεγάλην</em></span> <span class='ocrx_word' id='word_1_150' title='bbox 707 1311 897 1368; x_wconf 87' lang='grc' dir='ltr'><em>δύναμιν</em></span> <span class='ocrx_word' id='word_1_151' title='bbox 925 1313 1251 1365; x_wconf 78' lang='grc' dir='ltr'><em>προςδοκῶντες</em></span> <span class='ocrx_word' id='word_1_152' title='bbox 1284 1312 1402 1367; x_wconf 77' lang='grc' dir='ltr'><em>ἥξειν</em></span> <span class='ocrx_word' id='word_1_153' title='bbox 1439 1330 1486 1356; x_wconf 90' lang='grc' dir='ltr'><em>εκ</em></span> 
     </span>
     <span class='ocr_line' id='line_1_23' title="bbox 104 1367 1488 1439; baseline 0.001 -28"><span class='ocrx_word' id='word_1_154' title='bbox 104 1384 181 1438; x_wconf 86' lang='grc' dir='ltr'><em>της</em></span> <span class='ocrx_word' id='word_1_155' title='bbox 206 1367 409 1420; x_wconf 22' lang='grc' dir='ltr'><em>ἭΕλλάδος</em></span> <span class='ocrx_word' id='word_1_156' title='bbox 440 1371 818 1439; x_wconf 83' lang='grc' dir='ltr'><em>Λακεδαιμονίοις,</em></span> <span class='ocrx_word' id='word_1_157' title='bbox 860 1369 1099 1439; x_wconf 79' lang='grc' dir='ltr'><em>ἐξέπεμψαν</em></span> <span class='ocrx_word' id='word_1_158' title='bbox 1130 1369 1398 1423; x_wconf 84' lang='grc' dir='ltr'><em>πρεσβευτας</em></span> <span class='ocrx_word' id='word_1_159' title='bbox 1428 1372 1488 1422; x_wconf 86' lang='grc' dir='ltr'><em>εἰς</em></span> 
     </span>
     <span class='ocr_line' id='line_1_24' title="bbox 104 1424 1489 1497; baseline 0.003 -31"><span class='ocrx_word' id='word_1_160' title='bbox 104 1425 180 1475; x_wconf 83' lang='grc' dir='ltr'><em>τὰς</em></span> <span class='ocrx_word' id='word_1_161' title='bbox 205 1424 407 1480; x_wconf 81' lang='grc' dir='ltr'><em>Ἀθήνας,</em></span> <span class='ocrx_word' id='word_1_162' title='bbox 435 1425 840 1497; x_wconf 63' lang='grc' dir='ltr'><em>ὑπομιμνησκρντες</em></span> <span class='ocrx_word' id='word_1_163' title='bbox 869 1442 947 1482; x_wconf 89' lang='grc' dir='ltr'><em>μεν</em></span> <span class='ocrx_word' id='word_1_164' title='bbox 976 1425 1042 1469; x_wconf 81' lang='grc' dir='ltr'><em>ὅτι</em></span> <span class='ocrx_word' id='word_1_165' title='bbox 1071 1442 1145 1468; x_wconf 89' lang='grc' dir='ltr'><em>και</em></span> <span class='ocrx_word' id='word_1_166' title='bbox 1176 1424 1302 1469; x_wconf 77' lang='grc' dir='ltr'><em>αὐτοὶ</em></span> <span class='ocrx_word' id='word_1_167' title='bbox 1333 1439 1489 1482; x_wconf 88' lang='grc' dir='ltr'><em>συγκα-</em></span> 
     </span>
     <span class='ocr_line' id='line_1_25' title="bbox 104 1480 1485 1553; baseline 0.002 -29"><span class='ocrx_word' id='word_1_168' title='bbox 104 1482 293 1536; x_wconf 78' lang='grc' dir='ltr'><em>τήγαγον</em></span> <span class='ocrx_word' id='word_1_169' title='bbox 323 1482 401 1525; x_wconf 71' lang='grc' dir='ltr'><em>τὸν</em></span> <span class='ocrx_word' id='word_1_170' title='bbox 432 1486 595 1553; x_wconf 80' lang='grc' dir='ltr'><em>δῆμον</em></span> <span class='ocrx_word' id='word_1_171' title='bbox 602 1499 692 1526; x_wconf 90' lang='grc' dir='ltr'><em>των</em></span> <span class='ocrx_word' id='word_1_172' title='bbox 717 1481 964 1538; x_wconf 85' lang='grc' dir='ltr'><em>Ἀθηναίων</em></span> <span class='ocrx_word' id='word_1_173' title='bbox 991 1480 1097 1525; x_wconf 79' lang='grc' dir='ltr'><em>καθ’</em></span> <span class='ocrx_word' id='word_1_174' title='bbox 1131 1481 1182 1526; x_wconf 83' lang='grc' dir='ltr'><em>ὃν</em></span> <span class='ocrx_word' id='word_1_175' title='bbox 1212 1483 1369 1536; x_wconf 78' lang='grc' dir='ltr'><em>καιρόν</em></span> <span class='ocrx_word' id='word_1_176' title='bbox 1396 1483 1485 1528; x_wconf 77' lang='grc' dir='ltr'><em>ὑπὸ</em></span> 
     </span>
     <span class='ocr_line' id='line_1_26' title="bbox 102 1538 1571 1609; baseline 0.004 -29"><span class='ocrx_word' id='word_1_177' title='bbox 102 1542 193 1580; x_wconf 77' lang='grc' dir='ltr'><em>τῶν</em></span> <span class='ocrx_word' id='word_1_178' title='bbox 223 1538 459 1592; x_wconf 84' lang='grc' dir='ltr'><em>τριάκοντα</em></span> <span class='ocrx_word' id='word_1_179' title='bbox 485 1538 717 1594; x_wconf 88' lang='grc' dir='ltr'><em>τυράννων</em></span> <span class='ocrx_word' id='word_1_180' title='bbox 750 1538 1158 1609; x_wconf 84' lang='grc' dir='ltr'><em>κατεδουλωθησαν,</em></span> <span class='ocrx_word' id='word_1_181' title='bbox 1188 1539 1410 1592; x_wconf 74' lang='grc' dir='ltr'><em>ἀξιοῦντες</em></span> <span class='ocrx_word' id='word_1_182' title='bbox 1439 1542 1486 1585; x_wconf 86' lang='grc' dir='ltr'><em>δὲ</em></span> <span class='ocrx_word' id='word_1_183' title='bbox 1516 1544 1571 1586; x_wconf 89' lang='grc'><em>80</em></span> 
     </span>
     <span class='ocr_line' id='line_1_27' title="bbox 100 1595 1486 1665; baseline 0.003 -28"><span class='ocrx_word' id='word_1_184' title='bbox 100 1596 312 1650; x_wconf 82' lang='grc' dir='ltr'><em>πανδημεὶ</em></span> <span class='ocrx_word' id='word_1_185' title='bbox 342 1599 564 1652; x_wconf 80' lang='grc' dir='ltr'><em>βοηθῆσαι</em></span> <span class='ocrx_word' id='word_1_186' title='bbox 592 1614 664 1640; x_wconf 88' lang='grc' dir='ltr'><em>και</em></span> <span class='ocrx_word' id='word_1_187' title='bbox 685 1595 770 1650; x_wconf 90' lang='grc' dir='ltr'><em>πρὸ</em></span> <span class='ocrx_word' id='word_1_188' title='bbox 800 1601 876 1651; x_wconf 83' lang='grc' dir='ltr'><em>τῆς</em></span> <span class='ocrx_word' id='word_1_189' title='bbox 904 1600 994 1639; x_wconf 77' lang='grc' dir='ltr'><em>τῶν</em></span> <span class='ocrx_word' id='word_1_190' title='bbox 1022 1598 1386 1665; x_wconf 86' lang='grc' dir='ltr'><em>Λακεδαιμονίων</em></span> <span class='ocrx_word' id='word_1_191' title='bbox 1409 1615 1486 1641; x_wconf 89' lang='grc' dir='ltr'><em>πα-</em></span> 
     </span>
     <span class='ocr_line' id='line_1_28' title="bbox 102 1651 1571 1723; baseline 0.003 -29"><span class='ocrx_word' id='word_1_192' title='bbox 102 1654 284 1704; x_wconf 87' lang='grc' dir='ltr'><em>ρουσίας</em></span> <span class='ocrx_word' id='word_1_193' title='bbox 315 1657 689 1723; x_wconf 82' lang='grc' dir='ltr'><em>συνεκπολεμῆσαι</em></span> <span class='ocrx_word' id='word_1_194' title='bbox 718 1653 798 1709; x_wconf 84' lang='grc' dir='ltr'><em>τὴν</em></span> <span class='ocrx_word' id='word_1_195' title='bbox 828 1655 1068 1708; x_wconf 87' lang='grc' dir='ltr'><em>Καδμείαν.</em></span> <span class='ocrx_word' id='word_1_196' title='bbox 1099 1651 1122 1696; x_wconf 97' lang='lat'><em>6</em></span> <span class='ocrx_word' id='word_1_197' title='bbox 1155 1654 1200 1696; x_wconf 85' lang='grc' dir='ltr'><em>δὲ</em></span> <span class='ocrx_word' id='word_1_198' title='bbox 1232 1655 1369 1708; x_wconf 88' lang='grc' dir='ltr'><em>δῆμος</em></span> <span class='ocrx_word' id='word_1_199' title='bbox 1397 1659 1486 1698; x_wconf 77' lang='grc' dir='ltr'><em>τῶν</em></span> <span class='ocrx_word' id='word_1_200' title='bbox 1514 1665 1571 1705; x_wconf 84' lang='grc'><em>26</em></span> 
     </span>
     <span class='ocr_line' id='line_1_29' title="bbox 95 1705 1485 1780; baseline 0.003 -29.018"><span class='ocrx_word' id='word_1_201' title='bbox 95 1705 342 1779; x_wconf 76' lang='grc' dir='ltr'><em>Ἀθηναίων</em></span> <span class='ocrx_word' id='word_1_202' title='bbox 380 1708 618 1761; x_wconf 82' lang='grc' dir='ltr'><em>διακούσας</em></span> <span class='ocrx_word' id='word_1_203' title='bbox 658 1713 747 1753; x_wconf 77' lang='grc' dir='ltr'><em>τῶν</em></span> <span class='ocrx_word' id='word_1_204' title='bbox 775 1710 1023 1780; x_wconf 85' lang='grc' dir='ltr'><em>πρέσβεων,</em></span> <span class='ocrx_word' id='word_1_205' title='bbox 1066 1710 1309 1765; x_wconf 80' lang='grc' dir='ltr'><em>ἐψηφίσατο</em></span> <span class='ocrx_word' id='word_1_206' title='bbox 1348 1727 1485 1767; x_wconf 90' lang='grc' dir='ltr'><em>παρα-</em></span> 
     </span>
     <span class='ocr_line' id='line_1_30' title="bbox 98 1765 1569 1823; baseline 0.003 -15"><span class='ocrx_word' id='word_1_207' title='bbox 98 1769 240 1821; x_wconf 81' lang='grc' dir='ltr'><em>χρῆμα</em></span> <span class='ocrx_word' id='word_1_208' title='bbox 281 1766 469 1822; x_wconf 87' lang='grc' dir='ltr'><em>δύναμιν</em></span> <span class='ocrx_word' id='word_1_209' title='bbox 509 1765 566 1818; x_wconf 81' lang='grc' dir='ltr'><em>ὦς</em></span> <span class='ocrx_word' id='word_1_210' title='bbox 603 1769 806 1821; x_wconf 87' lang='grc' dir='ltr'><em>πλείστην</em></span> <span class='ocrx_word' id='word_1_211' title='bbox 846 1765 1099 1810; x_wconf 73' lang='grc' dir='ltr'><em>ἀποστεῖλαι</em></span> <span class='ocrx_word' id='word_1_212' title='bbox 1139 1766 1219 1823; x_wconf 82' lang='grc' dir='ltr'><em>τὴν</em></span> <span class='ocrx_word' id='word_1_213' title='bbox 1249 1768 1485 1821; x_wconf 75' lang='grc' dir='ltr'><em>ἐλευθεριό-</em></span> <span class='ocrx_word' id='word_1_214' title='bbox 1513 1780 1569 1822; x_wconf 83' lang='lat'><em>85</em></span> 
     </span>
     <span class='ocr_line' id='line_1_31' title="bbox 99 1822 1484 1894; baseline 0.002 -29"><span class='ocrx_word' id='word_1_215' title='bbox 99 1833 268 1865; x_wconf 88' lang='grc' dir='ltr'><em>σουσαν</em></span> <span class='ocrx_word' id='word_1_216' title='bbox 295 1840 371 1874; x_wconf 83' lang='grc' dir='ltr'><em>τας</em></span> <span class='ocrx_word' id='word_1_217' title='bbox 412 1823 580 1894; x_wconf 79' lang='grc' dir='ltr'><em>Θηβας,</em></span> <span class='ocrx_word' id='word_1_218' title='bbox 614 1822 703 1878; x_wconf 80' lang='grc' dir='ltr'><em>ἅμα</em></span> <span class='ocrx_word' id='word_1_219' title='bbox 739 1824 818 1879; x_wconf 79' lang='grc' dir='ltr'><em>μὲν</em></span> <span class='ocrx_word' id='word_1_220' title='bbox 847 1827 923 1878; x_wconf 86' lang='grc' dir='ltr'><em>τῆς</em></span> <span class='ocrx_word' id='word_1_221' title='bbox 968 1823 1210 1879; x_wconf 86' lang='grc' dir='ltr'><em>εὐεργεσίας</em></span> <span class='ocrx_word' id='word_1_222' title='bbox 1241 1824 1484 1877; x_wconf 74' lang='grc' dir='ltr'><em>ἀποδιδούς</em></span> 
     </span>
     <span class='ocr_line' id='line_1_32' title="bbox 98 1877 1482 1936; baseline 0.004 -15"><span class='ocrx_word' id='word_1_223' title='bbox 98 1877 175 1930; x_wconf 80' lang='grc' dir='ltr'><em>τὰς</em></span> <span class='ocrx_word' id='word_1_224' title='bbox 202 1878 400 1935; x_wconf 84' lang='grc' dir='ltr'><em>χάριτας,</em></span> <span class='ocrx_word' id='word_1_225' title='bbox 429 1879 519 1935; x_wconf 80' lang='grc' dir='ltr'><em>ἅμα</em></span> <span class='ocrx_word' id='word_1_226' title='bbox 550 1881 594 1924; x_wconf 82' lang='grc' dir='ltr'><em>δὲ</em></span> <span class='ocrx_word' id='word_1_227' title='bbox 625 1881 894 1936; x_wconf 88' lang='grc' dir='ltr'><em>βουλόμενος</em></span> <span class='ocrx_word' id='word_1_228' title='bbox 923 1880 1027 1931; x_wconf 82' lang='grc' dir='ltr'><em>τούς</em></span> <span class='ocrx_word' id='word_1_229' title='bbox 1063 1881 1290 1933; x_wconf 81' lang='grc' dir='ltr'><em>Βοιωτούς</em></span> <span class='ocrx_word' id='word_1_230' title='bbox 1322 1882 1482 1933; x_wconf 76' lang='grc' dir='ltr'><em>ἐξιδιώ-</em></span> 
     </span>
     <span class='ocr_line' id='line_1_33' title="bbox 99 1937 1483 1995; baseline 0.003 -16"><span class='ocrx_word' id='word_1_231' title='bbox 99 1941 262 1979; x_wconf 79' lang='grc' dir='ltr'><em>σασθαι</em></span> <span class='ocrx_word' id='word_1_232' title='bbox 290 1938 364 1980; x_wconf 87' lang='grc' dir='ltr'><em>καὶ</em></span> <span class='ocrx_word' id='word_1_233' title='bbox 392 1937 717 1992; x_wconf 83' lang='grc' dir='ltr'><em>συναγωνιστὰς</em></span> <span class='ocrx_word' id='word_1_234' title='bbox 747 1937 951 1993; x_wconf 80' lang='grc' dir='ltr'><em>ἰσχυροὺς</em></span> <span class='ocrx_word' id='word_1_235' title='bbox 989 1938 1099 1993; x_wconf 87' lang='grc' dir='ltr'><em>ε’χειν</em></span> <span class='ocrx_word' id='word_1_236' title='bbox 1138 1937 1249 1981; x_wconf 80' lang='grc' dir='ltr'><em>κατά</em></span> <span class='ocrx_word' id='word_1_237' title='bbox 1290 1944 1366 1995; x_wconf 85' lang='grc' dir='ltr'><em>τῆς</em></span> <span class='ocrx_word' id='word_1_238' title='bbox 1394 1944 1483 1983; x_wconf 86' lang='grc' dir='ltr'><em>Λα-</em></span> 
     </span>
     <span class='ocr_line' id='line_1_34' title="bbox 96 1993 1483 2066; baseline 0.004 -31"><span class='ocrx_word' id='word_1_239' title='bbox 96 1994 387 2048; x_wconf 85' lang='grc' dir='ltr'><em>κεδαιμονίων</em></span> <span class='ocrx_word' id='word_1_240' title='bbox 413 1993 643 2065; x_wconf 72' lang='grc' dir='ltr'><em>ὑπεροχῆς.</em></span> <span class='ocrx_word' id='word_1_241' title='bbox 682 1994 731 2037; x_wconf 80' lang='grc' dir='ltr'><em>τό</em></span> <span class='ocrx_word' id='word_1_242' title='bbox 761 1994 845 2051; x_wconf 87' lang='grc' dir='ltr'><em>γὰρ</em></span> <span class='ocrx_word' id='word_1_243' title='bbox 876 1994 1009 2044; x_wconf 83' lang='grc' dir='ltr'><em>ε’θνος</em></span> <span class='ocrx_word' id='word_1_244' title='bbox 1048 1998 1177 2039; x_wconf 82' lang='grc' dir='ltr'><em>τοῦτο</em></span> <span class='ocrx_word' id='word_1_245' title='bbox 1214 1996 1286 2039; x_wconf 86' lang='grc' dir='ltr'><em>καὶ</em></span> <span class='ocrx_word' id='word_1_246' title='bbox 1315 1997 1483 2066; x_wconf 85' lang='grc' dir='ltr'><em>πλήθει</em></span> 
     </span>
     <span class='ocr_line' id='line_1_35' title="bbox 96 2049 1564 2112; baseline 0.004 -20"><span class='ocrx_word' id='word_1_247' title='bbox 96 2053 184 2092; x_wconf 79' lang='grc' dir='ltr'><em>τῶν</em></span> <span class='ocrx_word' id='word_1_248' title='bbox 227 2049 403 2105; x_wconf 79' lang='grc' dir='ltr'><em>ἀνδρων</em></span> <span class='ocrx_word' id='word_1_249' title='bbox 441 2051 516 2096; x_wconf 83' lang='grc' dir='ltr'><em>καὶ</em></span> <span class='ocrx_word' id='word_1_250' title='bbox 561 2049 744 2109; x_wconf 79' lang='grc' dir='ltr'><em>ἀνδρεία</em></span> <span class='ocrx_word' id='word_1_251' title='bbox 789 2052 898 2095; x_wconf 79' lang='grc' dir='ltr'><em>κατὰ</em></span> <span class='ocrx_word' id='word_1_252' title='bbox 935 2052 1125 2106; x_wconf 88' lang='grc' dir='ltr'><em>πόλεμον</em></span> <span class='ocrx_word' id='word_1_253' title='bbox 1170 2051 1353 2105; x_wconf 87' lang='grc' dir='ltr'><em>ου’δενὸς</em></span> <span class='ocrx_word' id='word_1_254' title='bbox 1392 2058 1480 2097; x_wconf 78' lang='grc' dir='ltr'><em>τῶν</em></span> <span class='ocrx_word' id='word_1_255' title='bbox 1509 2071 1564 2112; x_wconf 83' lang='grc'><em>90</em></span> 
     </span>
     <span class='ocr_line' id='line_1_36' title="bbox 89 2103 1480 2165; baseline 0.003 -15.018"><span class='ocrx_word' id='word_1_256' title='bbox 89 2103 305 2162; x_wconf 82' lang='grc' dir='ltr'><em>Ἑλλήνων</em></span> <span class='ocrx_word' id='word_1_257' title='bbox 332 2106 472 2152; x_wconf 82' lang='grc' dir='ltr'><em>ἐδόκει</em></span> <span class='ocrx_word' id='word_1_258' title='bbox 498 2110 735 2152; x_wconf 77' lang='grc' dir='ltr'><em>λείπεσθαι.</em></span> <span class='ocrx_word' id='word_1_259' title='bbox 793 2109 915 2158; x_wconf 81' lang='grc' dir='ltr'><em>τέλος</em></span> <span class='ocrx_word' id='word_1_260' title='bbox 945 2108 991 2151; x_wconf 92' lang='grc' dir='ltr'><em>δε</em></span> <span class='ocrx_word' id='word_1_261' title='bbox 1013 2113 1242 2165; x_wconf 77' lang='grc' dir='ltr'><em>Δημοφῶν</em></span> <span class='ocrx_word' id='word_1_262' title='bbox 1270 2123 1480 2155; x_wconf 91' lang='grc' dir='ltr'><em>καταστα-</em></span> 
     </span>
     <span class='ocr_line' id='line_1_37' title="bbox 94 2163 1479 2251; baseline 0.005 -46"><span class='ocrx_word' id='word_1_263' title='bbox 94 2163 190 2214; x_wconf 77' lang='grc' dir='ltr'><em>θεὶς</em></span> <span class='ocrx_word' id='word_1_264' title='bbox 217 2164 493 2222; x_wconf 68' lang='grc' dir='ltr'><em>στρατηγός,</em></span> <span class='ocrx_word' id='word_1_265' title='bbox 511 2166 584 2209; x_wconf 90' lang='grc' dir='ltr'><em>καὶ</em></span> <span class='ocrx_word' id='word_1_266' title='bbox 613 2169 884 2251; x_wconf 64' lang='grc' dir='ltr'><em>παραχρῆμαξ</em></span> <span class='ocrx_word' id='word_1_267' title='bbox 902 2167 1269 2235; x_wconf 83' lang='grc' dir='ltr'><em>πεντακιςχιλίους</em></span> <span class='ocrx_word' id='word_1_268' title='bbox 1300 2167 1479 2220; x_wconf 90' lang='grc' dir='ltr'><em>ὁπλίτας</em></span> 
     </span>
     <span class='ocr_line' id='line_1_38' title="bbox 94 2219 1479 2281; baseline 0.005 -19"><span class='ocrx_word' id='word_1_269' title='bbox 94 2219 168 2263; x_wconf 84' lang='grc' dir='ltr'><em>καὶ</em></span> <span class='ocrx_word' id='word_1_270' title='bbox 195 2224 508 2273; x_wconf 84' lang='grc' dir='ltr'><em>πεντακοσίους</em></span> <span class='ocrx_word' id='word_1_271' title='bbox 537 2224 676 2273; x_wconf 84' lang='grc' dir='ltr'><em>ἱππεῖς</em></span> <span class='ocrx_word' id='word_1_272' title='bbox 705 2222 951 2273; x_wconf 77' lang='grc' dir='ltr'><em>καταλέξας,</em></span> <span class='ocrx_word' id='word_1_273' title='bbox 979 2226 1034 2279; x_wconf 83' lang='grc' dir='ltr'><em>τῇ</em></span> <span class='ocrx_word' id='word_1_274' title='bbox 1061 2221 1270 2281; x_wconf 79' lang='grc' dir='ltr'><em>ὑστεραία</em></span> <span class='ocrx_word' id='word_1_275' title='bbox 1298 2224 1377 2281; x_wconf 80' lang='grc' dir='ltr'><em>τήν</em></span> <span class='ocrx_word' id='word_1_276' title='bbox 1405 2226 1479 2269; x_wconf 85' lang='grc' dir='ltr'><em>δύ-</em></span> 
     </span>
     <span class='ocr_line' id='line_1_39' title="bbox 92 2277 1563 2350; baseline 0.004 -30"><span class='ocrx_word' id='word_1_277' title='bbox 92 2292 226 2333; x_wconf 85' lang='grc' dir='ltr'><em>ναμιν</em></span> <span class='ocrx_word' id='word_1_278' title='bbox 255 2277 328 2333; x_wconf 82' lang='grc' dir='ltr'><em>ἅμ’</em></span> <span class='ocrx_word' id='word_1_279' title='bbox 369 2277 510 2338; x_wconf 81' lang='grc' dir='ltr'><em>ἡμέρα</em></span> <span class='ocrx_word' id='word_1_280' title='bbox 546 2277 794 2350; x_wconf 82' lang='grc' dir='ltr'><em>προήγαγεν</em></span> <span class='ocrx_word' id='word_1_281' title='bbox 831 2296 877 2323; x_wconf 87' lang='grc' dir='ltr'><em>εκ</em></span> <span class='ocrx_word' id='word_1_282' title='bbox 912 2282 989 2335; x_wconf 81' lang='grc' dir='ltr'><em>τῆς</em></span> <span class='ocrx_word' id='word_1_283' title='bbox 1027 2280 1214 2331; x_wconf 86' lang='grc' dir='ltr'><em>πόλεως,</em></span> <span class='ocrx_word' id='word_1_284' title='bbox 1253 2282 1328 2324; x_wconf 83' lang='grc' dir='ltr'><em>καὶ</em></span> <span class='ocrx_word' id='word_1_285' title='bbox 1366 2284 1478 2336; x_wconf 90' lang='grc' dir='ltr'><em>δρο-</em></span> <span class='ocrx_word' id='word_1_286' title='bbox 1507 2294 1563 2342; x_wconf 84' lang='lat'><em>95</em></span> 
     </span>
     <span class='ocr_line' id='line_1_40' title="bbox 93 2334 1477 2410; baseline 0.004 -34"><span class='ocrx_word' id='word_1_287' title='bbox 93 2339 223 2404; x_wconf 89' lang='grc' dir='ltr'><em>μαῖος</em></span> <span class='ocrx_word' id='word_1_288' title='bbox 251 2334 476 2410; x_wconf 71' lang='grc' dir='ltr'><em>ηπείγετο,</em></span> <span class='ocrx_word' id='word_1_289' title='bbox 510 2336 682 2390; x_wconf 86' lang='grc' dir='ltr'><em>φθάσαι</em></span> <span class='ocrx_word' id='word_1_290' title='bbox 711 2335 912 2380; x_wconf 81' lang='grc' dir='ltr'><em>σπεύδων</em></span> <span class='ocrx_word' id='word_1_291' title='bbox 952 2335 1056 2388; x_wconf 81' lang='grc' dir='ltr'><em>τούς</em></span> <span class='ocrx_word' id='word_1_292' title='bbox 1083 2340 1477 2394; x_wconf 89' lang='grc' dir='ltr'><em>Λακεδαιμονίους·</em></span> 
     </span>
     <span class='ocr_line' id='line_1_41' title="bbox 95 2388 1481 2452; baseline 0.004 -17"><span class='ocrx_word' id='word_1_293' title='bbox 95 2388 227 2435; x_wconf 88' lang='grc' dir='ltr'><em>ου’δεν</em></span> <span class='ocrx_word' id='word_1_294' title='bbox 256 2390 299 2436; x_wconf 87' lang='grc' dir='ltr'><em>δ’</em></span> <span class='ocrx_word' id='word_1_295' title='bbox 338 2409 472 2450; x_wconf 91' lang='grc' dir='ltr'><em>ηττον</em></span> <span class='ocrx_word' id='word_1_296' title='bbox 500 2392 525 2437; x_wconf 91' lang='grc' dir='ltr'>ὁ</span> <span class='ocrx_word' id='word_1_297' title='bbox 565 2395 703 2451; x_wconf 83' lang='grc' dir='ltr'><em>δῆμος</em></span> <span class='ocrx_word' id='word_1_298' title='bbox 738 2392 1082 2449; x_wconf 80' lang='grc' dir='ltr'><em>παρεσκευάζετο</em></span> <span class='ocrx_word' id='word_1_299' title='bbox 1111 2396 1327 2452; x_wconf 87' lang='grc' dir='ltr'><em>πανδημεὶ</em></span> <span class='ocrx_word' id='word_1_300' title='bbox 1354 2407 1481 2452; x_wconf 77' lang='grc' dir='ltr'><em>στρα-</em></span> 
     </span>
    </p>
   </div>
   <div class='ocr_carea' id='block_1_4' title="bbox 93 2555 1479 2701">
    <p class='ocr_par' dir='ltr' id='par_1_4' title="bbox 93 2555 1479 2659">
     <span class='ocr_line' id='line_1_42' title="bbox 93 2555 1479 2611; baseline 0.003 -13"><span class='ocrx_word' id='word_1_301' title='bbox 93 2559 286 2606; x_wconf 82' lang='grc' dir='ltr'><em>Κοΐντιον]</em></span> <span class='ocrx_word' id='word_1_302' title='bbox 308 2561 472 2599; x_wconf 84' lang='grc' dir='ltr'><em>Κόϊκτον</em></span> <span class='ocrx_word' id='word_1_303' title='bbox 493 2563 536 2606; x_wconf 87' lang='lat' dir='ltr'><em>F,</em></span> <span class='ocrx_word' id='word_1_304' title='bbox 560 2563 687 2598; x_wconf 72' lang='lat' dir='ltr'>caeteri</span> <span class='ocrx_word' id='word_1_305' title='bbox 706 2562 869 2600; x_wconf 85' lang='grc' dir='ltr'><em>Κόϊντον</em></span> <span class='ocrx_word' id='word_1_306' title='bbox 983 2564 1043 2601; x_wconf 82' lang='lat'><em>58.</em></span> <span class='ocrx_word' id='word_1_307' title='bbox 1062 2566 1266 2611; x_wconf 85' lang='grc' dir='ltr'><em>Καδμείαν]</em></span> <span class='ocrx_word' id='word_1_308' title='bbox 1285 2555 1479 2611; x_wconf 76' lang='grc' dir='ltr'><em>Καδμειᾶ-</em></span> 
     </span>
     <span class='ocr_line' id='line_1_43' title="bbox 94 2607 1479 2701; baseline 0.006 -60"><span class='ocrx_word' id='word_1_309' title='bbox 94 2607 144 2641; x_wconf 85' lang='grc' dir='ltr'><em>δα</em></span> <span class='ocrx_word' id='word_1_310' title='bbox 167 2608 226 2642; x_wconf 86' lang='grc' dir='ltr'><em>Α]</em></span> <span class='ocrx_word' id='word_1_311' title='bbox 184 2609 260 2701; x_wconf 61' lang='lat' dir='ltr'><em>wQ</em></span> <span class='ocrx_word' id='word_1_312' title='bbox 407 2610 466 2644; x_wconf 79' lang='lat'><em>⁷1.</em></span> <span class='ocrx_word' id='word_1_313' title='bbox 489 2611 565 2645; x_wconf 77' lang='grc' dir='ltr'><em>ταῖν</em></span> <span class='ocrx_word' id='word_1_314' title='bbox 594 2611 791 2657; x_wconf 84' lang='grc' dir='ltr'><em>Θηβαίων]</em></span> <span class='ocrx_word' id='word_1_315' title='bbox 822 2611 997 2657; x_wconf 86' lang='grc' dir='ltr'><em>Θηβαίων</em></span> <span class='ocrx_word' id='word_1_316' title='bbox 1015 2612 1080 2646; x_wconf 71' lang='grc' dir='ltr'><em>ΕΚ</em></span> <span class='ocrx_word' id='word_1_317' title='bbox 1217 2614 1276 2649; x_wconf 79' lang='lat'><em>72.</em></span> <span class='ocrx_word' id='word_1_318' title='bbox 1302 2612 1358 2659; x_wconf 85' lang='grc' dir='ltr'><em>δ’]</em></span> <span class='ocrx_word' id='word_1_319' title='bbox 1385 2613 1425 2650; x_wconf 76' lang='grc' dir='ltr'><em>δὲ</em></span> <span class='ocrx_word' id='word_1_320' title='bbox 1449 2615 1479 2649; x_wconf 84' lang='lat' dir='ltr'><strong>F</strong></span> 
     </span>
    </p>
   </div>
   <div class='ocr_carea' id='block_1_5' title="bbox 92 2681 1476 2777">
    <p class='ocr_par' dir='ltr' id='par_1_5' title="bbox 92 2681 1476 2777">
     <span class='ocr_line' id='line_1_44' title="bbox 207 2681 1476 2741; baseline 0.007 -24.383"><span class='ocrx_word' id='word_1_321' title='bbox 207 2681 322 2717; x_wconf 98' lang='grc'><strong>29.3</strong></span> <span class='ocrx_word' id='word_1_322' title='bbox 345 2681 403 2718; x_wconf 73' lang='lat'><em>94.</em></span> <span class='ocrx_word' id='word_1_323' title='bbox 427 2696 471 2727; x_wconf 89' lang='grc' dir='ltr'><em>τη</em></span> <span class='ocrx_word' id='word_1_324' title='bbox 476 2697 497 2718; x_wconf 86' lang='grc' dir='ltr'><em>ν</em></span> <span class='ocrx_word' id='word_1_325' title='bbox 523 2683 684 2729; x_wconf 86' lang='grc' dir='ltr'><em>δύναμιν</em></span> <span class='ocrx_word' id='word_1_326' title='bbox 709 2682 781 2741; x_wconf 86' lang='grc' dir='ltr'><em>αμ’</em></span> <span class='ocrx_word' id='word_1_327' title='bbox 813 2682 949 2730; x_wconf 76' lang='grc' dir='ltr'><em>ημέρα]</em></span> <span class='ocrx_word' id='word_1_328' title='bbox 976 2681 1046 2730; x_wconf 71' lang='grc' dir='ltr'><em>ἅμ’</em></span> <span class='ocrx_word' id='word_1_329' title='bbox 1078 2683 1198 2736; x_wconf 75' lang='grc' dir='ltr'><em>ἡμέρᾳ</em></span> <span class='ocrx_word' id='word_1_330' title='bbox 1222 2685 1288 2734; x_wconf 80' lang='grc' dir='ltr'><em>τὴν</em></span> <span class='ocrx_word' id='word_1_331' title='bbox 1313 2685 1476 2734; x_wconf 83' lang='grc' dir='ltr'><em>δύναμιν</em></span> 
     </span>
     <span class='ocr_line' id='line_1_45' title="bbox 92 2681 976 2777; baseline 0.009 -17"><span class='ocrx_word' id='word_1_332' title='bbox 92 2681 204 2760; x_wconf 75' lang='grc' dir='ltr'><em>Ι·“Κ2</em></span> <span class='ocrx_word' id='word_1_333' title='bbox 339 2728 395 2766; x_wconf 85' lang='grc'><strong>95.</strong></span> <span class='ocrx_word' id='word_1_334' title='bbox 421 2730 623 2777; x_wconf 84' lang='grc' dir='ltr'><em>δρομαῖος]</em></span> <span class='ocrx_word' id='word_1_335' title='bbox 655 2729 821 2777; x_wconf 78' lang='grc' dir='ltr'><em>δρομέως</em></span> <span class='ocrx_word' id='word_1_336' title='bbox 852 2733 976 2768; x_wconf 76' lang='grc' dir='ltr'><em>ΛΕΚΙι</em></span> 
     </span>
    </p>
   </div>
  </div>
 </body>
</html>
