1820 3249
323 129 433 169 1032
751 125 871 165 LIB.
899 123 990 166 XV.
1033 124 1165 168 GAP.
1191 128 1261 168 91.

324 252 413 279 των
438 236 671 309 προςόδων
698 238 759 304 τῷ
789 237 957 292 βασιλεῖ
983 235 1249 289 κατελέλυτο,
1279 233 1329 280 τὸ
1360 235 1406 280 δὲ
1433 236 1587 288 λοιπὸν
1610 236 1691 294 οὐχ

240 299 293 337 80
325 293 478 337 ἱκανὸν
504 294 561 349 ἦν
588 294 648 343 εἰς
679 291 756 342 τοὶς
783 295 865 334 τοῦ
893 290 1086 348 πολέμου
1115 293 1269 348 χρείας.

239 390 295 429 91
438 383 493 425 Οἱ
521 380 563 427 δ’
594 378 880 436 ἀφεστηκότες
907 383 988 423 τοῦ
1019 382 1227 452 βασιλέως
1254 381 1322 426 ἐπὶ
1350 381 1430 441 τήν
1460 385 1549 426 τῶν
1577 382 1694 426 ὅλων

325 439 540 508 διοίκησιν
572 439 736 481 εἴλοντο
775 437 1015 509 στρατηγόν
1044 436 1264 507 Ὀρόντην.
1326 442 1453 488 οὑτος
1483 439 1528 482 δὲ
1556 455 1694 494 παρα-

324 494 473 552 λαβων
519 494 599 550 τήν
643 491 880 561 ἡγεμονίαν
922 495 994 536 καὶ
1041 494 1235 550 χρήματα
1274 494 1384 549 πρὸς
1427 497 1691 565 ξενολογίαν,

241 558 295 599 85
325 552 570 621 διςμυρίοις
600 549 878 604 στρατιώταις
909 549 1132 594 ἐνιαύσιον
1162 550 1350 621 μισθόν,
1394 551 1558 607 ἐγένετο
1589 569 1694 606 προ-

324 607 452 677 δότης
480 623 569 650 των
597 606 932 650 πιστευσάντων.
992 607 1227 663 ὑπολαβών
1255 608 1338 663 γὰρ
1366 624 1482 663 παρα
1512 613 1591 652 τοῦ
1616 613 1695 665 βα-

321 663 471 714 σιλέως
510 666 687 733 δωρεῶν
719 678 764 706 τε
803 662 999 733 μεγαλων
1031 664 1258 716 τεύξεσθαι
1288 665 1359 708 καὶ
1388 669 1463 720 τῆς
1493 672 1694 718 παραθα-

321 722 497 765 λαττίου
507 719 666 790 πάσης
699 719 1035 775 παραλήψεσθαι
1057 720 1135 776 τὴν
1142 723 1434 790 σατραπείαν,
1472 720 1549 765 ἐαν
1566 722 1695 792 ἔγχει-

323 779 423 834 ρίσῃ
453 780 545 827 τοῖς
576 776 767 830 Πέρσαις
795 778 898 827 τοὺς
934 775 1244 832 ἀφεστηκότας,
1276 782 1452 830 πρῶτον
1483 795 1561 847 μεν
1590 779 1694 830 τούς

241 842 295 881 90
324 835 587 903 κομίσαντας
625 850 678 876 τα
716 832 914 902 χρήματα
945 834 1154 888 συνέλαβε
1195 834 1269 878 καὶ
1307 834 1417 888 πρὸς
1447 835 1525 877 τὸν
1552 834 1694 890 Ἀρτα-

321 889 472 962 ξέρξην
511 887 753 940 απέστειλε,
805 888 909 945 μετὰ
949 890 994 934 δὲ
1034 894 1171 933 ταῦτα
1209 890 1370 941 πολλὰς
1409 894 1497 932 τῶν
1526 891 1695 935 πόλεων

320 948 393 990 καὶ
433 944 539 997 τούς
577 947 942 1015 ξενολογηθέντας
977 946 1242 1000 στρατιώτας
1271 951 1363 997 τοῖς
1391 946 1479 989 ὑπὸ
1510 953 1590 991 τοῦ
1620 951 1695 1004 βα-

322 1002 472 1054 σιλέως
499 1007 765 1073 πεμφθεῖσιν
793 1000 974 1058 ηγεμόσι
1003 1005 1265 1059 παρέδωκεν.
1324 1003 1484 1059 ὁμοίως
1521 1005 1567 1048 δὲ
1598 1005 1697 1048 τού·

323 1076 382 1129 τῳ
412 1059 484 1102 καὶ
516 1076 625 1102 κατα
654 1058 732 1115 τὴν
762 1061 1082 1103 Καππαδοκίαν
1113 1060 1277 1115 ἐγένετο
1307 1061 1545 1114 προδοσία,
1584 1061 1694 1104 καθ’

239 1112 295 1157 95
323 1116 379 1172 ἢν
407 1114 524 1159 ίδιόν
559 1132 601 1159 τι
640 1116 714 1159 καὶ
742 1115 998 1170 παραδοξον
1030 1117 1189 1174 συνέβη
1217 1116 1435 1186 γενέσθαι.
1489 1116 1696 1187 Ἀρταβά-

326 1177 403 1227 ζου
432 1188 518 1227 γαρ
548 1175 628 1216 τοῦ
657 1171 864 1228 βασιλέως
894 1177 1138 1229 στρατηγοῦ
1168 1173 1271 1243 μετα
1292 1177 1450 1228 πολλῆς
1473 1174 1697 1230 δυναμεως

325 1229 592 1299 ἐμβαλόντος
621 1230 681 1280 εἰς
708 1230 789 1284 τήν
810 1232 1144 1281 Καππαδοκίαν,
1174 1228 1196 1273 6
1228 1246 1306 1284 μεν
1334 1229 1490 1284 ταύτης
1519 1236 1593 1287 τῆς
1618 1233 1697 1287 χώ-

326 1302 407 1351 ρας
433 1285 655 1355 σατράπης
684 1286 889 1355 Δατάμης
917 1285 1383 1340 αντεστρατοπέδευσεν
1414 1287 1551 1356 αὐτῷ,
1594 1292 1697 1331 πολ-

216 1346 295 1386 100
324 1341 431 1393 λούς
459 1342 537 1397 μὲν
566 1343 708 1392 ἱππεῖς
736 1340 972 1398 ήθροικώς,
1006 1345 1275 1411 διςμυρίους
1289 1343 1334 1385 δὲ
1364 1344 1514 1396 πεζοὺς
1545 1350 1698 1398 μισθο-

325 1397 495 1466 φόρους
523 1399 630 1454 ε’χων
660 1395 780 1454 αὐτῷ
810 1400 1192 1453 συστρατεύοντας.
1252 1397 1275 1442 ὁ
1309 1400 1354 1442 δὲ
1383 1400 1588 1455 κηδεστής
1617 1404 1696 1445 τοῦ

325 1453 537 1509 Δαταμου
575 1471 664 1499 των
701 1455 867 1498 ἱππέων
899 1454 1253 1528 αφηγούμενος,·
1271 1473 1400 1510 χαριν
1429 1457 1696 1525 βουλόμενος

323 1510 596 1556 καταθέσθαι
635 1512 708 1555 καὶ
742 1516 817 1567 τῆς
847 1513 959 1563 ἰδίας
989 1514 1218 1581 σωτηρίας
1234 1511 1323 1566 ἅμα
1353 1512 1694 1584 προιοούμενος,

326 1567 519 1618 οἶποστας
555 1568 714 1619 νυκτὸς
750 1584 854 1623 μετα
885 1573 972 1612 τῶν
1002 1570 1169 1612 ἱππέων
1194 1567 1416 1637 απηλαυνε
1450 1570 1560 1623 πρὸς
1591 1570 1697 1622 τούς

242 1625 268 1666 5
325 1626 582 1694 πολεμίους,
615 1625 944 1681 συντεθειμένος
972 1626 1082 1681 πρὸς
1107 1624 1371 1680 Ἀρτάβαζον
1399 1630 1453 1682 τῇ
1482 1626 1697 1681 πρότερον

323 1679 464 1737 ημέρα
508 1682 604 1735 περὶ
641 1685 716 1736 τῆς
753 1684 1005 1737 προδοσίας.
1065 1681 1271 1751 Λαταμης
1309 1683 1353 1725 δε
1393 1685 1697 1738 παρακαλέσας

323 1739 426 1788 τοὺς
465 1737 774 1809 μισθοφόρους
821 1739 896 1782 καὶ
945 1737 1111 1790 δωρεας
1156 1737 1453 1809 ὑποσχόμενος
1502 1739 1674 1794 οἷνέζευξ
1678 1758 1696 1785 ε

325 1795 435 1849 πρὸς
463 1794 567 1845 τοὺς
596 1793 903 1850 αφεστηκότας.
949 1794 1207 1848 καταλαβων
1237 1794 1278 1840 δ’
1312 1794 1475 1864 αὐτους
1494 1796 1576 1865 ηδη
1599 1810 1696 1840 συν-

244 1854 295 1894 10
324 1850 475 1894 άπτοτ
468 1868 538 1901 ας
565 1856 656 1901 τοῖς
686 1853 921 1906 πολεμίοις,
954 1869 1028 1895 και
1058 1850 1189 1901 αὐτὸς
1218 1852 1472 1906 προςπεσων
1502 1852 1591 1908 ἅμα
1607 1859 1697 1905 τοῖς

322 1907 422 1962 περὶ
462 1908 539 1951 τὸν
565 1905 850 1977 Ἀρτάβαζον
859 1908 933 1951 καὶ
961 1913 1077 1960 τοῖς
1084 1910 1289 1952 ιππεῦσιν
1319 1908 1475 1952 ἔκτεινε
1503 1909 1608 1961 τοὺς
1638 1913 1697 1961 εἷς

322 1969 466 2034 χεῖρας
495 1964 768 2035 ἐρχομένους.
827 1963 850 2007 6
884 1964 929 2007 6'
955 1963 1234 2034 Ἀρτάβαζος,
1256 1964 1304 2008 τό
1335 1981 1412 2020 μεν
1442 1970 1618 2020 πρῶτον
1646 1967 1694 2011 τὸ

323 2019 478 2088 ἀληθὲς
508 2020 706 2076 αγνοῶν,
755 2019 996 2077 ὑπολαβών
1027 2023 1072 2064 δὲ
1102 2020 1179 2064 τὸν
1209 2019 1462 2091 ἀποστάτην
1496 2028 1576 2067 τοῦ
1606 2028 1696 2067 Δα-

323 2076 466 2132 τάμον
489 2078 871 2147 παλιμπροδοσίαν
891 2083 1125 2129 ποιεῖσθαι,
1157 2076 1414 2147 παρήγγειλε
1448 2084 1536 2130 τοῖς
1566 2082 1696 2132 ιδίοις
1730 2078 1734 2079 ⁷

242 2135 294 2175 15
324 2135 506 2177 κτείνειν
547 2133 652 2183 τούς
691 2132 948 2187 προςιόντας
1000 2137 1153 2186 ἱππεῖς.
1227 2133 1251 2178 ὁ
1300 2134 1346 2204 δὲ
1382 2137 1694 2205 Μιθροβαρζα-

321 2206 398 2246 νης
438 2190 484 2235 ἐν
515 2189 663 2246 μέσοις
694 2190 985 2247 ἀποληφθείς,
1030 2191 1106 2237 καὶ
1147 2193 1236 2237 τῶν
1275 2191 1355 2247 μὲν
1385 2207 1446 2243 ως
1474 2192 1695 2251 προδότην

319 2384 376 2421 83.
424 2385 612 2431 χρήματα]
637 2389 759 2432 χρῆμα
783 2391 812 2423 Α
1019 2390 1076 2427 88.
1116 2389 1312 2447 έγχειρίσῃ]
1323 2387 1525 2447 ε’γχειρήσῃ
1549 2394 1578 2427 Α

414 2433 470 2466 93.
501 2436 750 2479 πεμφθεῖσιν]
776 2437 944 2479 ταχθεῖσι
966 2436 1000 2469 Κ
1183 2435 1240 2470 94.
1273 2434 1412 2480 ἐγένετο
1440 2458 1480 2463 -
1504 2438 1560 2472 97.
1586 2441 1693 2475 Καπ-

321 2477 506 2512 παδοκίαν
531 2491 600 2512 om.
629 2483 654 2514 Α
821 2482 877 2516 98.
911 2479 1109 2537 Δαταμης]
1136 2479 1311 2537 Δοτάμης
1336 2484 1367 2526 Q
1391 2496 1526 2528 semper

322 2523 1050 2583 99.100.πολλοὺς-συστρατεύοντας]
1075 2525 1233 2567 πολλοὺς
1248 2528 1290 2570 μὶ
1279 2541 1315 2561 εν
1338 2530 1469 2570 πεζούς
1492 2523 1691 2574 ήθροικως.

321 2563 369 2613 ἦν
391 2569 460 2616 γὰρ
486 2569 576 2623 ἔχων
610 2574 823 2615 διςμυριόυς
855 2571 986 2616 πεζούς
1008 2572 1272 2629 μισθοφόρους
1302 2572 1405 2621 αυτῷ
1428 2575 1689 2622 συστρατεύον-

321 2628 408 2656 τας,
441 2614 600 2656 πολλοὺς
625 2616 662 2651 δὲ
689 2618 808 2658 ἱππεῖς
831 2620 900 2653 ΗΚ
1091 2621 1170 2653 100.
1215 2617 1316 2668 αὑτῶ
1339 2633 1409 2656 om.
1434 2623 1462 2657 L
1657 2625 1690 2660 1.

324 2660 529 2706 Δαταμου]
572 2663 891 2716 Μιθροβαρζάνης
923 2666 1019 2700 addit
1049 2666 1257 2700 Schaeferus
1456 2669 1510 2702 14.
1557 2672 1689 2713 παλιμ

320 2709 525 2751 προδοσίαν
548 2709 634 2742 Reis
636 2710 734 2743 idus·
757 2711 840 2745 libri
855 2712 1007 2756 πρῶτον
1023 2709 1134 2746 παλιν
1143 2712 1379 2766 προδοσίαν.
1403 2726 1553 2757 πρωτον
1573 2716 1688 2750 delen

321 2755 402 2787 dum
434 2755 521 2789 vidit
550 2754 758 2792 Schaeferus
941 2757 997 2793 15
1021 2755 1264 2805 προςιόντας]
1291 2758 1492 2806 προὶόντας
1514 2760 1564 2796 IK
