1820 3249
705 187 816 229 LlB.
870 188 966 230 XX.
1418 194 1531 235 1591

145 305 246 357 [16.].
277 307 420 355 interea
455 298 694 353 Agathocles,
724 291 893 351 quamvis
921 306 1051 341 multis
1085 309 1246 344 subactis
1275 309 1441 356 oppidiS,
1471 323 1533 345 ca-

143 365 225 398 stris
254 363 352 410 apud
380 365 565 398 Tunetem
588 362 742 396 exuitur.
772 363 834 397 sed
863 370 1123 410 strategemate
1153 369 1335 401 Tunetem
1367 367 1534 401 obsiden-

142 428 198 456 tes
226 421 363 455 fefellit
392 426 429 454 et
457 420 627 466 ingentes
658 426 788 454 contra
817 421 938 454 hostes
966 433 1178 468 progressus
1204 424 1296 458 fecit
1318 421 1416 473 [17.].
1444 426 1534 459 Car-

143 478 391 526 thaginienses
429 476 474 512 de
504 488 599 510 novo
629 479 813 511 Tunetem
851 478 1032 515 obsident.
1076 480 1176 514 haud
1207 482 1373 526 opinatos
1411 482 1539 526 oppri-

144 537 213 571 mit
241 533 461 581 Agathocles
492 533 611 581 iisque
649 545 789 568 novum
822 542 1004 569 terrorem
1035 536 1156 571 iniicit
1187 534 1288 586 [18.].
1331 539 1376 572 In
1406 540 1537 572 Mace—

143 592 255 627 donia
285 591 487 626 Cassander
516 591 727 625 Autariatas
755 591 853 625 bello
884 593 1093 639 subegerat.
1123 595 1170 628 ad
1196 606 1282 629 eum
1303 595 1538 629 Ptolemaeus

143 648 318 695 Antigoni
358 648 398 688 in
443 648 696 693 Peloponneso
745 647 889 694 legatus
934 650 1070 684 deficit.
1120 652 1347 698 Antigonum
1384 652 1538 698 insuper

142 705 242 740 bello
275 704 377 753 petit.
399 705 629 739 Ptolemaeus
658 706 815 751 Aegypti
835 706 1013 752 dynasta.
1047 708 1110 742 sed
1140 709 1279 754 ubique
1313 709 1431 742 victor
1459 711 1535 742 An-

144 763 292 809 tigonus
315 759 416 810 [19.].
446 773 561 796 novos
591 767 713 796 motus
742 762 780 795 in
811 764 1059 798 Cassandrum
1091 766 1228 800 excitat
1251 766 1535 812 Polysperchcn‚

142 822 325 866 Pergamo
356 830 541 865 arcessens
565 819 767 853 Herculem
790 820 986 855 Alexandri
1015 821 1139 856 filium
1172 819 1270 870 [20].
1302 824 1535 857 Ptolemaeus

142 877 294 911 subacta
324 877 446 922 Cypro
477 876 590 910 saevit
621 877 657 909 in
689 877 883 911 Nicoclem
903 878 1128 923 Paphiorum
1157 891 1284 926 regem
1315 876 1416 927 [21.].
1447 881 1534 913 Mo-

142 934 238 968 ritur
277 933 317 967 in
346 935 463 967 Ponto
494 932 693 978 Parysades
722 934 876 979 Bospori
906 946 979 969 rex.
1020 936 1064 969 de
1093 948 1210 983 regno
1243 937 1363 970 oritur
1392 937 1534 970 bellum

142 991 243 1025 inter
272 990 420 1033 relictos
451 996 524 1024 tres
551 990 660 1033 filios,
690 991 882 1035 Satyrum,
913 992 1113 1027 Eumelum
1144 1001 1180 1028 et
1208 994 1411 1039 Prytanim.
1452 994 1533 1027 Ari-

142 1047 305 1093 pharnes
333 1058 399 1081 rex
425 1047 613 1081 Thracum
635 1048 835 1087 Eumelum
865 1048 1015 1083 adiuvat
1046 1046 1146 1098 [22].
1176 1051 1273 1084 bello
1304 1050 1533 1085 decertantes

143 1105 293 1149 Satyrus
323 1110 360 1138 et
388 1104 579 1148 Prytanis,
608 1105 774 1149 quamvis
804 1105 979 1149 victores,
1018 1108 1381 1153 mortem1deinceps
1417 1119 1531 1153 oppe—

142 1167 224 1195 tunt
256 1157 360 1209 [93.].
397 1172 471 1206 quo
509 1161 610 1194 facto
643 1161 822 1195 Eumelus
862 1174 978 1208 regno
1008 1164 1146 1209 potitus
1177 1172 1232 1199 est
1272 1161 1382 1212 [24.]‚
1420 1165 1531 1210 idque

142 1217 358 1256 felicissime
387 1217 500 1264 gessit
538 1223 574 1251 et
605 1217 858 1264 maximopere
890 1219 999 1252 auxit.
1030 1227 1113 1265 post
1142 1222 1162 1255 5
1198 1234 1382 1255 annorum
1413 1222 1532 1268 impe-

141 1275 243 1309 rium
273 1286 386 1309 curru
414 1280 542 1309 vectus
572 1275 815 1310 consternatis
842 1276 946 1323 equis
974 1278 1150 1311 occubuit
1178 1275 1278 1327 [25]
1311 1279 1461 1313 oracula
1486 1279 1530 1313 de

143 1331 289 1366 Eumeli
327 1338 364 1366 et
393 1331 516 1377 Satyri
553 1331 684 1365 mortis
714 1343 863 1378 genere.
906 1332 1059 1368 Adiecta
1098 1336 1240 1369 mentio
1277 1336 1364 1369 belli
1406 1349 1425 1370 a
1456 1337 1531 1370 Ro·-
1553 1361 1620 1398 117

144 1389 264 1422 manis
292 1388 454 1427 feliciter
491 1395 619 1423 contra
649 1389 829 1424 Samnites
859 1391 953 1434 gesti
986 1386 1084 1439 [26.].
1116 1393 1349 1428 Ptolemaeus
1377 1393 1533 1439 Aegypti
1583 1387 1632 1453 4‘

143 1445 315 1491 princeps
352 1446 391 1480 in
428 1445 548 1480 Asiam
585 1447 775 1492 profectus
813 1447 920 1480 urbes
963 1452 1000 1479 et
1039 1449 1191 1482 castella
1221 1450 1330 1494 plura
1372 1450 1534 1496 subigit:
1606 1445 1616 1453 ’

142 1503 400 1537 Ptolemaeum
438 1503 615 1549 Antigoni
645 1514 664 1536 e
703 1503 818 1537 fratre
847 1509 1024 1549 nepotem
1056 1505 1103 1539 ad
1140 1517 1177 1539 se
1210 1506 1414 1552 pellectum
1448 1518 1537 1541 cum

144 1560 260 1605 copiis
289 1560 390 1606 capit
419 1556 518 1608 [27.].
546 1560 900 1606 Polysperchontem
926 1562 1130 1596 Cassander
1150 1563 1338 1608 promissis
1364 1564 1538 1609 praemiis

144 1617 215 1651 sibi
243 1617 441 1660 conciliat,
479 1617 715 1663 impellitque
745 1623 787 1651 ut
816 1617 1020 1652 Herculem
1050 1630 1178 1666 regem
1210 1620 1434 1655 destinatum
1470 1631 1539 1666 per

144 1673 292 1708 insidias
320 1674 532 1721 exstinguat
563 1671 663 1722 [283.
693 1674 929 1719 Lysimachia
959 1675 1118 1710 condita.
1151 1677 1341 1712 Cleomeni
1362 1679 1444 1724 regi
1464 1679 1537 1712 La·

145 1731 474 1771 cedaemoniorum
513 1733 630 1765 Areus
668 1731 844 1767 succedit.
902 1732 947 1765 In
983 1733 1107 1767 Sicilia
1137 1735 1301 1770 Amilcar
1339 1735 1535 1780 Syracusas

143 1794 258 1822 noctu
287 1789 380 1823 clam
411 1788 550 1822 adoriri
582 1793 619 1821 et
647 1799 858 1834 expugnare
886 1795 1005 1834 parat.
1036 1790 1099 1824 sed
1131 1802 1217 1825 cum
1250 1792 1392 1837 ingenti
1428 1792 1536 1825 clade

145 1845 314 1891 repulsus
353 1845 432 1880 abit
470 1846 680 1880 Poenorum
717 1845 922 1879 exercitus:
972 1846 1136 1881 Amilcar
1175 1855 1303 1894 captus
1342 1849 1540 1894 Syracusas

144 1901 345 1936 abducitur
384 1899 487 1951 [z9.].
517 1902 606 1936 belli
644 1902 853 1947 inopinatos
890 1909 1042 1937 eventus
1080 1904 1278 1940 historicus
1318 1905 1537 1942 admiratur.

145 1959 341 1994 Amilcaris
379 1957 556 1993 trucidati
595 1964 707 2004 caput
743 1959 788 1993 ad
829 1960 1074 2006 Agathoclem
1108 1963 1373 2008 perferendum
1405 1969 1539 1997 curant

145 2016 365 2062 Syracusani
397 2012 496 2065 [30.].
535 2017 586 2055 in⁴
611 2015 758 2054 residuo
798 2019 1009 2052 Poenorum
1041 2019 1206 2054 exercitu
1234 2031 1321 2054 cum
1352 2026 1472 2054 metus
1501 2026 1539 2054 et

147 2073 340 2109 dissidium
376 2075 503 2107 omnia
533 2073 762 2117 turbassent,
799 2073 1034 2120 Agrigentini
1063 2075 1212 2111 Siciliae
1241 2077 1442 2122 imperium
1472 2089 1533 2110 oc-

147 2142 283 2176 cupare
314 2136 518 2172 conantur,
559 2130 670 2163 misso
709 2130 920 2178 Xmodico,
962 2132 1026 2177 qui
1057 2133 1191 2167 Gelam
1227 2134 1387 2180 aliasque
1424 2134 1534 2168 urbes

144 2189 186 2223 in
221 2187 437 2222 libertatem
470 2187 635 2222 vindicat
665 2183 752 2234 [31.]
781 2186 882 2221 idem
921 2188 1138 2233 Echetlam,
1169 2190 1368 2225 Leontium
1396 2197 1434 2225 et
1464 2193 1536 2226 Ca-

147 2244 332 2280 marinam
365 2256 387 2278 a
416 2243 655 2290 Syracusanis
700 2243 878 2280 defendit.
928 2245 1244 2290 Syracusanorum
1282 2248 1452 2282 triremes
1491 2249 1538 2283 20

146 2300 301 2336 navibus
337 2301 594 2336 frumentariis
624 2299 773 2335 obviam
811 2301 941 2335 missae
979 2314 999 2336 a
1032 2303 1144 2338 classe
1181 2305 1319 2339 Punica
1349 2305 1540 2352 agitantur

148 2363 188 2393 et
214 2364 436 2405 premuntur
467 2355 566 2408 [32.].
597 2363 752 2402 accepto
782 2358 914 2391 nuntio
946 2357 990 2393 de
1021 2359 1127 2394 clade
1157 2373 1310 2396 suorum
1345 2362 1384 2396 in
1414 2362 1539 2398 Sicilia

147 2426 245 2449 novo
283 2421 426 2449 terrore
465 2414 785 2461 Carthaginienses
822 2413 1004 2460 perculsi,
1045 2429 1104 2451 res
1136 2429 1224 2453 vero
1255 2419 1468 2466 Agathoclis
1498 2420 1539 2454 in

148 2471 226 2506 dies
254 2471 426 2506 laetiores
446 2473 578 2521 *factae
606 2477 704 2509 sunt.
734 2469 796 2504 sed
825 2477 906 2506 orta
936 2471 1125 2508 altercatio
1157 2475 1255 2510 inter
1282 2476 1479 2521 Lyciscam
1502 2482 1540 2510 et

149 2528 394 2575 Agathoclem
437 2537 636 2577 secutaque
674 2527 819 2573 Lycisci
854 2528 982 2563 caedes
1021 2542 1088 2576 per
1123 2532 1407 2579 Archagathum
1445 2535 1540 2579 Aga-

150 2585 283 2620 thoclis
319 2585 439 2620 filium
471 2592 614 2622 tantam
651 2585 691 2619 in
734 2584 861 2619 castris
896 2585 1117 2622 seditionem
1148 2589 1324 2624 excitavit
1352 2596 1394 2624 ut
1423 2600 1541 2636 paene

151 2643 198 2676 de
227 2641 429 2688 Agathocle
466 2650 594 2678 actum
626 2647 720 2677 esset
758 2637 858 2689 [33.].
897 2643 1146 2679 reconciliatis
1176 2646 1357 2680 militibus
1388 2658 1431 2680 eo
1460 2647 1539 2693 ipso

150 2705 318 2746 tempore
357 2709 444 2733 cum
474 2701 588 2735 Poeni
625 2711 686 2734 eos
716 2698 925 2733 defecturos
960 2708 1172 2746 sperarent,
1202 2703 1422 2750 Agathocles
1453 2715 1535 2738 nec-

151 2755 344 2802 opinantes
373 2755 533 2801 invadit,
563 2756 681 2804 iisque
709 2766 847 2789 novam
876 2756 1027 2801 plagam
1061 2758 1200 2805 infligit
1230 2756 1331 2809 [34.].
1361 2761 1405 2794 In
1431 2760 1540 2794 Italia

149 2812 313 2848 Romani
345 2813 459 2848 simul
487 2814 526 2848 in
562 2816 763 2850 Hetruscos
802 2818 839 2846 et
867 2812 1050 2849 Samnites
1085 2815 1228 2852 bellum
1265 2822 1403 2864 gerunt
1442 2813 1541 2865 [35.].
