1820 3249
188 1189 302 1238 *40

246 1479 300 1521 45

246 1703 300 1746 50

332 102 443 148 15⁰4
718 103 830 146 L-l-B.
857 102 968 145 XX.·
1002 101 1078 147 GA
1090 106 1133 146 Ρ.
1163 108 1312 149 5651.

329 207 527 289 σκαφῶν.
583 215 788 273 τοιαύτης
827 215 873 261 65
911 219 985 274 τῆς
1013 214 1245 271 διατάξεως
1282 219 1540 277 γενοιιένης,
1571 217 1699 274 εὐχὰς

322 275 528 330 ’ἑκάτεροι
567 280 659 326 τοῖς
694 279 844 325 θεοῖς·
857 275 1109 327 ἐποιοῦντο,
1149 274 1348 331 καθάπερ
1383 278 1439 331 ἡν
1476 276 1597 327 ἔθος,
1627 276 1701 319 διά

329 337 417 375 τῶν
455 337 722 381 κελευστῶν,
769 333 1170 402 συνεπιλαβομένου
1198 333 1272 375 καὶ
1307 336 1389 375 τοῦ
1418 332 1618 388 πλήθους
1646 336 1702 390 τῇ

331 406 470 459 φωνῃ
529 391 571 431 οἱ
602 390 647 432 65
678 388 907 439 δυνάσται,
945 388 1003 439 ὥς
1042 388 1096 431 άν
1133 389 1230 442 περὶ
1266 393 1347 432 τοῦ
1378 391 1480 444 βίου
1510 389 1585 432 καὶ
1611 393 1701 431 τῶν

330 446 446 489 ὅλων
473 447 698 501 μέλλοντες
729 445 1096 492 διακινὸυνεύειν,
1126 445 1172 488 ἐν
1197 444 1364 515 ἀγωνία
1392 449 1531 502 πολλῆ
1561 451 1705 488 καθει-

328 502 566 571 στήκεισαν.
625 500 876 556 Δημητριος
908 502 985 551 μὲν
1026 497 1108 544 οὖν
1145 505 1230 544 τῶν
1262 503 1470 545 ἐναντίων
1501 503 1705 557 ἀποσχών

327 557 386 627 ὥς
416 558 472 602 ἂν
509 564 623 613 τρεῖς
652 561 856 609 σταδίους
895 565 974 614 ῆρε
1011 557 1061 600 τὸ
1103 560 1387 612 συγκείμενον
1422 558 1533 612 πρὸς
1550 558 1703 630 ,μάχην

328 616 565 671 σύσσημον,
591 615 751 658 ’ἀσπίδα
781 615 1124 669 κεχρυσωμένην,
1156 614 1355 668 φανερὰν
1383 620 1515 658 πᾶσιν
1545 615 1591 658 ἐκ
1615 617 1706 658 δια-

329 675 473 728 δοχῆς.
529 672 577 715 τό
618 671 924 740 παραπλήσιον
961 671 1006 713 65
1052 671 1124 712 καὶ
1161 674 1249 712 τῶν
1291 672 1387 724 περὶ
1428 676 1704 739 Πτολεμαῖον

327 728 626 800 ποιησάντων,
659 729 765 782 ταχὺ
804 726 853 770 τὸ
885 730 1077 781 διεῖργον
1107 726 1321 782 διάστημα
1351 729 1583 785 συνηρέθη.
1645 727 1704 779 ὠς

328 784 374 829 δ’
407 787 457 828 αἴ
492 802 536 829 τε
566 785 795 851 σάλπιγγες
832 783 880 827 τὸ
918 783 1156 837 πολεμικόν
1193 783 1429 838 ἐσήμαινον
1455 785 1541 827 καὶ
1571 797 1705 840 συνη-

328 841 519 894 λάλαξαν
559 843 605 883 αἱ
644 839 850 894 δυνάμεις
900 839 1172 895 ἀμφότεραι,
1221 840 1475 896 φερομένων
1524 812 1704 883 ἁπασῶν

328 904 416 942 τῶν
453 902 565 941 νεῶν
605 899 664 948 εἰς
700 897 887 952 ἐμβολὴν
923 901 1294 951 καταπληκτικῶς,
1335 898 1383 940 τό
1424 897 1500 952 μὲν
1529 900 1704 949 πρῶτον

330 961 420 1005 τοῖς
446 953 588 1005 τόξοις
619 954 691 997 καὶ
720 958 811 1004 τοῖς
840 953 1126 1009 πετροβόλοις
1156 953 1218 996 ἔτι
1248 953 1295 996 65
1324 958 1416 1004 τοῖς
1445 953 1704 1023 ἀκοντίσμα-

330 1024 373 1055 σι
402 1016 596 1062 πυκνοῖς
623 1009 836 1079 χρώμενοι
873 1008 1267 1077 κατετραυμάτιζον
1305 1009 1409 1060 τούς
1437 1008 1705 1054 υποπίπτον-

330 1082 431 1119 τας·
471 1072 561 1111 εἰτα
600 1066 948 1122 ’συνεγγισάντων
986 1071 1074 1109 τῶν
1100 1070 1314 1138 σκαφῶν,
1355 1084 1428 1110 και
1466 1065 1704 1123 μελλούσης

330 1128 530 1192 γίνεσθαι
557 1128 632 1179 τῆς
662 1124 847 1179 ἐμβολῆς
876 1125 1039 1178 βιαίου,
1070 1124 1113 1166 οἱ
1141 1122 1219 1177 μὲν
1247 1123 1315 1165 ἐπι-
1343 1128 1430 1166 τῶν
1458 1136 1705 1177 καταστρω-

333 1181 481 1239 μάτων
521 1185 828 1236 συγκαθηκαν,
868 1182 912 1223 οἱ
955 1179 998 1222 δ’
1027 1180 1182 1232 ἐρέται
1223 1180 1571 1234 παρακληθέντες
1617 1178 1703 1224 ὑπὸ

331 1243 421 1282 τῶν
448 1240 689 1281 κελευστων
718 1236 1013 1290 ἐκθυμότερον
1045 1235 1270 1278 ἐνέκειντο.
1325 1235 1410 1279 άπὸ
1440 1235 1627 1290 κράτους
1659 1237 1705 1279 65

331 1296 406 1340 καὶ
443 1297 539 1351 βίας
577 1295 816 1337 ἐλαθεισῶν
852 1297 941 1335 τῶν
979 1297 1114 1341 νεῶν,
1154 1308 1199 1334 αι
1235 1291 1313 1347 μὲν
1351 1293 1602 1347 παρέσυρον
1634 1291 1707 1336 άλ-

331 1351 474 1422 λήλων
511 1350 615 1400 τοὺς
653 1349 862 1404 ταρσούς,
911 1348 1014 1399 ὥςτε
1063 1347 1173 1401 πρός
1213 1365 1361 1403 φυγην
1402 1350 1476 1392 καὶ
1515 1349 1707 1419 διωγμὸν

331 1408 576 1477 ἀχρήστους
603 1408 816 1476 γίνεσθαι
855 1406 928 1449 καὶ
961 1404 1065 1455 τοὺς
1095 1404 1402 1460 ἐπιβεβηκότας
1431 1406 1596 1460 ἄνδρας
1626 1405 1707 1460 639-

330 1464 524 1521 μηκότας
554 1463 664 1536 πρὸς
693 1461 828 1515 αλκήν
857 1461 1106 1506 κωλύεσθαι
1133 1466 1209 1517 τῆς
1239 1461 1349 1516 πρός
1382 1462 1460 1506 τὸν
1492 1445 1707 1506 κίνδυνόν

332 1522 491 1591 ὁρμῆς·
514 1537 579 1564 ·αι
609 1520 655 1563 65
684 1519 794 1562 κατὰ
824 1523 1008 1587 πρῶραν
1036 1524 1127 1568 τοῖς
1157 1518 1354 1575 ἐμβόλοις
1377 1518 1707 1590 συῤῥάττουσαι

329 1578 536 1634 πρύμναν
568 1575 865 1629 ἀνεκρούοντο
903 1576 1015 1627 πρός
1053 1575 1187 1630 ἄλλην
1226 1575 1441 1630 ἐμβολήν,
1477 1578 1550 1620 καὶ
1579 1593 1706 1621 κατε-

329 1635 626 1690 τραυμάτιζον
667 1633 880 1688 άλληλους
921 1635 964 1676 οἷ
999 1632 1177 1682 ταύταις
1217 1632 1474 1688 ἐφεστῶτες,
1519 1633 1590 1677 ἅτε
1627 1637 1707 1677 τοῦ

331 1697 500 1736 σκοποῦ
530 1691 741 1744 σύνεγγυς
772 1689 970 1754 ἑκάστοις
1000 1689 1213 1744 κειμένου.
1263 1689 1375 1739 τινὲς
1403 1690 1448 1733 65
1477 1693 1565 1733 τῶν
1592 1706 1708 1746 τριη-

332 1750 508 1805 ράρχων
535 1748 582 1791 ἐκ
610 1748 794 1817 πλαγίας
830 1747 1036 1798 ἐτυπτον,
1070 1745 1142 1788 καὶ
1171 1748 1258 1787 τῶν
1287 1744 1485 1801 ἐμβόλων
1515 1749 1706 1798 δυςαπο-

334 1807 534 1856 σπάστως
563 1802 750 1871 ἐχόντων
779 1801 1005 1858 ἐπεπηὸων
1035 1802 1103 1846 ἐπὶ
1124 1819 1200 1853 τας
1221 1806 1309 1844 τῶν
1337 1804 1556 1858 πολεμίων
1583 1808 1706 1856 ναῦς,

332 1862 470 1908 πολλὰ
501 1862 587 1906 καὶ
603 1860 839 1916 πάσχοντες
869 1859 988 1902 δεινὰ
1018 1859 1092 1902 καὶ
1122 1858 1490 1909 διατιθέντες.οἱ
1518 1860 1597 1915 μὲν
1623 1877 1705 1916 γαρ

333 1925 423 1964 τῶν
454 1917 707 1987 ἐγγιζόντων
743 1919 901 1972 τοίχων
942 1914 1217 1971 ἐφαψάμενοι
1253 1915 1326 1958 καὶ
1364 1917 1596 1971 σφαλέντες
1630 1921 1707 1972 τῆς

253 1986 306 2028 55
336 1975 503 2046 βάσεως
541 1974 818 2028 περιέπιπτον
861 1975 920 2022 εἷς
957 1972 1180 2015 θάλατταν
1220 1973 1293 2015 καὶ
1328 1976 1588 2028 παραχρῆμα
1616 1979 1708 2024 τοῖς

336 2033 524 2087 δόρασιν
556 2030 646 2074 ὑπὸ
687 2035 775 2072 τῶν
804 2029 1057 2084 ἐφεστώτων
1086 2028 1449 2097 ἐφονεύοντο,οῑ
1478 2030 1524 2072 δὲ
1551 2031 1707 2084 κρατή-

340 2100 492 2140 σαντες
529 2092 605 2144 τῆς
645 2086 845 2142 ἐπιβολῆς
881 2085 984 2136 τοὺς
1017 2085 1094 2140 μὲν
1133 2083 1350 2140 άνήρουν,
1389 2084 1494 2135 τούς
1522 2086 1568 2129 65
1597 2086 1707 2129 κατά

337 2163 418 2216 την
435 2146 722 2200 στενοχωρίαν
742 2142 1036 2214 ἐκβιαζόμενοι
1063 2141 1340 2195 περιέτρεπον
1357 2143 1414 2191 είς
1432 2141 1481 2184 τὸ
1511 2142 1709 2197 πέλαγος.

256 2214 309 2254 60
340 2204 450 2253 ὅλως
473 2203 518 2245 65
535 2202 730 2246 ποικίλαι
753 2200 824 2242 καὶ
844 2200 1086 2253 παράλογοι
1107 2199 1364 2243 συνίσταντο
1383 2196 1536 2253 μάχαι,
1551 2199 1710 2242 πολλά-

339 2278 406 2343 κις
423 2262 511 2303 τῶν
528 2258 606 2314 μὲν
623 2255 816 2314 ἡττόνων
840 2255 1191 2311 ἐπικρατούντων
1219 2253 1290 2297 διὰ
1313 2252 1392 2310 τὴν
1420 2259 1507 2298 τῶν
1528 2259 1711 2313 σκαφῶν

430 2424 512 2459 444.
557 2424 614 2458 21.
650 2424 716 2468 τῆς
747 2434 816 2456 om.
849 2422 932 2455 Bas.
994 2444 996 2447 -
1091 2420 1171 2455 23.
1205 2421 1422 2466 κελευστῶν]
1449 2419 1710 2457 ἐπικελευστῶν

336 2472 446 2516 FQW
627 2469 684 2503 28.
707 2466 759 2508 οἷς
784 2465 851 2511 ἂν]
877 2466 959 2508 ώςεὶ
976 2467 1061 2501 FW
1243 2467 1300 2500 32.
1325 2467 1370 2502 αἴ
1386 2468 1439 2512 τε]
1465 2468 1504 2502 αἱ
1527 2468 1606 2502 Bas.

429 2515 485 2552 35.
510 2517 597 2560 μὲν]
621 2514 689 2559 μὲν
722 2511 792 2551 οὖν
815 2515 845 2548 F
1019 2514 1064 2548 2.
1076 2511 1157 2547 libri
1185 2511 1409 2550 ἐλασθεισῶν
1543 2514 1600 2549 46.
1624 2513 1709 2559 σνῤ-

1104 2557 1221 2602 συῤῥα

341 2607 542 2665 ῥάττονσαι
565 2607 618 2652 Τ,
632 2586 891 2662 συράττουσαι
912 2605 1014 2646 Bas„
1047 2603 1364 2662 συναῤῥοὶττουσαι
1395 2606 1446 2650 F,
1474 2605 1601 2641 caeteri
1625 2615 1709 2640 σνν-

343 2654 568 2699 meduanam
704 2653 759 2687 47.
785 2649 1053 2695 ἀνεκρούοντο]
1087 2649 1324 2696 ἐνεκρούοντο
1361 2652 1404 2684 W
1546 2650 1601 2686 50.
1627 2650 1709 2685 liin-i

341 2703 571 2746 τριηραρχῶν
621 2732 626 2737 ,
705 2699 764 2733 53.
805 2697 1037 2762 ἐγγιζόντων]
1068 2697 1253 2740 μενόντων
1276 2698 1403 2741 QTXY
1437 2698 1517 2732 Bas.
1653 2696 1709 2731 55.

346 2749 396 2790 εἰς
418 2747 484 2793 τὴν
508 2747 700 2782 θάλασσαν
725 2745 756 2779 F
901 2744 958 2780 59.
980 2741 1086 2785 ολως
1096 2744 1392 2780 Rhodomannus:
1415 2743 1503 2779 libri
1522 2740 1622 2788 ὅμως
