1820 3249
350 143 460 185 1394
715 137 834 178 mn.
863 128 974 179 xlx.
1030 134 1159 177 οΑΡ
1185 131 1344 178 55.’56

349 248 491 307 στάτη.
539 248 865 319 ἀποφαίνονται
892 246 975 304 γάρ
1005 228 1169 298 πολλάς
1196 245 1413 302 μυριάδας
1441 243 1550 287 ἐτων
1580 241 1714 298 ὑπάρ-

347 324 438 364 χειν
474 307 516 359 ἐξ
561 309 615 350 οὑ
648 302 754 360 παρ’
801 303 948 354 αὐτοῖς
997 303 1111 347 ἐστιν
1151 321 1177 360 η
1217 304 1328 373 περὶ
1351 305 1490 345 ταῦτα
1532 300 1709 355 σπουδή

241 372 319 412 100
350 367 533 408 δοκοῦσι
571 363 617 405 δὲ
650 362 723 406 καὶ
749 360 1009 431 Ἀλεξάνδρῳ
1048 366 1272 414 προειπεῖν
1302 359 1369 403 ὅτι
1397 357 1643 425 παρελθών
1658 359 1717 407 εἰς

350 423 596 475 Βαβυλῶνα
629 418 881 474 τελευτήσει.
939 417 1098 472 ὁμοίως
1136 416 1182 460 δὲ
1221 434 1273 474 τη
1313 416 1410 469 περὶ
1435 412 1718 482 Ἀλεξάνδρου

347 476 584 547 προρρησει
631 477 790 531 συνέβη
828 475 901 518 καὶ
936 474 1017 544 τήν
1057 473 1276 516 Σελεύκου
1315 475 1575 539 τελεσθῆναι
1605 485 1715 512 κατα

346 534 421 583 τὰς
450 537 536 575 τῶν
574 530 745 586 άνδρών
782 533 951 575 τούτων
992 528 1256 586 άποφάσεις·
1300 530 1396 583 περὶ
1433 532 1485 583 ἡς
1512 525 1575 569 τοὶ
1607 524 1718 568 κατὰ

291 596 317 638 5
347 590 476 645 μέρος
505 589 710 644 ἐροῦμεν,
747 587 854 632 όταν
890 587 957 631 ἐπὶ
987 587 1091 638 τοὺς
1131 588 1317 637 οἰκείους
1352 584 1540 643 χρόνους
1571 579 1717 640 ἐπιβά-

344 651 404 689 λω
440 661 495 688 εν.

260 711 316 749 56
406 664 435 702 μ
452 701 502 744 Ο
541 699 588 744 δ’
630 695 713 745 οὖν
752 700 967 750 Σέλευκος
1001 698 1238 767 διασωθεὶς
1276 700 1335 749 εἰς
1373 697 1454 754 τὴν
1489 698 1717 751 Αἴγυπτον

344 760 676 814 φιλανθρωπίας
705 773 749 799 τε
786 756 925 812 πάσης
954 755 1155 826 ἐτύγχανε
1192 754 1311 808 παρὰ
1340 757 1614 824 Πτολεμαίῳ,
1634 751 1718 794 καὶ

343 817 607 870 κατηγορίαν
636 816 817 856 ἐποιεῖτο
856 828 1018 881 πικραν
1041 810 1322 880 ’ᾼντιγόνοω
1365 812 1501 865 λέγων
1539 810 1605 854 ὅτι
1635 811 1717 851 διε-

261 881 312 920 10
340 872 496 939 γνῴκει
537 871 704 920 πάντας
743 868 847 918 τούς
886 868 933 911 ἐν
971 866 1208 922 ἀξιώμασιν
1245 866 1411 917 ὄντας,
1430 866 1503 909 καὶ
1531 866 1716 921 μάλιστα

339 926 443 978 τούς
471 925 733 997 Ἀλεξάνδρῳ
765 924 1200 994 συνεστρατευκότας,
1231 923 1427 978 ἐκβαλεῖν
1456 922 1503 965 ἐκ
1531 925 1618 965 τῶν
1647 932 1718 964 σα-

339 987 582 1052 τραπειῶν,
621 983 694 1026 καὶ
730 983 899 1025 τούτων
939 979 1176 1032 ἀποδείξεις
1205 981 1329 1035 ἔφερε
1367 996 1448 1035 την
1476 995 1521 1022 τε
1555 971 1716 1022 Πύθω-

339 1056 415 1089 νος
447 1037 674 1111 άναίρεσιν
715 1039 788 1081 καὶ
826 1037 906 1092 τήν
940 1036 1191 1080 Πευκέστου
1229 1040 1316 1104 τῆς
1335 1037 1549 1089 Περσίδος
1587 1033 1716 1087 άφαί-

339 1107 460 1150 ρεσιν
497 1096 569 1138 καὶ
599 1096 651 1138 τὰ
685 1095 782 1150 περὶ
813 1093 948 1137 αὑτὸν
979 1092 1212 1162 συμβάντα.
1256 1092 1422 1142 πάντας
1459 1092 1544 1162 γάρ
1586 1089 1715 1134 οὐδὲν

257 1160 308 1202 15
337 1151 596 1208 ἠδικηκότας
626 1150 734 1194 ἄλλα
773 1152 847 1194 καὶ
884 1153 1027 1221 χρείας
1062 1149 1223 1201 πολλάς
1261 1150 1335 1193 καὶ
1363 1149 1552 1217 μεγάλας
1587 1147 1634 1190 ἐν
1661 1149 1716 1202 τῇ

338 1211 463 1264 φιλία
493 1208 842 1277 παρεσχημένους
871 1206 1022 1262 άρετῆς
1059 1205 1434 1275 ὑπομεμενηκέναι
1461 1204 1715 1272 πρόςτιμον.

337 1265 494 1319 διεξῄει
523 1262 567 1307 δε
596 1266 668 1307 καὶ
698 1280 750 1306 τα
779 1263 940 1333 μεγέθη
971 1267 1060 1306 τῶν
1088 1264 1186 1316 περὶ
1215 1261 1350 1305 αὐτὸν
1382 1260 1613 1330 δυνάμεων
1642 1259 1716 1302 καὶ

335 1321 383 1364 τὸ
417 1324 587 1377 πλῆθος
615 1324 704 1363 τῶν
733 1319 984 1387 χρημάτων,
1017 1320 1077 1362 ἔτι
1107 1319 1154 1362 δὲ
1183 1320 1259 1369 τὰς
1287 1316 1567 1374 προςφάτους
1597 1315 1716 1358 εὐτυ-

251 1389 306 1429 20
337 1379 447 1448 χίας,
469 1378 511 1428 ἐξ
530 1378 593 1418 ὠν
611 1375 892 1419 ὑπεδείκνυεν
906 1374 1209 1444 ὑπερήφανον
1224 1375 1513 1430 γεγενημένον
1530 1373 1602 1417 καὶ
1622 1376 1716 1421 ταῖς

338 1436 478 1477 ἐλπίσι
513 1431 822 1503 περιειληφότα
863 1435 1010 1475 πᾶσαν
1046 1449 1127 1487 την
1162 1431 1442 1475 Μακεδόνων
1478 1430 1714 1487 βασιλείαν.

338 1489 413 1532 δια
449 1489 494 1532 δε
523 1487 738 1532 τοιούτων
775 1488 917 1543 λόγων
945 1488 1308 1558 προτρεψάμενος
1337 1487 1415 1531 τὸν
1444 1491 1714 1543 Πτολεμαῖον

336 1546 637 1601 ἑτοιμάζεσθαι
665 1545 719 1588 τὰ
746 1545 859 1597 πρὸς
887 1544 965 1588 τὸν
994 1545 1206 1601 πόλεμον,
1247 1544 1448 1600 ἐξέπεμψέ
1476 1560 1598 1594 τινας
1626 1545 1715 1586 τῶν

333 1605 478 1675 φίλων
519 1603 578 1652 εἰς
626 1618 707 1658 την
754 1600 1003 1674 Εὐρώπην,
1055 1600 1298 1671 προςτάξας
1343 1604 1578 1654 πειρᾶσθαι
1611 1604 1715 1648 τοῖς

248 1669 302 1710 25
334 1658 507 1713 ὁμοίοις
547 1657 694 1713 λόγοις
724 1657 910 1713 ἐχθρούς
935 1658 1131 1716 Αντιγότ
1134 1675 1189 1701 ου
1225 1662 1488 1713 καταστῆσαι
1516 1656 1715 1700 Κάσσαν-

332 1715 442 1769 δρόν
472 1731 516 1757 τε
546 1715 618 1757 καὶ
631 1717 914 1785 Λυσίμαχον.
954 1717 1016 1757 ὠν
1044 1714 1149 1771 ταχὺ
1179 1714 1227 1758 τὸ
1259 1714 1492 1758 κελευσθεν
1520 1717 1711 1781 συντελεῖ

332 1771 505 1815 σάντων
536 1769 644 1827 άρχὴ
676 1773 893 1827 διαφορᾶς
923 1770 1080 1840 ἐφύετο
1110 1772 1183 1815 καὶ
1213 1770 1411 1827 μεγάλων
1440 1769 1653 1824 πολέμων.
1686 1767 1711 1811 ὁ

333 1827 376 1871 δ’
412 1826 656 1882 Ἀντίγονος
694 1828 741 1870 ἐκ
771 1831 857 1870 τῶν
898 1826 1077 1871 εἰκότων
1118 1828 1482 1897 συλλογισάμενος
1518 1826 1600 1883 τὴν
1627 1829 1710 1869 Σε-

248 1896 303 1937 30
331 1884 493 1928 λεύκου
522 1886 801 1938 προαίρεσιν,
841 1883 1045 1940 ἐξέπεμψε
1079 1883 1343 1954 πρεσβευτὰς
1381 1883 1490 1937 πρός
1522 1899 1570 1926 τε
1597 1885 1711 1925 Πτο-

331 1945 511 1993 λεμαῖον
544 1941 616 1983 καὶ
646 1942 901 1995 Λυσίμαχον
938 1942 1012 1983 καὶ
1040 1940 1363 1993 Κάσσανδρον,
1389 1939 1523 1992 άξιων
1552 1942 1707 1993 διαφυ-

330 1997 502 2040 λάττειν
530 1996 611 2051 τήν
639 1996 1014 2051 προϋπάρχουσαν
1043 1999 1213 2051 φιλίαν·
1244 2014 1319 2052 της
1348 1997 1394 2044 δὲ
1422 1996 1709 2067 Βαβυλωνίας

331 2052 603 2108 καταστήσας
634 2052 859 2107 σατράπην
886 2053 1088 2096 Πύθωνα
1127 2052 1206 2095 τὸν
1244 2054 1291 2095 ἐκ
1320 2056 1403 2123 τῆς
1422 2050 1603 2106 Ἰνδικῆς
1630 2056 1734 2093 κα-’

329 2109 602 2177 ταβεβηκότα
631 2109 736 2162 μετά
767 2113 842 2164 τῆς
874 2109 1098 2163 δυνάμεως
1125 2106 1358 2161 ἀνέζευξεν,
1388 2108 1457 2150 ἐπὶ
1484 2112 1559 2162 τῆς
1587 2109 1708 2150 Κιλι-

248 2177 301 2218 35
332 2168 430 2215 κίας
455 2181 534 2221 την
563 2168 747 2218 πορείαν
774 2165 1051 2218 ποιούμενος.
1111 2163 1167 2215 ὡς
1198 2163 1242 2208 δ’
1274 2166 1333 2215 είς
1368 2163 1548 2206 Μαλλον
1576 2178 1707 2216 παρε-

330 2223 498 2278 γένετο,
542 2222 754 2276 διεμέρισε
797 2221 877 2278 τὴν
906 2223 1097 2277 δύναμιν
1127 2223 1188 2272 εἰς
1222 2222 1566 2278 παραχειμασίαν
1600 2217 1705 2275 μετοὶ

330 2355 387 2390 99.
419 2356 560 2399 ταῦτα]
588 2351 683 2390 αὑτά
714 2356 823 2390 FVW
959 2356 994 2391 3.
1041 2355 1109 2399 τὴν
1135 2353 1334 2399 Σελεύκου]
1361 2354 1581 2390 scribendum
1609 2335 1706 2389 viiie-

327 2407 385 2435 tur
417 2400 483 2448 τήν
506 2402 588 2446 περὶ
616 2399 801 2436 Σελεύκου
999 2401 1032 2437 5.
1065 2400 1315 2447 ἐπιβάλωμεν]
1342 2399 1604 2457 ἐπιβαλωμεθα
1627 2412 1703 2434 om-

327 2459 389 2482 ncs
581 2447 636 2481 15
684 2450 809 2492 χρείας
839 2447 976 2488 πολλάς
998 2448 1059 2483 καὶ
1083 2448 1264 2492 μεγάλας]
1298 2446 1456 2492 μεγάλας
1478 2448 1602 2493 χρείας
1624 2447 1696 2480 Fw

521 2493 837 2549 παρεσχημένους]
878 2493 1151 2538 παρεχομένους
1181 2495 1212 2528 F
1425 2494 1482 2528 16.
1540 2494 1642 2539 διεξῃ
1633 2490 1698 2537 ἐι]

325 2537 488 2583 ἐξῄειῈ
694 2541 748 2576 19.
795 2536 1058 2584 ὑπεδείκνυεν]
1091 2539 1322 2575 ἐπεδείκνυεν
1351 2540 1429 2574 FW
1623 2506 1698 2575 η29.

325 2586 450 2619 πᾶσαν
480 2583 547 2629 τὴν
579 2604 624 2610 -
649 2586 856 2631 βασιλείαν]
901 2586 1021 2628 πάσης
1052 2587 1118 2631 τῆς
1141 2605 1186 2611 --
1211 2586 1396 2630 βασιλείας
1428 2585 1459 2619 F
1640 2582 1695 2618 25.

330 2632 575 2675 καταστῆσαι]
599 2633 867 2667 κατασκευάσαι
890 2632 1029 2675 1³va
1211 2632 1268 2666 28.
1316 2630 1484 2688 εἰκότων]
1523 2630 1696 2668 εἰκόντων

325 2677 407 2711 Bas
623 2678 679 2711 30.
727 2690 765 2712 τε
801 2690 867 2712 om.
905 2679 967 2710 F
1168 2676 1226 2713 31.
1273 2676 1573 2722 διαφυλάττειν]
1616 2675 1697 2710 libri

327 2719 592 2775 διαφυλάσσειν
775 2723 833 2758 33.
881 2725 947 2767 τῆς
970 2734 1038 2758 om.
1062 2724 1144 2758 Bas.
1349 2724 1410 2757 35
1458 2723 1615 2758 Μᾶλλον
1639 2721 1698 2764 W,

328 2768 455 2801 caeteri
479 2765 567 2802 Md).
571 2779 615 2800 ον
