<?xml version="1.0" encoding="UTF-8"?>
<!DOCTYPE html PUBLIC "-//W3C//DTD XHTML 1.0 Transitional//EN"
    "http://www.w3.org/TR/xhtml1/DTD/xhtml1-transitional.dtd">
<html xmlns="http://www.w3.org/1999/xhtml" xml:lang="en" lang="en">
 <head>
  <title>
</title>
<meta http-equiv="Content-Type" content="text/html;charset=utf-8" />
  <meta name='ocr-system' content='tesseract 3.04.00' />
  <meta name='ocr-capabilities' content='ocr_page ocr_carea ocr_par ocr_line ocrx_word'/>
</head>
<body>
  <div class='ocr_page' id='page_1' title='image "./p1bibliothecahisto02dioduoft_0660.png"; bbox 0 0 1820 3249; ppageno 0'>
   <div class='ocr_carea' id='block_1_1' title="bbox 213 489 293 523">
    <p class='ocr_par' dir='ltr' id='par_1_1' title="bbox 213 489 293 523">
     <span class='ocr_line' id='line_1_1' title="bbox 213 489 293 523; baseline 0 -1"><span class='ocrx_word' id='word_1_1' title='bbox 213 489 293 523; x_wconf 81' lang='lat'>101.</span> 
     </span>
    </p>
   </div>
   <div class='ocr_carea' id='block_1_2' title="bbox 211 1562 292 1598">
    <p class='ocr_par' dir='ltr' id='par_1_2' title="bbox 211 1562 292 1598">
     <span class='ocr_line' id='line_1_2' title="bbox 211 1562 292 1598; baseline 0 -2"><span class='ocrx_word' id='word_1_2' title='bbox 211 1562 292 1598; x_wconf 88' lang='grc'><strong>101.</strong></span> 
     </span>
    </p>
   </div>
   <div class='ocr_carea' id='block_1_3' title="bbox 216 1969 294 2003">
    <p class='ocr_par' dir='ltr' id='par_1_3' title="bbox 216 1969 294 2003">
     <span class='ocr_line' id='line_1_3' title="bbox 216 1969 294 2003; baseline -0.013 0"><span class='ocrx_word' id='word_1_3' title='bbox 216 1969 294 2003; x_wconf 72' lang='lat'><strong>109.</strong></span> 
     </span>
    </p>
   </div>
   <div class='ocr_carea' id='block_1_4' title="bbox 214 2254 292 2292">
    <p class='ocr_par' dir='ltr' id='par_1_4' title="bbox 214 2254 292 2292">
     <span class='ocr_line' id='line_1_4' title="bbox 214 2254 292 2292; baseline 0.038 -3"><span class='ocrx_word' id='word_1_4' title='bbox 214 2254 292 2292; x_wconf 70' lang='lat'><strong>102.</strong></span> 
     </span>
    </p>
   </div>
   <div class='ocr_carea' id='block_1_5' title="bbox 307 109 1137 154">
    <p class='ocr_par' dir='ltr' id='par_1_5' title="bbox 307 109 1137 154">
     <span class='ocr_line' id='line_1_5' title="bbox 307 109 1137 154; baseline -0.006 0"><span class='ocrx_word' id='word_1_5' title='bbox 307 112 418 154; x_wconf 80' lang='lat'>1568</span> <span class='ocrx_word' id='word_1_6' title='bbox 875 109 932 149; x_wconf 84' lang='lat' dir='ltr'>LI</span> <span class='ocrx_word' id='word_1_7' title='bbox 945 110 987 150; x_wconf 88' lang='lat' dir='ltr'>B.</span> <span class='ocrx_word' id='word_1_8' title='bbox 1038 109 1076 150; x_wconf 84' lang='lat' dir='ltr'>X</span> <span class='ocrx_word' id='word_1_9' title='bbox 1087 109 1137 150; x_wconf 87' lang='lat' dir='ltr'>V.</span> 
     </span>
    </p>
   </div>
   <div class='ocr_carea' id='block_1_6' title="bbox 302 227 1752 2790">
    <p class='ocr_par' dir='ltr' id='par_1_6' title="bbox 302 227 1752 2790">
     <span class='ocr_line' id='line_1_6' title="bbox 303 227 1702 275; baseline 0.001 -12"><span class='ocrx_word' id='word_1_10' title='bbox 303 231 434 263; x_wconf 88' lang='lat' dir='ltr'>ineunt</span> <span class='ocrx_word' id='word_1_11' title='bbox 471 239 624 275; x_wconf 82' lang='lat' dir='ltr'>pacem,</span> <span class='ocrx_word' id='word_1_12' title='bbox 667 239 737 274; x_wconf 88' lang='lat' dir='ltr'>qua</span> <span class='ocrx_word' id='word_1_13' title='bbox 775 227 930 273; x_wconf 80' lang='lat' dir='ltr'>singulis</span> <span class='ocrx_word' id='word_1_14' title='bbox 981 228 1190 263; x_wconf 86' lang='lat' dir='ltr'>civitatibus</span> <span class='ocrx_word' id='word_1_15' title='bbox 1233 240 1299 263; x_wconf 85' lang='lat' dir='ltr'>suo</span> <span class='ocrx_word' id='word_1_16' title='bbox 1341 229 1421 263; x_wconf 80' lang='lat' dir='ltr'>iure</span> <span class='ocrx_word' id='word_1_17' title='bbox 1462 229 1516 262; x_wconf 79' lang='lat' dir='ltr'>uti</span> <span class='ocrx_word' id='word_1_18' title='bbox 1554 240 1702 264; x_wconf 69' lang='lat' dir='ltr'>coraces-</span> 
     </span>
     <span class='ocr_line' id='line_1_7' title="bbox 306 282 1706 334; baseline -0.001 -13"><span class='ocrx_word' id='word_1_19' title='bbox 306 282 387 321; x_wconf 62' lang='lat' dir='ltr'>sum</span> <span class='ocrx_word' id='word_1_20' title='bbox 428 283 529 334; x_wconf 74' lang='lat'>[38.].</span> <span class='ocrx_word' id='word_1_21' title='bbox 570 292 648 319; x_wconf 83' lang='lat' dir='ltr'>turr-</span> <span class='ocrx_word' id='word_1_22' title='bbox 690 285 866 325; x_wconf 83' lang='lat' dir='ltr'>victoria,</span> <span class='ocrx_word' id='word_1_23' title='bbox 907 285 1050 332; x_wconf 82' lang='lat' dir='ltr'>aliquot</span> <span class='ocrx_word' id='word_1_24' title='bbox 1087 286 1235 332; x_wconf 86' lang='lat' dir='ltr'>proeliis</span> <span class='ocrx_word' id='word_1_25' title='bbox 1269 292 1481 331; x_wconf 75' lang='lat' dir='ltr'>reportata,</span> <span class='ocrx_word' id='word_1_26' title='bbox 1510 292 1590 319; x_wconf 85' lang='lat' dir='ltr'>tum</span> <span class='ocrx_word' id='word_1_27' title='bbox 1630 287 1706 320; x_wconf 81' lang='lat' dir='ltr'>sin·</span> 
     </span>
     <span class='ocr_line' id='line_1_8' title="bbox 306 343 1704 390; baseline 0 -13"><span class='ocrx_word' id='word_1_28' title='bbox 306 344 451 390; x_wconf 87' lang='lat' dir='ltr'>gularis</span> <span class='ocrx_word' id='word_1_29' title='bbox 489 344 762 387; x_wconf 83' lang='lat' dir='ltr'>imperatorum</span> <span class='ocrx_word' id='word_1_30' title='bbox 793 353 947 376; x_wconf 89' lang='lat' dir='ltr'>suorum</span> <span class='ocrx_word' id='word_1_31' title='bbox 980 343 1118 389; x_wconf 87' lang='lat' dir='ltr'>virtus,</span> <span class='ocrx_word' id='word_1_32' title='bbox 1151 343 1349 378; x_wconf 83' lang='lat' dir='ltr'>Thebanos</span> <span class='ocrx_word' id='word_1_33' title='bbox 1379 344 1523 376; x_wconf 86' lang='lat' dir='ltr'>feroces</span> <span class='ocrx_word' id='word_1_34' title='bbox 1563 343 1704 382; x_wconf 75' lang='lat' dir='ltr'>fecerat</span> 
     </span>
     <span class='ocr_line' id='line_1_9' title="bbox 306 398 1702 449; baseline -0.001 -14"><span class='ocrx_word' id='word_1_35' title='bbox 306 398 410 449; x_wconf 82' lang='lat'><strong>[39.].</strong></span> <span class='ocrx_word' id='word_1_36' title='bbox 441 401 644 446; x_wconf 75' lang='lat' dir='ltr'>pleraeque</span> <span class='ocrx_word' id='word_1_37' title='bbox 687 399 857 433; x_wconf 88' lang='lat' dir='ltr'>civitates</span> <span class='ocrx_word' id='word_1_38' title='bbox 888 399 1059 434; x_wconf 78' lang='lat' dir='ltr'>libertate</span> <span class='ocrx_word' id='word_1_39' title='bbox 1092 401 1309 434; x_wconf 85' lang='lat' dir='ltr'>insolentius</span> <span class='ocrx_word' id='word_1_40' title='bbox 1346 401 1575 439; x_wconf 79' lang='lat' dir='ltr'>abutuntnr3</span> <span class='ocrx_word' id='word_1_41' title='bbox 1606 400 1702 434; x_wconf 88' lang='lat' dir='ltr'>unde</span> 
     </span>
     <span class='ocr_line' id='line_1_10' title="bbox 305 456 1705 503; baseline -0.001 -12"><span class='ocrx_word' id='word_1_42' title='bbox 305 469 426 492; x_wconf 81' lang='lat' dir='ltr'>novae</span> <span class='ocrx_word' id='word_1_43' title='bbox 456 458 588 491; x_wconf 80' lang='lat' dir='ltr'>turbae</span> <span class='ocrx_word' id='word_1_44' title='bbox 630 463 665 490; x_wconf 90' lang='lat' dir='ltr'>et</span> <span class='ocrx_word' id='word_1_45' title='bbox 696 456 894 490; x_wconf 84' lang='lat' dir='ltr'>seditiones</span> <span class='ocrx_word' id='word_1_46' title='bbox 926 457 1122 500; x_wconf 84' lang='lat' dir='ltr'>exsistunt,</span> <span class='ocrx_word' id='word_1_47' title='bbox 1162 457 1381 503; x_wconf 86' lang='lat' dir='ltr'>praesertim</span> <span class='ocrx_word' id='word_1_48' title='bbox 1410 458 1506 490; x_wconf 87' lang='lat' dir='ltr'>inter</span> <span class='ocrx_word' id='word_1_49' title='bbox 1535 457 1705 491; x_wconf 80' lang='lat' dir='ltr'>Phialen-</span> 
     </span>
     <span class='ocr_line' id='line_1_11' title="bbox 305 511 1703 562; baseline -0.001 -13"><span class='ocrx_word' id='word_1_50' title='bbox 305 527 383 558; x_wconf 90' lang='lat' dir='ltr'>ses,</span> <span class='ocrx_word' id='word_1_51' title='bbox 416 514 649 557; x_wconf 82' lang='lat' dir='ltr'>Corinthios,</span> <span class='ocrx_word' id='word_1_52' title='bbox 680 516 941 559; x_wconf 80' lang='lat' dir='ltr'>Megarenses,</span> <span class='ocrx_word' id='word_1_53' title='bbox 973 514 1152 547; x_wconf 82' lang='lat' dir='ltr'>Phliasios</span> <span class='ocrx_word' id='word_1_54' title='bbox 1186 511 1286 562; x_wconf 75' lang='lat'><strong>[40.].</strong></span> <span class='ocrx_word' id='word_1_55' title='bbox 1327 514 1404 548; x_wconf 85' lang='lat' dir='ltr'>iarn</span> <span class='ocrx_word' id='word_1_56' title='bbox 1446 514 1573 560; x_wconf 86' lang='lat' dir='ltr'>itaque</span> <span class='ocrx_word' id='word_1_57' title='bbox 1603 515 1703 548; x_wconf 89' lang='lat' dir='ltr'>bello</span> 
     </span>
     <span class='ocr_line' id='line_1_12' title="bbox 305 570 1704 617; baseline -0.001 -10"><span class='ocrx_word' id='word_1_58' title='bbox 305 575 436 607; x_wconf 81' lang='lat' dir='ltr'>Persae</span> <span class='ocrx_word' id='word_1_59' title='bbox 468 573 680 617; x_wconf 81' lang='lat' dir='ltr'>Aegyptum</span> <span class='ocrx_word' id='word_1_60' title='bbox 712 570 949 614; x_wconf 84' lang='lat' dir='ltr'>adoriuntur,</span> <span class='ocrx_word' id='word_1_61' title='bbox 981 571 1215 604; x_wconf 80' lang='lat' dir='ltr'>Pharnabazo</span> <span class='ocrx_word' id='word_1_62' title='bbox 1257 576 1293 604; x_wconf 88' lang='lat' dir='ltr'>et</span> <span class='ocrx_word' id='word_1_63' title='bbox 1321 572 1506 616; x_wconf 79' lang='lat' dir='ltr'>Iphicrate</span> <span class='ocrx_word' id='word_1_64' title='bbox 1538 571 1704 606; x_wconf 84' lang='lat' dir='ltr'>ducibus.</span> 
     </span>
     <span class='ocr_line' id='line_1_13' title="bbox 304 627 1704 675; baseline -0.002 -11"><span class='ocrx_word' id='word_1_65' title='bbox 304 630 499 675; x_wconf 87' lang='lat' dir='ltr'>copiarum</span> <span class='ocrx_word' id='word_1_66' title='bbox 537 628 765 674; x_wconf 84' lang='lat' dir='ltr'>naviumque</span> <span class='ocrx_word' id='word_1_67' title='bbox 795 639 982 661; x_wconf 87' lang='lat' dir='ltr'>numerus.</span> <span class='ocrx_word' id='word_1_68' title='bbox 1028 627 1246 673; x_wconf 87' lang='lat' dir='ltr'>adiungitur</span> <span class='ocrx_word' id='word_1_69' title='bbox 1279 639 1391 662; x_wconf 82' lang='lat' dir='ltr'>causa</span> <span class='ocrx_word' id='word_1_70' title='bbox 1439 640 1507 662; x_wconf 89' lang='lat' dir='ltr'>cur</span> <span class='ocrx_word' id='word_1_71' title='bbox 1550 628 1704 662; x_wconf 75' lang='lat' dir='ltr'>ducibus</span> 
     </span>
     <span class='ocr_line' id='line_1_14' title="bbox 304 681 1705 732; baseline -0.002 -11"><span class='ocrx_word' id='word_1_72' title='bbox 304 689 502 721; x_wconf 83' lang='lat' dir='ltr'>Persarum</span> <span class='ocrx_word' id='word_1_73' title='bbox 545 686 742 732; x_wconf 88' lang='lat' dir='ltr'>proprium</span> <span class='ocrx_word' id='word_1_74' title='bbox 783 685 830 718; x_wconf 90' lang='lat' dir='ltr'>sit</span> <span class='ocrx_word' id='word_1_75' title='bbox 869 685 975 718; x_wconf 88' lang='lat' dir='ltr'>tarde</span> <span class='ocrx_word' id='word_1_76' title='bbox 1016 696 1128 730; x_wconf 85' lang='lat' dir='ltr'>agere</span> <span class='ocrx_word' id='word_1_77' title='bbox 1160 681 1260 732; x_wconf 63' lang='lat'>[41.].</span> <span class='ocrx_word' id='word_1_78' title='bbox 1320 685 1397 719; x_wconf 86' lang='lat' dir='ltr'>Nili</span> <span class='ocrx_word' id='word_1_79' title='bbox 1434 685 1527 718; x_wconf 81' lang='lat' dir='ltr'>ostia</span> <span class='ocrx_word' id='word_1_80' title='bbox 1568 685 1705 719; x_wconf 89' lang='lat' dir='ltr'>descri-</span> 
     </span>
     <span class='ocr_line' id='line_1_15' title="bbox 302 741 1705 790; baseline -0.001 -13"><span class='ocrx_word' id='word_1_81' title='bbox 302 744 470 786; x_wconf 82' lang='lat' dir='ltr'>buntur,</span> <span class='ocrx_word' id='word_1_82' title='bbox 505 754 601 790; x_wconf 75' lang='lat' dir='ltr'>quae</span> <span class='ocrx_word' id='word_1_83' title='bbox 633 743 711 788; x_wconf 87' lang='lat' dir='ltr'>ipsa</span> <span class='ocrx_word' id='word_1_84' title='bbox 749 742 912 775; x_wconf 87' lang='lat' dir='ltr'>hostium</span> <span class='ocrx_word' id='word_1_85' title='bbox 944 742 1086 774; x_wconf 85' lang='lat' dir='ltr'>aditum</span> <span class='ocrx_word' id='word_1_86' title='bbox 1118 741 1312 775; x_wconf 82' lang='lat' dir='ltr'>difficilem</span> <span class='ocrx_word' id='word_1_87' title='bbox 1342 742 1512 778; x_wconf 79' lang='lat' dir='ltr'>reddunt.</span> <span class='ocrx_word' id='word_1_88' title='bbox 1573 745 1705 776; x_wconf 85' lang='lat' dir='ltr'>Persae</span> 
     </span>
     <span class='ocr_line' id='line_1_16' title="bbox 305 798 1701 844; baseline -0.002 -10"><span class='ocrx_word' id='word_1_89' title='bbox 305 801 473 834; x_wconf 90' lang='lat' dir='ltr'>consulto</span> <span class='ocrx_word' id='word_1_90' title='bbox 497 806 747 844; x_wconf 82' lang='lat' dir='ltr'>praetervectl</span> <span class='ocrx_word' id='word_1_91' title='bbox 777 799 914 833; x_wconf 87' lang='lat' dir='ltr'>ostium</span> <span class='ocrx_word' id='word_1_92' title='bbox 939 798 1127 833; x_wconf 80' lang='lat' dir='ltr'>Pelusium</span> <span class='ocrx_word' id='word_1_93' title='bbox 1160 799 1205 832; x_wconf 90' lang='lat' dir='ltr'>ad</span> <span class='ocrx_word' id='word_1_94' title='bbox 1234 798 1467 832; x_wconf 83' lang='lat' dir='ltr'>Mendesium</span> <span class='ocrx_word' id='word_1_95' title='bbox 1498 799 1701 843; x_wconf 86' lang='lat' dir='ltr'>appellunt,</span> 
     </span>
     <span class='ocr_line' id='line_1_17' title="bbox 306 855 1705 903; baseline -0.001 -12"><span class='ocrx_word' id='word_1_96' title='bbox 306 858 373 891; x_wconf 91' lang='lat' dir='ltr'>ubi</span> <span class='ocrx_word' id='word_1_97' title='bbox 403 857 581 903; x_wconf 85' lang='lat' dir='ltr'>expositis</span> <span class='ocrx_word' id='word_1_98' title='bbox 610 857 724 900; x_wconf 89' lang='lat' dir='ltr'>copiis</span> <span class='ocrx_word' id='word_1_99' title='bbox 755 856 953 900; x_wconf 83' lang='lat' dir='ltr'>Aegyptios</span> <span class='ocrx_word' id='word_1_100' title='bbox 983 855 1021 888; x_wconf 92' lang='lat' dir='ltr'>in</span> <span class='ocrx_word' id='word_1_101' title='bbox 1050 855 1180 901; x_wconf 83' lang='lat' dir='ltr'>fugam</span> <span class='ocrx_word' id='word_1_102' title='bbox 1209 861 1324 902; x_wconf 84' lang='lat' dir='ltr'>agunt</span> <span class='ocrx_word' id='word_1_103' title='bbox 1354 862 1390 889; x_wconf 89' lang='lat' dir='ltr'>et</span> <span class='ocrx_word' id='word_1_104' title='bbox 1421 856 1616 889; x_wconf 87' lang='lat' dir='ltr'>castellum</span> <span class='ocrx_word' id='word_1_105' title='bbox 1641 868 1705 890; x_wconf 92' lang='lat' dir='ltr'>oc-</span> 
     </span>
     <span class='ocr_line' id='line_1_18' title="bbox 309 910 1705 960; baseline -0.001 -12"><span class='ocrx_word' id='word_1_106' title='bbox 309 922 447 960; x_wconf 88' lang='lat' dir='ltr'>cupant</span> <span class='ocrx_word' id='word_1_107' title='bbox 480 910 583 960; x_wconf 47' lang='lat'><strong>[4:24</strong></span> <span class='ocrx_word' id='word_1_108' title='bbox 625 913 779 946; x_wconf 86' lang='lat' dir='ltr'>ulterius</span> <span class='ocrx_word' id='word_1_109' title='bbox 809 912 970 946; x_wconf 82' lang='lat' dir='ltr'>tetendit</span> <span class='ocrx_word' id='word_1_110' title='bbox 999 912 1227 957; x_wconf 72' lang='lat' dir='ltr'>Iphicrates,</span> <span class='ocrx_word' id='word_1_111' title='bbox 1265 914 1480 958; x_wconf 84' lang='lat' dir='ltr'>praesertim</span> <span class='ocrx_word' id='word_1_112' title='bbox 1514 912 1553 946; x_wconf 86' lang='lat' dir='ltr'>in</span> <span class='ocrx_word' id='word_1_113' title='bbox 1582 914 1705 947; x_wconf 87' lang='lat' dir='ltr'>Mem-</span> 
     </span>
     <span class='ocr_line' id='line_1_19' title="bbox 309 969 1707 1018; baseline -0.001 -12"><span class='ocrx_word' id='word_1_114' title='bbox 309 972 424 1018; x_wconf 81' lang='lat' dir='ltr'>phin3</span> <span class='ocrx_word' id='word_1_115' title='bbox 456 970 521 1004; x_wconf 87' lang='lat' dir='ltr'>sed</span> <span class='ocrx_word' id='word_1_116' title='bbox 550 971 735 1015; x_wconf 86' lang='lat' dir='ltr'>impetum</span> <span class='ocrx_word' id='word_1_117' title='bbox 767 969 935 1003; x_wconf 85' lang='lat' dir='ltr'>cohibuit</span> <span class='ocrx_word' id='word_1_118' title='bbox 963 970 1186 1004; x_wconf 82' lang='lat' dir='ltr'>Pharnabazi</span> <span class='ocrx_word' id='word_1_119' title='bbox 1223 970 1415 1016; x_wconf 87' lang='lat' dir='ltr'>ingenium</span> <span class='ocrx_word' id='word_1_120' title='bbox 1443 969 1607 1004; x_wconf 81' lang='lat' dir='ltr'>tardum.</span> <span class='ocrx_word' id='word_1_121' title='bbox 1649 970 1707 1004; x_wconf 78' lang='lat' dir='ltr'>in—</span> 
     </span>
     <span class='ocr_line' id='line_1_20' title="bbox 309 1026 1704 1073; baseline -0.002 -10"><span class='ocrx_word' id='word_1_122' title='bbox 309 1035 410 1063; x_wconf 88' lang='lat' dir='ltr'>terea</span> <span class='ocrx_word' id='word_1_123' title='bbox 447 1028 580 1061; x_wconf 85' lang='lat' dir='ltr'>amissa</span> <span class='ocrx_word' id='word_1_124' title='bbox 621 1026 910 1073; x_wconf 81' lang='lat' dir='ltr'>opportunitate</span> <span class='ocrx_word' id='word_1_125' title='bbox 950 1027 1081 1060; x_wconf 85' lang='lat' dir='ltr'>Persae</span> <span class='ocrx_word' id='word_1_126' title='bbox 1119 1027 1260 1061; x_wconf 86' lang='lat' dir='ltr'>infecta</span> <span class='ocrx_word' id='word_1_127' title='bbox 1298 1039 1341 1061; x_wconf 85' lang='lat' dir='ltr'>re</span> <span class='ocrx_word' id='word_1_128' title='bbox 1386 1028 1539 1061; x_wconf 90' lang='lat' dir='ltr'>domum</span> <span class='ocrx_word' id='word_1_129' title='bbox 1583 1027 1704 1062; x_wconf 86' lang='lat' dir='ltr'>redire</span> 
     </span>
     <span class='ocr_line' id='line_1_21' title="bbox 310 1079 1701 1132; baseline -0.001 -14"><span class='ocrx_word' id='word_1_130' title='bbox 310 1091 505 1132; x_wconf 84' lang='lat' dir='ltr'>coguntur.</span> <span class='ocrx_word' id='word_1_131' title='bbox 565 1085 771 1129; x_wconf 84' lang='lat' dir='ltr'>Iphicrates</span> <span class='ocrx_word' id='word_1_132' title='bbox 819 1085 866 1118; x_wconf 90' lang='lat' dir='ltr'>ob</span> <span class='ocrx_word' id='word_1_133' title='bbox 909 1084 1099 1118; x_wconf 87' lang='lat' dir='ltr'>dissidium</span> <span class='ocrx_word' id='word_1_134' title='bbox 1137 1084 1363 1118; x_wconf 85' lang='lat' dir='ltr'>Pharnabazi</span> <span class='ocrx_word' id='word_1_135' title='bbox 1398 1085 1493 1118; x_wconf 83' lang='lat' dir='ltr'>iram</span> <span class='ocrx_word' id='word_1_136' title='bbox 1520 1079 1701 1118; x_wconf 33' lang='lat' dir='ltr'>*metuens</span> 
     </span>
     <span class='ocr_line' id='line_1_22' title="bbox 311 1137 1706 1188; baseline -0.001 -12"><span class='ocrx_word' id='word_1_137' title='bbox 311 1143 407 1177; x_wconf 87' lang='lat' dir='ltr'>clam</span> <span class='ocrx_word' id='word_1_138' title='bbox 439 1142 602 1176; x_wconf 82' lang='lat' dir='ltr'>Athenas</span> <span class='ocrx_word' id='word_1_139' title='bbox 639 1142 786 1188; x_wconf 61' lang='lat' dir='ltr'>aufugit</span> <span class='ocrx_word' id='word_1_140' title='bbox 815 1137 915 1188; x_wconf 73' lang='lat'><strong>[43.].</strong></span> <span class='ocrx_word' id='word_1_141' title='bbox 957 1141 1154 1186; x_wconf 87' lang='lat' dir='ltr'>Iphicratis</span> <span class='ocrx_word' id='word_1_142' title='bbox 1185 1141 1379 1187; x_wconf 84' lang='lat' dir='ltr'>ingenium</span> <span class='ocrx_word' id='word_1_143' title='bbox 1423 1147 1461 1175; x_wconf 87' lang='lat' dir='ltr'>et</span> <span class='ocrx_word' id='word_1_144' title='bbox 1491 1141 1535 1174; x_wconf 83' lang='lat' dir='ltr'>de</span> <span class='ocrx_word' id='word_1_145' title='bbox 1564 1153 1605 1176; x_wconf 90' lang='lat' dir='ltr'>re</span> <span class='ocrx_word' id='word_1_146' title='bbox 1635 1141 1706 1175; x_wconf 88' lang='lat' dir='ltr'>mi·</span> 
     </span>
     <span class='ocr_line' id='line_1_23' title="bbox 308 1195 1707 1246; baseline -0.002 -12"><span class='ocrx_word' id='word_1_147' title='bbox 308 1201 409 1235; x_wconf 85' lang='lat' dir='ltr'>litari</span> <span class='ocrx_word' id='word_1_148' title='bbox 437 1201 575 1233; x_wconf 87' lang='lat' dir='ltr'>merita</span> <span class='ocrx_word' id='word_1_149' title='bbox 606 1199 864 1232; x_wconf 87' lang='lat' dir='ltr'>describuntur</span> <span class='ocrx_word' id='word_1_150' title='bbox 897 1195 997 1246; x_wconf 70' lang='lat'><strong>[44..]</strong></span> <span class='ocrx_word' id='word_1_151' title='bbox 1046 1199 1088 1231; x_wconf 90' lang='lat' dir='ltr'>In</span> <span class='ocrx_word' id='word_1_152' title='bbox 1120 1199 1274 1232; x_wconf 89' lang='lat' dir='ltr'>Graecis</span> <span class='ocrx_word' id='word_1_153' title='bbox 1303 1199 1514 1232; x_wconf 85' lang='lat' dir='ltr'>civitatibus</span> <span class='ocrx_word' id='word_1_154' title='bbox 1543 1199 1590 1231; x_wconf 92' lang='lat' dir='ltr'>ob</span> <span class='ocrx_word' id='word_1_155' title='bbox 1621 1210 1707 1232; x_wconf 90' lang='lat' dir='ltr'>mu-</span> 
     </span>
     <span class='ocr_line' id='line_1_24' title="bbox 306 1255 1705 1298; baseline -0.004 -6"><span class='ocrx_word' id='word_1_156' title='bbox 306 1264 427 1292; x_wconf 85' lang='lat' dir='ltr'>tatam</span> <span class='ocrx_word' id='word_1_157' title='bbox 468 1268 601 1291; x_wconf 85' lang='lat' dir='ltr'>earum</span> <span class='ocrx_word' id='word_1_158' title='bbox 647 1257 808 1289; x_wconf 79' lang='lat' dir='ltr'>formam</span> <span class='ocrx_word' id='word_1_159' title='bbox 847 1255 988 1289; x_wconf 83' lang='lat' dir='ltr'>multae</span> <span class='ocrx_word' id='word_1_160' title='bbox 1025 1256 1156 1289; x_wconf 89' lang='lat' dir='ltr'>turbae</span> <span class='ocrx_word' id='word_1_161' title='bbox 1200 1262 1235 1289; x_wconf 92' lang='lat' dir='ltr'>et</span> <span class='ocrx_word' id='word_1_162' title='bbox 1275 1255 1474 1289; x_wconf 86' lang='lat' dir='ltr'>seditiones</span> <span class='ocrx_word' id='word_1_163' title='bbox 1508 1255 1705 1298; x_wconf 76' lang='lat' dir='ltr'>oriuntu13</span> 
     </span>
     <span class='ocr_line' id='line_1_25' title="bbox 308 1311 1708 1361; baseline -0.003 -12"><span class='ocrx_word' id='word_1_164' title='bbox 308 1327 384 1361; x_wconf 87' lang='lat' dir='ltr'>quo</span> <span class='ocrx_word' id='word_1_165' title='bbox 413 1315 494 1359; x_wconf 89' lang='lat' dir='ltr'>ipso</span> <span class='ocrx_word' id='word_1_166' title='bbox 536 1313 677 1347; x_wconf 88' lang='lat' dir='ltr'>bellum</span> <span class='ocrx_word' id='word_1_167' title='bbox 716 1319 928 1349; x_wconf 83' lang='lat' dir='ltr'>renovatur.</span> <span class='ocrx_word' id='word_1_168' title='bbox 986 1312 1181 1357; x_wconf 77' lang='lat' dir='ltr'>Zacynthii</span> <span class='ocrx_word' id='word_1_169' title='bbox 1221 1312 1258 1345; x_wconf 90' lang='lat' dir='ltr'>in</span> <span class='ocrx_word' id='word_1_170' title='bbox 1299 1319 1424 1356; x_wconf 86' lang='lat' dir='ltr'>partes</span> <span class='ocrx_word' id='word_1_171' title='bbox 1455 1312 1545 1346; x_wconf 83' lang='lat' dir='ltr'>duas</span> <span class='ocrx_word' id='word_1_172' title='bbox 1575 1311 1708 1345; x_wconf 82' lang='lat' dir='ltr'>divulsi</span> 
     </span>
     <span class='ocr_line' id='line_1_26' title="bbox 309 1369 1706 1422; baseline -0.003 -16"><span class='ocrx_word' id='word_1_173' title='bbox 309 1369 411 1422; x_wconf 60' lang='lat' dir='ltr'>[1&#39;k5.].</span> <span class='ocrx_word' id='word_1_174' title='bbox 442 1371 618 1405; x_wconf 83' lang='lat' dir='ltr'>similiter</span> <span class='ocrx_word' id='word_1_175' title='bbox 650 1369 859 1415; x_wconf 80' lang='lat' dir='ltr'>Corcyraei.</span> <span class='ocrx_word' id='word_1_176' title='bbox 906 1369 1053 1403; x_wconf 85' lang='lat' dir='ltr'>Plataea</span> <span class='ocrx_word' id='word_1_177' title='bbox 1086 1369 1366 1403; x_wconf 83' lang='lat' dir='ltr'>Atheniensibus</span> <span class='ocrx_word' id='word_1_178' title='bbox 1397 1369 1486 1403; x_wconf 86' lang='lat' dir='ltr'>dum</span> <span class='ocrx_word' id='word_1_179' title='bbox 1514 1381 1550 1403; x_wconf 91' lang='lat' dir='ltr'>se</span> <span class='ocrx_word' id='word_1_180' title='bbox 1581 1375 1706 1402; x_wconf 81' lang='lat' dir='ltr'>tutan-</span> 
     </span>
     <span class='ocr_line' id='line_1_27' title="bbox 308 1426 1708 1472; baseline -0.002 -10"><span class='ocrx_word' id='word_1_181' title='bbox 308 1431 396 1463; x_wconf 87' lang='lat' dir='ltr'>dam</span> <span class='ocrx_word' id='word_1_182' title='bbox 426 1429 564 1472; x_wconf 85' lang='lat' dir='ltr'>tradit,</span> <span class='ocrx_word' id='word_1_183' title='bbox 598 1440 617 1461; x_wconf 91' lang='lat' dir='ltr'>a</span> <span class='ocrx_word' id='word_1_184' title='bbox 648 1427 835 1461; x_wconf 84' lang='lat' dir='ltr'>Thebanis</span> <span class='ocrx_word' id='word_1_185' title='bbox 863 1426 1035 1461; x_wconf 85' lang='lat' dir='ltr'>diruitur.</span> <span class='ocrx_word' id='word_1_186' title='bbox 1075 1427 1252 1472; x_wconf 81' lang='lat' dir='ltr'>Thespiae</span> <span class='ocrx_word' id='word_1_187' title='bbox 1283 1427 1327 1460; x_wconf 89' lang='lat' dir='ltr'>ab</span> <span class='ocrx_word' id='word_1_188' title='bbox 1358 1426 1488 1460; x_wconf 86' lang='lat' dir='ltr'>iisdem</span> <span class='ocrx_word' id='word_1_189' title='bbox 1520 1426 1708 1460; x_wconf 82' lang='lat' dir='ltr'>devastan-</span> 
     </span>
     <span class='ocr_line' id='line_1_28' title="bbox 306 1482 1708 1534; baseline -0.002 -14"><span class='ocrx_word' id='word_1_190' title='bbox 306 1493 369 1520; x_wconf 90' lang='lat' dir='ltr'>tur</span> <span class='ocrx_word' id='word_1_191' title='bbox 401 1482 500 1534; x_wconf 68' lang='lat'><strong>[46.].</strong></span> <span class='ocrx_word' id='word_1_192' title='bbox 540 1486 675 1518; x_wconf 85' lang='lat' dir='ltr'>classes</span> <span class='ocrx_word' id='word_1_193' title='bbox 712 1484 1094 1518; x_wconf 82' lang='lat' dir='ltr'>Lacedaemoniorum</span> <span class='ocrx_word' id='word_1_194' title='bbox 1134 1490 1170 1517; x_wconf 88' lang='lat' dir='ltr'>et</span> <span class='ocrx_word' id='word_1_195' title='bbox 1201 1484 1482 1518; x_wconf 84' lang='lat' dir='ltr'>Atheniensium</span> <span class='ocrx_word' id='word_1_196' title='bbox 1519 1483 1562 1516; x_wconf 91' lang='lat' dir='ltr'>de</span> <span class='ocrx_word' id='word_1_197' title='bbox 1595 1495 1708 1517; x_wconf 91' lang='lat' dir='ltr'>occu-</span> 
     </span>
     <span class='ocr_line' id='line_1_29' title="bbox 307 1541 1706 1589; baseline -0.002 -12"><span class='ocrx_word' id='word_1_198' title='bbox 307 1544 430 1589; x_wconf 87' lang='lat' dir='ltr'>panda</span> <span class='ocrx_word' id='word_1_199' title='bbox 459 1545 621 1587; x_wconf 84' lang='lat' dir='ltr'>Corcyra</span> <span class='ocrx_word' id='word_1_200' title='bbox 654 1547 884 1575; x_wconf 88' lang='lat' dir='ltr'>concertant.</span> <span class='ocrx_word' id='word_1_201' title='bbox 939 1542 983 1574; x_wconf 90' lang='lat' dir='ltr'>In</span> <span class='ocrx_word' id='word_1_202' title='bbox 1015 1543 1135 1586; x_wconf 82' lang='lat' dir='ltr'>Cypro</span> <span class='ocrx_word' id='word_1_203' title='bbox 1166 1543 1338 1587; x_wconf 84' lang='lat' dir='ltr'>Euagora</span> <span class='ocrx_word' id='word_1_204' title='bbox 1367 1551 1453 1586; x_wconf 84' lang='lat' dir='ltr'>rege</span> <span class='ocrx_word' id='word_1_205' title='bbox 1484 1541 1706 1574; x_wconf 85' lang='lat' dir='ltr'>obtruncato</span> 
     </span>
     <span class='ocr_line' id='line_1_30' title="bbox 307 1595 1706 1646; baseline -0.002 -12"><span class='ocrx_word' id='word_1_206' title='bbox 307 1600 478 1634; x_wconf 87' lang='lat' dir='ltr'>Nicocles</span> <span class='ocrx_word' id='word_1_207' title='bbox 509 1611 628 1646; x_wconf 86' lang='lat' dir='ltr'>regno</span> <span class='ocrx_word' id='word_1_208' title='bbox 659 1599 798 1644; x_wconf 87' lang='lat' dir='ltr'>potitus</span> <span class='ocrx_word' id='word_1_209' title='bbox 831 1604 884 1631; x_wconf 86' lang='lat' dir='ltr'>est</span> <span class='ocrx_word' id='word_1_210' title='bbox 917 1595 1017 1645; x_wconf 79' lang='lat'><strong><em>[47.].</em></strong></span> <span class='ocrx_word' id='word_1_211' title='bbox 1077 1600 1253 1644; x_wconf 83' lang='lat' dir='ltr'>Ingentes</span> <span class='ocrx_word' id='word_1_212' title='bbox 1279 1605 1400 1631; x_wconf 85' lang='lat' dir='ltr'>terrae</span> <span class='ocrx_word' id='word_1_213' title='bbox 1431 1604 1552 1632; x_wconf 87' lang='lat' dir='ltr'>motus</span> <span class='ocrx_word' id='word_1_214' title='bbox 1582 1604 1619 1632; x_wconf 88' lang='lat' dir='ltr'>et</span> <span class='ocrx_word' id='word_1_215' title='bbox 1648 1598 1706 1631; x_wconf 88' lang='lat' dir='ltr'>in-</span> 
     </span>
     <span class='ocr_line' id='line_1_31' title="bbox 307 1655 1706 1702; baseline -0.003 -11"><span class='ocrx_word' id='word_1_216' title='bbox 307 1658 530 1691; x_wconf 86' lang='lat' dir='ltr'>undationes</span> <span class='ocrx_word' id='word_1_217' title='bbox 564 1657 854 1702; x_wconf 84' lang='lat' dir='ltr'>Peloponnesum</span> <span class='ocrx_word' id='word_1_218' title='bbox 888 1661 1057 1697; x_wconf 80' lang='lat' dir='ltr'>vastant3</span> <span class='ocrx_word' id='word_1_219' title='bbox 1090 1655 1304 1701; x_wconf 84' lang='lat' dir='ltr'>praesertim</span> <span class='ocrx_word' id='word_1_220' title='bbox 1347 1656 1437 1689; x_wconf 85' lang='lat' dir='ltr'>duas</span> <span class='ocrx_word' id='word_1_221' title='bbox 1469 1655 1598 1697; x_wconf 84' lang='lat' dir='ltr'>urbes,</span> <span class='ocrx_word' id='word_1_222' title='bbox 1630 1657 1706 1689; x_wconf 90' lang='lat' dir='ltr'>He-</span> 
     </span>
     <span class='ocr_line' id='line_1_32' title="bbox 303 1712 1704 1758; baseline -0.003 -10"><span class='ocrx_word' id='word_1_223' title='bbox 303 1715 403 1750; x_wconf 87' lang='lat' dir='ltr'>licen</span> <span class='ocrx_word' id='word_1_224' title='bbox 444 1721 480 1748; x_wconf 90' lang='lat' dir='ltr'>et</span> <span class='ocrx_word' id='word_1_225' title='bbox 522 1715 673 1748; x_wconf 84' lang='lat' dir='ltr'>Buram.</span> <span class='ocrx_word' id='word_1_226' title='bbox 714 1714 878 1758; x_wconf 87' lang='lat' dir='ltr'>disputat</span> <span class='ocrx_word' id='word_1_227' title='bbox 917 1712 1113 1746; x_wconf 89' lang='lat' dir='ltr'>historicus</span> <span class='ocrx_word' id='word_1_228' title='bbox 1154 1719 1282 1747; x_wconf 85' lang='lat' dir='ltr'>utrum</span> <span class='ocrx_word' id='word_1_229' title='bbox 1321 1713 1367 1746; x_wconf 86' lang='lat' dir='ltr'>ad</span> <span class='ocrx_word' id='word_1_230' title='bbox 1407 1712 1518 1746; x_wconf 82' lang='lat' dir='ltr'>solius</span> <span class='ocrx_word' id='word_1_231' title='bbox 1548 1718 1704 1745; x_wconf 87' lang='lat' dir='ltr'>naturae</span> 
     </span>
     <span class='ocr_line' id='line_1_33' title="bbox 305 1769 1705 1806; baseline -0.001 -2"><span class='ocrx_word' id='word_1_232' title='bbox 305 1773 383 1806; x_wconf 86' lang='lat' dir='ltr'>vim</span> <span class='ocrx_word' id='word_1_233' title='bbox 426 1783 473 1805; x_wconf 71' lang='lat' dir='ltr'>ati</span> <span class='ocrx_word' id='word_1_234' title='bbox 518 1771 567 1805; x_wconf 91' lang='lat' dir='ltr'>ad</span> <span class='ocrx_word' id='word_1_235' title='bbox 597 1771 762 1805; x_wconf 88' lang='lat' dir='ltr'>numinis</span> <span class='ocrx_word' id='word_1_236' title='bbox 805 1771 901 1804; x_wconf 86' lang='lat' dir='ltr'>iram</span> <span class='ocrx_word' id='word_1_237' title='bbox 943 1770 1076 1803; x_wconf 82' lang='lat' dir='ltr'>referri</span> <span class='ocrx_word' id='word_1_238' title='bbox 1114 1770 1275 1804; x_wconf 85' lang='lat' dir='ltr'>debeant</span> <span class='ocrx_word' id='word_1_239' title='bbox 1310 1769 1523 1804; x_wconf 87' lang='lat' dir='ltr'>huiusmodi</span> <span class='ocrx_word' id='word_1_240' title='bbox 1552 1774 1705 1803; x_wconf 87' lang='lat' dir='ltr'>eventus</span> 
     </span>
     <span class='ocr_line' id='line_1_34' title="bbox 308 1826 1704 1878; baseline -0.004 -14"><span class='ocrx_word' id='word_1_241' title='bbox 308 1826 409 1878; x_wconf 74' lang='lat'><strong>[48.].</strong></span> <span class='ocrx_word' id='word_1_242' title='bbox 447 1828 563 1862; x_wconf 79' lang='lat' dir='ltr'>simul</span> <span class='ocrx_word' id='word_1_243' title='bbox 602 1828 799 1862; x_wconf 86' lang='lat' dir='ltr'>historicas</span> <span class='ocrx_word' id='word_1_244' title='bbox 837 1827 999 1861; x_wconf 87' lang='lat' dir='ltr'>rationes</span> <span class='ocrx_word' id='word_1_245' title='bbox 1037 1827 1166 1870; x_wconf 72' lang='lat' dir='ltr'>affert,</span> <span class='ocrx_word' id='word_1_246' title='bbox 1206 1827 1303 1861; x_wconf 87' lang='lat' dir='ltr'>unde</span> <span class='ocrx_word' id='word_1_247' title='bbox 1340 1827 1431 1860; x_wconf 84' lang='lat' dir='ltr'>istae</span> <span class='ocrx_word' id='word_1_248' title='bbox 1471 1826 1704 1860; x_wconf 87' lang='lat' dir='ltr'>calamitates</span> 
     </span>
     <span class='ocr_line' id='line_1_35' title="bbox 307 1882 1705 1932; baseline -0.003 -12"><span class='ocrx_word' id='word_1_249' title='bbox 307 1885 488 1932; x_wconf 84' lang='lat' dir='ltr'>explicari</span> <span class='ocrx_word' id='word_1_250' title='bbox 519 1886 672 1931; x_wconf 88' lang='lat' dir='ltr'>possint.</span> <span class='ocrx_word' id='word_1_251' title='bbox 702 1886 825 1931; x_wconf 86' lang='lat' dir='ltr'>primo</span> <span class='ocrx_word' id='word_1_252' title='bbox 856 1885 966 1918; x_wconf 87' lang='lat' dir='ltr'>urbes</span> <span class='ocrx_word' id='word_1_253' title='bbox 993 1884 1122 1918; x_wconf 88' lang='lat' dir='ltr'>Helice</span> <span class='ocrx_word' id='word_1_254' title='bbox 1152 1890 1187 1918; x_wconf 91' lang='lat' dir='ltr'>et</span> <span class='ocrx_word' id='word_1_255' title='bbox 1217 1885 1315 1917; x_wconf 88' lang='lat' dir='ltr'>Bura</span> <span class='ocrx_word' id='word_1_256' title='bbox 1343 1884 1382 1917; x_wconf 88' lang='lat' dir='ltr'>in</span> <span class='ocrx_word' id='word_1_257' title='bbox 1412 1895 1517 1917; x_wconf 82' lang='lat' dir='ltr'>aram</span> <span class='ocrx_word' id='word_1_258' title='bbox 1539 1882 1705 1928; x_wconf 87' lang='lat' dir='ltr'>Neptuni</span> 
     </span>
     <span class='ocr_line' id='line_1_36' title="bbox 309 1940 1704 1989; baseline -0.004 -11"><span class='ocrx_word' id='word_1_259' title='bbox 309 1949 346 1978; x_wconf 90' lang='lat' dir='ltr'>et</span> <span class='ocrx_word' id='word_1_260' title='bbox 376 1944 517 1989; x_wconf 86' lang='lat' dir='ltr'>legatos</span> <span class='ocrx_word' id='word_1_261' title='bbox 558 1955 682 1976; x_wconf 87' lang='lat' dir='ltr'>sacros</span> <span class='ocrx_word' id='word_1_262' title='bbox 721 1943 767 1977; x_wconf 90' lang='lat' dir='ltr'>ad</span> <span class='ocrx_word' id='word_1_263' title='bbox 806 1953 888 1975; x_wconf 88' lang='lat' dir='ltr'>eam</span> <span class='ocrx_word' id='word_1_264' title='bbox 919 1942 1048 1976; x_wconf 86' lang='lat' dir='ltr'>missos</span> <span class='ocrx_word' id='word_1_265' title='bbox 1084 1942 1199 1987; x_wconf 84' lang='lat' dir='ltr'>impie</span> <span class='ocrx_word' id='word_1_266' title='bbox 1231 1947 1395 1987; x_wconf 87' lang='lat' dir='ltr'>egerant.</span> <span class='ocrx_word' id='word_1_267' title='bbox 1435 1941 1566 1974; x_wconf 88' lang='lat' dir='ltr'>deinde</span> <span class='ocrx_word' id='word_1_268' title='bbox 1597 1940 1704 1974; x_wconf 91' lang='lat' dir='ltr'>Pelo-</span> 
     </span>
     <span class='ocr_line' id='line_1_37' title="bbox 307 1994 1702 2046; baseline -0.002 -12"><span class='ocrx_word' id='word_1_269' title='bbox 307 2011 492 2046; x_wconf 85' lang='lat' dir='ltr'>ponnesus</span> <span class='ocrx_word' id='word_1_270' title='bbox 520 2000 691 2046; x_wconf 83' lang='lat' dir='ltr'>ingentes</span> <span class='ocrx_word' id='word_1_271' title='bbox 721 2000 837 2034; x_wconf 86' lang='lat' dir='ltr'>habet</span> <span class='ocrx_word' id='word_1_272' title='bbox 871 2010 1048 2032; x_wconf 84' lang='lat' dir='ltr'>cavernas</span> <span class='ocrx_word' id='word_1_273' title='bbox 1079 2005 1115 2032; x_wconf 88' lang='lat' dir='ltr'>et</span> <span class='ocrx_word' id='word_1_274' title='bbox 1143 1999 1384 2032; x_wconf 88' lang='lat' dir='ltr'>subterranea</span> <span class='ocrx_word' id='word_1_275' title='bbox 1413 1998 1575 2032; x_wconf 85' lang='lat' dir='ltr'>flumina</span> <span class='ocrx_word' id='word_1_276' title='bbox 1602 1994 1702 2044; x_wconf 70' lang='grc'><strong>[49.].</strong></span> 
     </span>
     <span class='ocr_line' id='line_1_38' title="bbox 308 2053 1739 2104; baseline -0.003 -12"><span class='ocrx_word' id='word_1_277' title='bbox 308 2059 373 2092; x_wconf 86' lang='lat' dir='ltr'>fax</span> <span class='ocrx_word' id='word_1_278' title='bbox 411 2058 545 2104; x_wconf 81' lang='lat' dir='ltr'>ingens</span> <span class='ocrx_word' id='word_1_279' title='bbox 577 2058 617 2091; x_wconf 90' lang='lat' dir='ltr'>in</span> <span class='ocrx_word' id='word_1_280' title='bbox 647 2057 752 2090; x_wconf 92' lang='lat' dir='ltr'>coelo</span> <span class='ocrx_word' id='word_1_281' title='bbox 787 2057 865 2090; x_wconf 85' lang='lat' dir='ltr'>visa</span> <span class='ocrx_word' id='word_1_282' title='bbox 906 2056 1069 2102; x_wconf 83' lang='lat' dir='ltr'>prodigii</span> <span class='ocrx_word' id='word_1_283' title='bbox 1109 2056 1228 2089; x_wconf 87' lang='lat' dir='ltr'>instar</span> <span class='ocrx_word' id='word_1_284' title='bbox 1262 2057 1307 2089; x_wconf 87' lang='lat' dir='ltr'>ad</span> <span class='ocrx_word' id='word_1_285' title='bbox 1336 2057 1483 2089; x_wconf 76' lang='lat' dir='ltr'>suturas</span> <span class='ocrx_word' id='word_1_286' title='bbox 1516 2053 1704 2088; x_wconf 80' lang='lat' dir='ltr'>Lacedae·</span> <span class='ocrx_word' id='word_1_287' title='bbox 1736 2055 1739 2057; x_wconf 70' lang='grc'><strong>’</strong></span> 
     </span>
     <span class='ocr_line' id='line_1_39' title="bbox 309 2110 1704 2149; baseline -0.003 0"><span class='ocrx_word' id='word_1_288' title='bbox 309 2115 525 2149; x_wconf 89' lang='lat' dir='ltr'>moniorum</span> <span class='ocrx_word' id='word_1_289' title='bbox 558 2114 682 2148; x_wconf 84' lang='lat' dir='ltr'>clades</span> <span class='ocrx_word' id='word_1_290' title='bbox 714 2114 890 2148; x_wconf 85' lang='lat' dir='ltr'>refertur.</span> <span class='ocrx_word' id='word_1_291' title='bbox 940 2114 1003 2147; x_wconf 84' lang='lat' dir='ltr'>sed</span> <span class='ocrx_word' id='word_1_292' title='bbox 1033 2112 1209 2146; x_wconf 87' lang='lat' dir='ltr'>Chaldaei</span> <span class='ocrx_word' id='word_1_293' title='bbox 1240 2113 1401 2146; x_wconf 87' lang='lat' dir='ltr'>rationes</span> <span class='ocrx_word' id='word_1_294' title='bbox 1438 2110 1704 2145; x_wconf 73' lang='lat' dir='ltr'>astronomicas</span> 
     </span>
     <span class='ocr_line' id='line_1_40' title="bbox 310 2169 1704 2216; baseline -0.004 -10"><span class='ocrx_word' id='word_1_295' title='bbox 310 2173 485 2208; x_wconf 83' lang='lat' dir='ltr'>afferunt.</span> <span class='ocrx_word' id='word_1_296' title='bbox 547 2173 694 2206; x_wconf 88' lang='lat' dir='ltr'>Interea</span> <span class='ocrx_word' id='word_1_297' title='bbox 724 2174 939 2205; x_wconf 82' lang='lat' dir='ltr'>Artaxerxes</span> <span class='ocrx_word' id='word_1_298' title='bbox 966 2169 1279 2216; x_wconf 13' lang='lat' dir='ltr'>novarlegatione</span> <span class='ocrx_word' id='word_1_299' title='bbox 1310 2180 1436 2215; x_wconf 87' lang='lat' dir='ltr'>pacem</span> <span class='ocrx_word' id='word_1_300' title='bbox 1462 2169 1561 2201; x_wconf 84' lang='lat' dir='ltr'>inter</span> <span class='ocrx_word' id='word_1_301' title='bbox 1584 2169 1704 2202; x_wconf 88' lang='lat' dir='ltr'>Grae-</span> 
     </span>
     <span class='ocr_line' id='line_1_41' title="bbox 311 2225 1704 2270; baseline -0.004 -7"><span class='ocrx_word' id='word_1_302' title='bbox 311 2241 372 2263; x_wconf 92' lang='lat' dir='ltr'>cos</span> <span class='ocrx_word' id='word_1_303' title='bbox 404 2231 546 2265; x_wconf 85' lang='lat' dir='ltr'>firmat.</span> <span class='ocrx_word' id='word_1_304' title='bbox 588 2229 742 2263; x_wconf 79' lang='lat' dir='ltr'>foedere</span> <span class='ocrx_word' id='word_1_305' title='bbox 776 2227 970 2262; x_wconf 88' lang='lat' dir='ltr'>communi</span> <span class='ocrx_word' id='word_1_306' title='bbox 1000 2227 1168 2261; x_wconf 89' lang='lat' dir='ltr'>Thebani</span> <span class='ocrx_word' id='word_1_307' title='bbox 1204 2227 1273 2260; x_wconf 92' lang='lat' dir='ltr'>soli</span> <span class='ocrx_word' id='word_1_308' title='bbox 1310 2225 1577 2267; x_wconf 81' lang='lat' dir='ltr'>excluduntur,</span> <span class='ocrx_word' id='word_1_309' title='bbox 1612 2236 1704 2270; x_wconf 83' lang='lat' dir='ltr'>quos</span> 
     </span>
     <span class='ocr_line' id='line_1_42' title="bbox 305 2280 1704 2331; baseline -0.004 -10"><span class='ocrx_word' id='word_1_310' title='bbox 305 2286 595 2321; x_wconf 85' lang='lat' dir='ltr'>Lacedaemonii</span> <span class='ocrx_word' id='word_1_311' title='bbox 626 2286 726 2320; x_wconf 88' lang='lat' dir='ltr'>bello</span> <span class='ocrx_word' id='word_1_312' title='bbox 756 2285 1029 2331; x_wconf 84' lang='lat' dir='ltr'>persequendos</span> <span class='ocrx_word' id='word_1_313' title='bbox 1068 2289 1219 2318; x_wconf 89' lang='lat' dir='ltr'>censent</span> <span class='ocrx_word' id='word_1_314' title='bbox 1250 2280 1351 2331; x_wconf 82' lang='lat' dir='ltr'>[5o.],</span> <span class='ocrx_word' id='word_1_315' title='bbox 1395 2282 1564 2316; x_wconf 89' lang='lat' dir='ltr'>Thebani</span> <span class='ocrx_word' id='word_1_316' title='bbox 1593 2294 1612 2315; x_wconf 88' lang='lat' dir='ltr'>a</span> <span class='ocrx_word' id='word_1_317' title='bbox 1645 2293 1704 2316; x_wconf 91' lang='lat' dir='ltr'>so-</span> 
     </span>
     <span class='ocr_line' id='line_1_43' title="bbox 305 2340 1704 2384; baseline -0.005 -5"><span class='ocrx_word' id='word_1_318' title='bbox 305 2344 372 2379; x_wconf 91' lang='lat' dir='ltr'>ciis</span> <span class='ocrx_word' id='word_1_319' title='bbox 403 2343 539 2378; x_wconf 90' lang='lat' dir='ltr'>deserti</span> <span class='ocrx_word' id='word_1_320' title='bbox 568 2343 745 2377; x_wconf 91' lang='lat' dir='ltr'>Boeotiae</span> <span class='ocrx_word' id='word_1_321' title='bbox 785 2342 954 2376; x_wconf 86' lang='lat' dir='ltr'>civitates</span> <span class='ocrx_word' id='word_1_322' title='bbox 984 2342 1169 2375; x_wconf 87' lang='lat' dir='ltr'>immunes</span> <span class='ocrx_word' id='word_1_323' title='bbox 1199 2340 1340 2384; x_wconf 80' lang='lat' dir='ltr'>facere,</span> <span class='ocrx_word' id='word_1_324' title='bbox 1371 2341 1538 2375; x_wconf 87' lang='lat' dir='ltr'>Plataeas</span> <span class='ocrx_word' id='word_1_325' title='bbox 1575 2345 1704 2373; x_wconf 89' lang='lat' dir='ltr'>autem</span> 
     </span>
     <span class='ocr_line' id='line_1_44' title="bbox 303 2395 1703 2445; baseline -0.005 -9"><span class='ocrx_word' id='word_1_326' title='bbox 303 2407 341 2436; x_wconf 89' lang='lat' dir='ltr'>et</span> <span class='ocrx_word' id='word_1_327' title='bbox 361 2401 542 2445; x_wconf 82' lang='lat' dir='ltr'>Thespias</span> <span class='ocrx_word' id='word_1_328' title='bbox 572 2400 781 2434; x_wconf 82' lang='lat' dir='ltr'>instaurare</span> <span class='ocrx_word' id='word_1_329' title='bbox 808 2400 994 2433; x_wconf 87' lang='lat' dir='ltr'>iubentur.</span> <span class='ocrx_word' id='word_1_330' title='bbox 1024 2397 1282 2432; x_wconf 88' lang='lat' dir='ltr'>recusantibus</span> <span class='ocrx_word' id='word_1_331' title='bbox 1312 2396 1601 2431; x_wconf 84' lang='lat' dir='ltr'>Lacedaemonii</span> <span class='ocrx_word' id='word_1_332' title='bbox 1625 2395 1703 2430; x_wconf 87' lang='lat' dir='ltr'>bel-</span> 
     </span>
     <span class='ocr_line' id='line_1_45' title="bbox 302 2452 1704 2503; baseline -0.004 -11"><span class='ocrx_word' id='word_1_333' title='bbox 302 2459 384 2493; x_wconf 89' lang='lat' dir='ltr'>lum</span> <span class='ocrx_word' id='word_1_334' title='bbox 413 2457 585 2491; x_wconf 89' lang='lat' dir='ltr'>inferunt</span> <span class='ocrx_word' id='word_1_335' title='bbox 623 2457 716 2491; x_wconf 84' lang='lat' dir='ltr'>duce</span> <span class='ocrx_word' id='word_1_336' title='bbox 747 2457 989 2491; x_wconf 89' lang='lat' dir='ltr'>Cleombroto</span> <span class='ocrx_word' id='word_1_337' title='bbox 1023 2452 1122 2503; x_wconf 89' lang='lat'><strong>[51.].</strong></span> <span class='ocrx_word' id='word_1_338' title='bbox 1160 2460 1278 2488; x_wconf 88' lang='lat' dir='ltr'>castra</span> <span class='ocrx_word' id='word_1_339' title='bbox 1308 2455 1354 2488; x_wconf 91' lang='lat' dir='ltr'>ad</span> <span class='ocrx_word' id='word_1_340' title='bbox 1384 2456 1593 2489; x_wconf 88' lang='lat' dir='ltr'>Coroneam</span> <span class='ocrx_word' id='word_1_341' title='bbox 1622 2464 1704 2486; x_wconf 88' lang='lat' dir='ltr'>mo-</span> 
     </span>
     <span class='ocr_line' id='line_1_46' title="bbox 303 2510 1752 2556; baseline -0.005 -6"><span class='ocrx_word' id='word_1_342' title='bbox 303 2522 365 2550; x_wconf 87' lang='lat' dir='ltr'>vet</span> <span class='ocrx_word' id='word_1_343' title='bbox 404 2515 678 2550; x_wconf 85' lang='lat' dir='ltr'>Cleombrotus.</span> <span class='ocrx_word' id='word_1_344' title='bbox 737 2514 907 2548; x_wconf 88' lang='lat' dir='ltr'>Thebani</span> <span class='ocrx_word' id='word_1_345' title='bbox 944 2513 1034 2546; x_wconf 86' lang='lat' dir='ltr'>belli</span> <span class='ocrx_word' id='word_1_346' title='bbox 1068 2524 1255 2546; x_wconf 89' lang='lat' dir='ltr'>summam</span> <span class='ocrx_word' id='word_1_347' title='bbox 1300 2510 1582 2556; x_wconf 84' lang='lat' dir='ltr'>Epaminondae</span> <span class='ocrx_word' id='word_1_348' title='bbox 1619 2521 1705 2555; x_wconf 89' lang='lat' dir='ltr'>per·</span> <span class='ocrx_word' id='word_1_349' title='bbox 1749 2526 1752 2529; x_wconf 48' lang='lat'>*</span> 
     </span>
     <span class='ocr_line' id='line_1_47' title="bbox 305 2567 1704 2617; baseline -0.006 -10"><span class='ocrx_word' id='word_1_350' title='bbox 305 2573 477 2608; x_wconf 83' lang='lat' dir='ltr'>mittunt.</span> <span class='ocrx_word' id='word_1_351' title='bbox 519 2571 691 2617; x_wconf 86' lang='lat' dir='ltr'>prodigia</span> <span class='ocrx_word' id='word_1_352' title='bbox 719 2569 1023 2617; x_wconf 80' lang='lat' dir='ltr'>Epaminondae,</span> <span class='ocrx_word' id='word_1_353' title='bbox 1055 2581 1144 2603; x_wconf 89' lang='lat' dir='ltr'>cum</span> <span class='ocrx_word' id='word_1_354' title='bbox 1182 2569 1255 2602; x_wconf 90' lang='lat' dir='ltr'>iter</span> <span class='ocrx_word' id='word_1_355' title='bbox 1285 2568 1564 2614; x_wconf 87' lang='lat' dir='ltr'>ingrederetur,</span> <span class='ocrx_word' id='word_1_356' title='bbox 1600 2567 1704 2600; x_wconf 88' lang='lat' dir='ltr'>obie-</span> 
     </span>
     <span class='ocr_line' id='line_1_48' title="bbox 307 2621 1703 2672; baseline -0.006 -8"><span class='ocrx_word' id='word_1_357' title='bbox 307 2636 380 2664; x_wconf 88' lang='lat' dir='ltr'>cta.</span> <span class='ocrx_word' id='word_1_358' title='bbox 411 2629 468 2663; x_wconf 88' lang='lat' dir='ltr'>his</span> <span class='ocrx_word' id='word_1_359' title='bbox 502 2640 579 2663; x_wconf 88' lang='lat' dir='ltr'>non</span> <span class='ocrx_word' id='word_1_360' title='bbox 619 2629 814 2662; x_wconf 84' lang='lat' dir='ltr'>deterritus</span> <span class='ocrx_word' id='word_1_361' title='bbox 855 2628 986 2662; x_wconf 87' lang='lat' dir='ltr'>fauces</span> <span class='ocrx_word' id='word_1_362' title='bbox 1022 2625 1070 2660; x_wconf 88' lang='lat' dir='ltr'>ad</span> <span class='ocrx_word' id='word_1_363' title='bbox 1099 2628 1310 2660; x_wconf 85' lang='lat' dir='ltr'>Coroneam</span> <span class='ocrx_word' id='word_1_364' title='bbox 1342 2630 1502 2670; x_wconf 87' lang='lat' dir='ltr'>occupat</span> <span class='ocrx_word' id='word_1_365' title='bbox 1534 2621 1633 2672; x_wconf 65' lang='grc'><strong>[52].</strong></span> <span class='ocrx_word' id='word_1_366' title='bbox 1663 2622 1703 2657; x_wconf 87' lang='lat' dir='ltr'>id</span> 
     </span>
     <span class='ocr_line' id='line_1_49' title="bbox 306 2681 1704 2729; baseline -0.005 -8"><span class='ocrx_word' id='word_1_367' title='bbox 306 2686 608 2721; x_wconf 82' lang='lat' dir='ltr'>animadvertens</span> <span class='ocrx_word' id='word_1_368' title='bbox 641 2686 903 2720; x_wconf 87' lang='lat' dir='ltr'>Cleombrotus</span> <span class='ocrx_word' id='word_1_369' title='bbox 941 2684 1146 2718; x_wconf 84' lang='lat' dir='ltr'>exercitum</span> <span class='ocrx_word' id='word_1_370' title='bbox 1186 2694 1253 2729; x_wconf 89' lang='lat' dir='ltr'>per</span> <span class='ocrx_word' id='word_1_371' title='bbox 1288 2682 1491 2718; x_wconf 88' lang='lat' dir='ltr'>Phocidem</span> <span class='ocrx_word' id='word_1_372' title='bbox 1530 2681 1578 2715; x_wconf 89' lang='lat' dir='ltr'>ad</span> <span class='ocrx_word' id='word_1_373' title='bbox 1606 2682 1704 2714; x_wconf 79' lang='lat' dir='ltr'>Leu-</span> 
     </span>
     <span class='ocr_line' id='line_1_50' title="bbox 305 2740 1702 2790; baseline -0.006 -12"><span class='ocrx_word' id='word_1_374' title='bbox 305 2750 387 2779; x_wconf 88' lang='lat' dir='ltr'>ctra</span> <span class='ocrx_word' id='word_1_375' title='bbox 429 2744 543 2782; x_wconf 72' lang='lat' dir='ltr'>ducit.</span> <span class='ocrx_word' id='word_1_376' title='bbox 591 2748 799 2790; x_wconf 85' lang='lat' dir='ltr'>sequuntur</span> <span class='ocrx_word' id='word_1_377' title='bbox 841 2741 984 2778; x_wconf 81' lang='lat' dir='ltr'>Boeoti.</span> <span class='ocrx_word' id='word_1_378' title='bbox 1021 2740 1150 2775; x_wconf 88' lang='lat' dir='ltr'>habita</span> <span class='ocrx_word' id='word_1_379' title='bbox 1185 2740 1455 2775; x_wconf 86' lang='lat' dir='ltr'>deliberatione</span> <span class='ocrx_word' id='word_1_380' title='bbox 1489 2749 1538 2772; x_wconf 90' lang='lat' dir='ltr'>an</span> <span class='ocrx_word' id='word_1_381' title='bbox 1575 2747 1702 2784; x_wconf 84' lang='lat' dir='ltr'>pugna</span> 
     </span>
    </p>
   </div>
  </div>
 </body>
</html>
