1820 3249
317 201 428 241 1140
667 192 1186 240 L1B.XV11.CAP.5
1190 199 1337 239 -Q

234 317 288 360 85
318 311 419 355 κίου
457 313 551 361 ταῖς
591 309 845 365 γενομέναις
877 310 1169 365 παρανομίαις
1209 306 1579 376 προςκόπτοντος,
1622 305 1695 348 καὶ

319 371 522 438 φανεροῦ
547 370 822 417 καθεστῶτος
849 366 916 409 ὅτι
944 366 1231 436 τιμωρήσεται
1260 367 1339 409 τόν
1367 363 1584 418 αὐθέντην
1607 366 1696 404 τῶν

319 423 633 497 ανομημάτων,
687 422 867 477 φθασας
905 421 1043 466 αὐτοῦ
1082 440 1159 473 τας
1189 422 1478 478 ἐπιβουλὰς-ο
1455 419 1698 474 οΒαγώας

320 479 462 524 ανεῖλε
491 481 568 524 τὸν
593 480 747 534 Ἀρσὴν
779 479 885 551 μετα
914 485 1003 522 τῶν
1031 480 1196 523 τέκτων
1225 482 1370 533 τρίτον
1406 495 1498 527 ετος
1520 476 1600 531 ἤδη
1626 479 1699 531 βα

234 546 291 585 90
321 537 560 582 σιλευοντα.
622 536 789 594 ἐρήμου
830 536 875 580 δ’
916 535 1042 587 όντος
1079 540 1160 579 τοῦ
1200 536 1408 591 βασιλέως
1445 537 1595 585 οἴκου,
1626 533 1777 575 natm

319 595 507 651 μηδενὸς
538 594 666 645 ὄντος
699 598 778 637 τοῦ
810 593 919 636 κατὰ
948 594 1072 649 γένος
1103 594 1410 662 διαδεξομένου
1440 591 1520 647 την
1551 589 1701 644 ι’ἶιρχηι,

317 650 702 721 προχειρισάμενος
733 667 808 693 ενα
839 655 926 693 τῶν
956 652 1099 705 φίλων
1128 656 1320 707 Δαρεῖον
1352 648 1517 702 ὄνομα,
1559 647 1701 702 τούτῳ

313 708 690 781 συγκατεσκεύασε
728 721 809 775 την
849 709 1083 776 βασιλείαν.
1153 709 1282 757 οὐτος
1329 706 1372 749 6'
1409 711 1482 775 ην
1497 706 1593 771 υἱὸς
1623 719 1702 758 μεν

313 763 537 819 Ἀρσάνου
573 769 654 808 τοῦ
680 762 908 817 Ὀστοῖνου,
938 763 985 813 ὃς
1012 766 1068 818 ήν
1098 761 1288 819 αδελφος
1316 761 1592 816 Ἀρταξέρξου
1622 762 1704 803 τοῦ

237 826 292 870 95
325 827 512 878 Περσῶν
551 822 900 892 βασιλεύσαντος
970 822 1087 863 ἰ’διον
1131 820 1176 863 δέ
1215 837 1254 863 τι
1294 820 1453 876 συνέβη
1490 819 1588 871 περὶ
1627 816 1706 859 τὸν

324 879 514 948 Βαγώαν
543 879 746 934 γενέσθαι
785 878 858 920 καὶ
898 877 1068 933 μνήμης
1099 876 1232 928 ἄξιον.
1294 894 1460 931 χρωμει
1465 893 1511 925 ος
1540 875 1622 930 γὰρ
1653 890 1705 929 τη

323 934 509 1005 συνήθει
550 936 785 992 μιαιφονία
822 934 900 976 τὸν
933 939 1127 986 Δαρεῖον
1166 933 1393 987 ἐπεβάλετο
1431 932 1503 976 διὰ
1533 946 1707 985 φαριια-

323 995 441 1043 κείας
471 992 662 1035 ἀνελεῖν·
699 994 965 1048 μηνυθείσης
995 991 1039 1034 δὲ
1071 995 1144 1047 τῆς
1175 991 1424 1046 ἐπιβουλης,
1455 989 1478 1033 ὁ
1505 987 1708 1057 βασιλευς

214 1059 295 1099 100
326 1049 386 1100 ὦς
416 1050 486 1092 επί
514 1066 600 1092 τινι
630 1051 941 1107 φιλανθρωπία
965 1048 1315 1103 προςκαλεοαμει
1319 1065 1366 1098 ος
1396 1047 1474 1090 τὸν
1504 1043 1707 1100 Βαγώαν,

325 1106 399 1150 καὶ
436 1105 544 1157 δους
579 1106 629 1150 τὸ
668 1106 906 1160 ποτήριον,
951 1105 1168 1177 ήναγκασε
1216 1110 1331 1149 πιεῖν
1369 1104 1418 1147 τὸ
1462 1102 1708 1158 φάρμακον.

267 1171 297 1211 6
324 1162 492 1234 ἠξιώθη
522 1163 568 1206 δὲ
598 1167 672 1219 τῆς
702 1165 923 1234 βασιλείας
953 1162 976 1206 6
1000 1168 1189 1216 Δαρεῖος
1212 1165 1357 1206 δοκῶν
1380 1161 1492 1204 πολύ
1511 1160 1710 1214 προέχειν

327 1219 508 1277 ανδρείᾳ
547 1223 748 1274 Περσῶν.
803 1218 1079 1275 Ἀρταξέρξου
1119 1219 1203 1275 γάρ
1240 1235 1342 1262 ποτε
1379 1222 1460 1261 τοῦ
1500 1217 1712 1273 βασιλέως

269 1283 297 1325 5
326 1281 624 1348 πολεμοῦντος
662 1276 772 1332 πρὸς
811 1279 1118 1328 Καδουσίους,
1159 1278 1234 1319 καί
1272 1292 1391 1326 τινος
1420 1279 1507 1317 τῶν
1537 1275 1714 1316 Καδου-

325 1336 435 1378 σίων
465 1331 532 1378 ἐπ’
562 1332 674 1389 ἀλκῇ
706 1335 778 1377 καὶ
809 1333 990 1391 οἷνδρεία
1010 1335 1368 1390 διαβεβοημένου,
1399 1332 1473 1375 καὶ
1501 1333 1712 1385 προκαλε-

325 1392 520 1446 σαμένου
559 1407 638 1434 τον
678 1391 952 1460 βουλόμενον
992 1395 1177 1444 Περσῶν
1211 1394 1536 1459 μονομαχῆσαι,
1585 1386 1712 1435 ἄλλος

325 1465 406 1518 μεν
435 1447 581 1498 ούδεις
611 1447 845 1504 ἐτόλμησεν
873 1446 1138 1498 ὑπακοῦσαι,
1168 1447 1304 1502 μόνος
1336 1447 1382 1490 δε
1400 1450 1589 1500 Δαρεῖος
1609 1442 1713 1486 ὑπο-

326 1504 429 1554 στὰς
468 1505 546 1547 τὸν
585 1506 796 1550 κίνδυνον
825 1504 904 1548 τόν
939 1504 1267 1575 προκαλεσαιιειι
1272 1521 1324 1546 ον
1355 1502 1598 1554 ἀπέκτεινε,
1639 1499 1714 1542 καὶ

245 1569 299 1609 10
327 1561 416 1606 ὑπὸ
446 1578 526 1617 μεν
554 1565 637 1604 τοῦ
667 1561 879 1618 βασιλέως
908 1561 1114 1617 μεγαλαις
1146 1560 1326 1631 ἐτιμήθη
1358 1563 1563 1613 δωρεαῖς,
1594 1555 1712 1610 παροὶ

332 1619 379 1662 δὲ
413 1624 504 1669 τοῖς
537 1618 727 1673 Πέρσαις
755 1619 804 1663 τὸ
842 1625 1056 1671 πρωτεῖον
1085 1636 1162 1674 της
1193 1618 1395 1671 ἀνδρείας
1427 1615 1713 1672 ἀπηνέγκατο.

328 1675 402 1720 δια
431 1674 596 1732 ταύτην
627 1676 679 1730 δή
711 1675 790 1732 τὴν
824 1676 1132 1747 ἀνδραγαθίαν
1164 1675 1211 1719 ἆ·
1197 1678 1281 1727 ἓιος
1307 1679 1380 1730 τῆς
1403 1676 1624 1741 βασιλείας
1645 1688 1716 1713 νο-

330 1735 515 1793 μισθείς,
545 1734 763 1788 παρέλαβε
794 1732 874 1788 τήν
902 1732 1039 1789 ἀρχὴν
1069 1749 1166 1785 περι
1196 1733 1382 1782 τούτους
1411 1732 1513 1781 τοὺς
1533 1728 1717 1785 χρόνους

247 1792 300 1835 15
331 1790 378 1833 ἐν
408 1793 473 1841 οἱς
505 1792 727 1834 Φιλίππου
756 1791 1090 1861 τελευτήσαντος
1132 1790 1348 1841 διεδέξατο
1380 1806 1461 1845 την
1493 1789 1718 1841 βασιλείαν

322 1845 617 1901 Ἀλέξανδρος.
676 1852 882 1890 τοιοῦτον
913 1845 957 1891 δ’
997 1847 1139 1900 ἄνδρα
1169 1851 1244 1902 τῆς
1273 1846 1403 1902 τύχης
1432 1842 1718 1899 παραδούσης

329 1903 568 1947 ἀντίπαλον
598 1921 651 1960 τῃ
682 1903 780 1947 κατ’
819 1902 1105 1959 Ἀλέξανδρον
1136 1920 1291 1959 αρετῃ,
1332 1902 1493 1956 συιέβη
1527 1900 1719 1950 πολλοὺς

332 1961 407 2005 καὶ
437 1960 652 2016 μεγαλους
680 1960 855 2016 οἰνῶνας
884 1973 1098 2032 συστηναι
1117 1961 1214 2015 περὶ
1235 1964 1316 2003 τοῦ
1335 1961 1562 2014 amentes-ov
1613 1956 1720 2000 οέλλὰ

249 2023 304 2063 20
332 2017 431 2071 ’περὶ
469 2035 574 2087 μεν
586 2017 755 2061 τούτων
796 2020 842 2061 αἱ
880 2035 991 2061 κατα
1021 2020 1153 2073 μέρος
1183 2017 1359 2070 πράξεις
1389 2017 1546 2059 ε’καστα
1576 2014 1721 2070 δηλώ-

334 2086 517 2119 σουσιν·
550 2073 673 2130 ἡμεῖς
693 2074 742 2118 δ’
766 2075 836 2118 ἐπὶ
859 2075 908 2118 τό
930 2075 1103 2130 συνεχες
1131 2079 1204 2130 τῆς
1232 2075 1426 2127 ἱστορίας
1456 2072 1721 2126 τρεψόμεθα.

277 2135 305 2176 7
447 2137 639 2184 Δαρεῖος
678 2149 761 2187 γαρ
801 2132 1071 2186 παραλαβών
1109 2131 1188 2186 την
1239 2133 1463 2201 βασιλείαν
1511 2129 1598 2182 πρὸ
1642 2128 1730 2182 μὲν»

335 2192 412 2245 τῆς
443 2191 664 2232 Φιλίππου
700 2194 898 2245 τελευτῆς
927 2189 1218 2245 ἐφιλοτιμεῖτο
1250 2188 1328 2231 τὸν
1358 2188 1567 2242 μέλλοντα
1596 2185 1722 2229 πόλε-

249 2247 306 2290 25
334 2262 419 2301 μον
449 2248 508 2297 εἰς
537 2261 618 2318 την
646 2249 932 2290 Μακεδονίαν
963 2247 1255 2300 ἀποστρέψαι
1301 2245 1470 2288 εκείνου
1508 2244 1554 2287 δε
1583 2248 1724 2286 τελευ-

329 2303 541 2357 τήσαντος
572 2302 771 2373 ἀπελύθη
800 2309 874 2360 τῆς
904 2321 1113 2376 αγωνιας,
1146 2302 1497 2371 καταφρονήσας
1513 2305 1589 2356 τῆς
1614 2299 1721 2343 Ἀλε-

331 2359 527 2416 ξανδρου
556 2358 776 2418 νεότητος.
834 2361 927 2405 ἐπεὶ
957 2359 1001 2405 δ’
1033 2361 1060 2417 ἡ
1089 2364 1177 2404 τῶν
1205 2359 1447 2415 πράξεων’
1431 2358 1624 2414 ενέργεια
1647 2356 1722 2401 καὶ

331 2525 398 2608 155·
437 2527 670 2584 γενομέναις]
698 2531 907 2576 γινομέναις
930 2531 962 2566 F
1134 2529 1192 2565 87.
1228 2527 1385 2574 φθάσας
1408 2527 1615 2573 FLQTXY,
1642 2537 1721 2562 cae-

348 2573 400 2607 eri
424 2585 604 2619 φωρασοις

430 2621 510 2656 164
535 2623 590 2656 03.
637 2621 705 2667 μεν
729 2636 799 2658 om
823 2624 854 2657 F
1040 2620 1244 2667 Ἀρσανον]
1271 2619 1478 2665 Ὀορσοὲνου
1506 2621 1540 2654 Τ

337 2666 406 2702 τοῦ
428 2665 606 2703 Ὀστάνου
630 2681 700 2704 om.
723 2667 787 2704 LX
810 2671 905 2712 Bas„
927 2670 1071 2714 Cospus‚
1097 2669 1263 2703 asterisco
1287 2669 1418 2702 notavit
1442 2668 1639 2711 Stephanus

431 2713 488 2750 94.
535 2714 842 2761 βασιλεύσαντος]
886 2717 1146 2773 βασιλεύοντος
1177 2716 1207 2749 F
1401 2715 1458 2748 97·
1507 2713 1724 2760 ‹paqpocm'ocss

337 2759 421 2793 Bas.
607 2762 640 2796 6.
688 2763 1041 2809 προκαλεσαμένου]
1079 2759 1355 2804 προςκαλεσαμέ
1345 2774 1423 2795 νου
1449 2761 1507 2796 FL
1690 2759 1724 2793 8

337 2802 575 2859 ὑπακουσαι]
610 2807 817 2846 ἐπακουσαι
847 2811 907 2845 FL
1115 2810 1150 2844 9.
1198 2805 1297 2853 ύπὸ]
1334 2804 1408 2844 cino*
1432 2807 1462 2841 F
1669 2805 1727 2840 12.

338 2852 403 2896 τῆς
427 2864 497 2887 om.
529 2855 560 2888 F
