1820 3249
219 473 271 511 15

214 757 267 795 20

212 988 237 1025 10

242 984 265 1024 01

211 1268 265 1306 30

303 133 414 173 1194
659 128 775 173 ΜΒ.
806 128 934 172 xvn.
993 115 1127 171 c’AP.
1157 133 1224 172 σο.
1253 133 1322 171 61.

303 243 347 285 οἵ
387 245 577 297 συνεχεῖς
617 242 894 293 συνείποντο,
946 258 1018 284 και
1061 241 1110 284 τό
1159 241 1363 293 συνεστός
1399 244 1460 297 τῷ
1499 244 1671 300 Δαρείῳ

302 298 525 354 σύνταγμα
563 297 659 342 κατ’
700 297 849 354 ὀλίγον
888 296 954 342 αεὶ
989 298 1332 353 παρεῤῥηγνυτο.
1394 298 1460 342 διό
1498 301 1570 342 καὶ
1598 304 1674 356 τῆς

300 355 446 410 ἑτέρας
473 359 662 410 πλευρᾶς
690 358 1126 424 παραγυμνωθείσης
1143 359 1229 398 τῶν
1260 356 1675 411 συναγωνιζομένων

301 412 375 455 καὶ.
400 411 533 463 αὐτὸς
561 414 843 468 καταπλαγεὶς
872 413 980 467 πρὸς
1010 411 1157 467 φυγήν
1188 411 1370 467 ω’ρμησε.
1428 413 1596 455 τούτων
1625 414 1672 482 δὲ

303 468 416 511 οὕτω
448 470 725 524 φευγόντων,
768 470 842 513 καὶ
878 473 959 512 τοῦ
989 473 1220 522 κονιορτοῦ
1247 473 1335 512 τῶν
1368 469 1533 512 ἱππέων
1561 468 1674 524 πρὸς

296 525 411 576 ὕψος
441 526 693 582 αἰρομένου,
723 527 796 570 καὶ
824 542 913 568 των
943 526 1039 579 περὶ
1068 524 1146 567 τὸν
1168 524 1485 595 Ἀλέξανδρον’
1470 543 1517 569 εκ
1537 525 1673 577 ποδός

296 582 541 638 ἑπομένων,
589 583 659 626 δια
700 582 747 626 τό
788 587 955 652 πλῆθος
994 582 1065 625 καὶ
1104 599 1184 637 την
1212 582 1461 652 πυκνότητα
1490 586 1569 626 τοῦ
1599 599 1673 626 κο-

294 643 478 694 νιορτοῦ
508 642 701 683 συνιδεῖν
730 640 808 695 μὲν
838 638 919 682 οὐκ
949 655 1003 694 ην
1031 638 1108 681 τόν
1135 643 1329 691 Δαρεῖον
1359 638 1461 683 ὅποι
1485 643 1673 682 ποιεῖται

294 695 374 765 τήν
410 696 577 752 φυγήν,
621 697 855 751 στεναγμὸς
896 695 941 738 δὲ
976 699 1065 737 τῶν
1103 695 1349 739 πιπτόντων
1390 695 1568 749 ανδρων
1598 697 1672 739 καὶ

295 751 457 804 κτύπος
487 757 574 796 τῶν
604 755 762 804 ἳππων,
793 753 853 795 ἔτι
884 752 930 794 δὲ
958 756 1043 794 τῶν
1073 754 1293 806 μαστίγων
1321 753 1501 809 συνεχὴς
1527 751 1673 807 ψόφος

297 810 470 862 ἐγίνετο.
532 809 618 864 ἅμα
652 811 697 852 δὲ
726 808 902 858 τούτοις
931 807 1247 862 πραττομένοις
1288 813 1490 861 Μαζαῖος
1527 809 1550 852 ὁ
1591 814 1671 853 τοῦ

297 867 439 917 δεξιοῦ
469 866 650 919 κέρατος
678 864 924 921 ἡγούμενος
951 865 1212 937 πλείστους
1199 865 1306 920 ε’χων
1323 867 1395 908 καὶ
1414 869 1672 920 κρατίστους

297 925 439 973 ἱππεῖς
468 922 607 978 βαρὺς
638 923 825 965 ἐπέκειτο
842 927 934 972 τοῖς
955 920 1051 965 κατ’
1071 922 1208 965 αὐτόν
1226 921 1521 978 τεταγμένοις·
1553 924 1673 976 Παρ-

245 999 248 1006 ,
296 981 455 1033 μενίων
495 979 540 1022 δὲ
581 995 686 1034 μετα
722 983 812 1022 τῶν
854 982 1080 1022 Θετταλων
1117 979 1282 1022 ἱππέων
1311 981 1385 1022 καὶ
1413 996 1502 1022 των
1530 978 1673 1022 ἄλλων

294 1052 383 1105 των
418 1035 537 1094 μετ
553 1035 693 1079 αὐτοῦ
721 1035 1073 1080 κινδυνευόντων
1100 1033 1264 1091 υπέστη
1294 1036 1396 1087 τοὺς
1424 1038 1671 1090 πολεμίους.

293 1093 343 1135 τὸ
373 1109 451 1149 μεν
481 1087 563 1135 οὗν
590 1097 767 1148 πρῶτον
795 1097 1001 1147 λαμπρῶς
1032 1090 1347 1162 αγωνιζόμενος
1377 1093 1449 1136 διὰ
1478 1109 1554 1143 τας
1579 1091 1671 1146 ἀρε-

294 1165 370 1199 τας
396 1153 482 1192 τῶν
516 1153 740 1192 Θετταλῶν
765 1149 1006 1218 έπροτέρει·
1044 1166 1132 1192 των
1162 1149 1209 1192 δὲ
1236 1150 1332 1203 περὶ
1362 1149 1440 1193 τὸν
1470 1153 1671 1202 Μαζαῖον

293 1210 354 1262 τῷ
383 1223 428 1249 τε
456 1206 613 1261 πληθει
628 1224 699 1250 και
719 1204 842 1260 βαρει
859 1211 937 1249 τοῦ
961 1205 1232 1262 συστήματος
1251 1206 1518 1276 ἐγκειμένων,
1549 1221 1668 1248 κατε-

294 1268 469 1306 πονεῖτο
509 1262 559 1306 τό
598 1267 687 1306 τῶν
707 1262 1022 1306 Μακεδόνων
1007 1263 1200 1306 ιππικόν.
1247 1267 1413 1306 πολλοῦ
1444 1262 1489 1306 δὲ
1520 1261 1668 1318 φόνου

293 1319 550 1375 γινομένου,
585 1321 660 1363 καὶ
699 1337 774 1376 της
809 1324 897 1362 τῶν
935 1319 1171 1374 βαρβαρων
1209 1321 1307 1375 βίας
1337 1319 1668 1370 δυςυποστατου

291 1377 538 1448 γινομένης,
572 1376 595 1419 6
629 1379 893 1448 Παρμενίων
918 1375 1120 1432 ἐξέπεμψέ
1149 1393 1270 1427 τινας
1298 1393 1386 1419 των
1403 1377 1503 1430 περὶ
1534 1374 1669 1419 αὑτὸν

293 1434 458 1476 ἱππέων
493 1432 604 1485 πρὸς
640 1433 719 1476 τὸν
753 1431 1054 1487 Ἀλέξανδρον,
1102 1434 1239 1488 λέγων
1269 1435 1378 1476 κατα
1409 1432 1536 1488 τάχος
1565 1436 1669 1488 βοη-

290 1494 439 1545 θῆσαι.
499 1489 627 1541 ὀξέως
666 1490 712 1533 δε
749 1489 921 1533 τούτων
958 1489 1006 1532 τὸ
1045 1491 1345 1544 παραγγελθὲν
1373 1490 1668 1543 πραττόντων,

239 1564 241 1570 ’
293 1548 366 1589 καὶ
401 1545 482 1589 τὸν
516 1545 800 1599 Ἀλέξανδρον
836 1545 1104 1603 πυθομένων
1134 1545 1247 1589 πολὺ
1277 1551 1351 1602 τῆς
1379 1548 1537 1598 ταξέως
1568 1562 1669 1590 απε-

288 1602 486 1647 σπασθαι
515 1603 625 1647 κατὰ
653 1604 730 1647 τὸν
761 1602 969 1659 διωγμόν,
1000 1605 1123 1646 οὑτοι
1153 1619 1231 1657 μεν
1261 1603 1511 1658 ἐπανῆλθον
1530 1619 1666 1657 απρα-

286 1674 408 1703 κτοι·
440 1661 463 1704 ὁ
495 1661 540 1704 δὲ
572 1662 835 1716 Παρμενίων
864 1677 958 1711 ταις
985 1664 1075 1702 τῶν
1109 1664 1339 1704 Θετταλων
1369 1662 1482 1710 ἴλαις
1507 1677 1666 1715 χρωμε-

287 1733 365 1768 νος
382 1717 681 1786 ἐμπειρότατα,
704 1718 776 1760 καὶ
800 1716 990 1767 πολλοὺς
1008 1718 1278 1772 καταβαλών,
1308 1716 1435 1773 μόγις
1457 1717 1665 1770 ἐτρέψατο

287 1773 392 1825 τούς
431 1772 706 1830 βαρβαρυυς,
727 1773 938 1844 μάλιστα
976 1775 1326 1828 καταπλαγέντας
1361 1790 1412 1830 τῃ
1451 1791 1561 1816 κατα
1590 1774 1667 1816 τὸν

287 1836 481 1884 Δαρεῖον
520 1835 656 1903 φυγῇ
715 1829 738 1875 ὁ
780 1832 825 1874 δὲ
864 1835 1054 1883 Δαρεῖος
1082 1834 1135 1886 τῇ
1165 1832 1396 1887 στρατηγίᾳ
1427 1829 1665 1900 διαφέρων,

286 1888 359 1931 καὶ
390 1887 604 1957 συνεργὸν
635 1888 759 1943 ἔχων
771 1886 820 1931 τὸ
849 1891 1017 1942 πλῆθος
1046 1892 1127 1930 τοῦ
1157 1891 1413 1941 κονιορτοῦ,
1443 1887 1523 1942 τήν
1558 1885 1666 1930 ἀπο-

284 1944 494 2017 χώρησιν
507 1942 587 2000 οὐχ
617 1944 773 2015 ὁμοίαν
799 1949 891 1995 τοῖς
920 1943 1066 1995 αλλοις
1093 1943 1335 2016 βαρβαροις
1364 1944 1575 1995 ἐποιεῖτο,
1607 1954 1667 1994 εις

285 2003 549 2071 τουναντίον
586 2002 632 2044 δε
670 2000 799 2057 μέρος
839 2000 1054 2071 ὁρμησας,
1105 2019 1176 2045 και
1213 2000 1518 2072 κρυπτομένην
1555 2001 1665 2055 ε’χων

288 2057 359 2101 δια
400 2058 477 2102 τὸν
511 2057 790 2130 ἐξαιρόμενον
830 2058 1062 2112 κονιορτὸν
1100 2056 1180 2129 τὴν
1222 2059 1340 2101 ἰδίαν
1369 2056 1663 2128 αποχωρησιν,

288 2114 534 2166 ακινδύνως
572 2113 703 2166 αυτός
739 2131 784 2159 τε
821 2114 1000 2170 διέφυγε
1035 2114 1135 2165 τούς
1165 2131 1209 2158 τε
1237 2113 1336 2169 μεθ’
1367 2113 1525 2158 ἑαυτοῦ
1556 2130 1663 2157 παν-

284 2189 361 2223 τας
401 2173 460 2223 εἰς
496 2189 576 2222 τας
615 2171 801 2216 κατόπιν
842 2173 1039 2226 κειμένας
1075 2188 1165 2215 των
1200 2170 1477 2215 Μακεδόνων
1514 2170 1663 2225 κώμας
1703 2180 1706 2181 ’

282 2230 472 2274 διέσωσε.
529 2228 652 2281 τέλος
690 2228 737 2273 δὲ
773 2228 947 2272 πάντων
983 2233 1073 2272 τῶν
1107 2229 1346 2285 βαρβαρων
1373 2227 1484 2284 πρὸς
1513 2227 1662 2284 φυγήν

280 2413 338 2447 10.
386 2410 556 2453 συνεστός
578 2412 627 2454 F,
653 2409 833 2451 συνεστώς
855 2412 936 2455 LQ,
962 2411 1088 2446 caete-ri
1111 2409 1256 2456 συνεχὲς
1439 2410 1495 2444 14.
1543 2406 1656 2456 οὕτω]

282 2456 402 2499 οὕτως
427 2470 546 2493 omnes
731 2459 786 2492 17.
832 2457 898 2502 μὲν
923 2470 990 2491 om.
1016 2459 1097 2491 Bas.
1270 2457 1327 2492 18.
1378 2454 1488 2514 όποι]
1515 2456 1560 2490 οὐ
1587 2457 1659 2499 Fn,

280 2502 377 2542 ὅπου
401 2507 484 2539 Bas.
671 2505 724 2539 19.
776 2505 897 2539 ’ἵππων
921 2504 1025 2538 τ’·ειῐίε
1049 2504 1341 2537 Rhodomannus:
1364 2503 1446 2537 libri
1472 2501 1612 2537 ἱππέων

371 2553 428 2586 27.
478 2549 522 2585 ἐπ
524 2551 664 2607 ροτέρει
676 2552 872 2596 VVesseling
859 2551 949 2584 ius·
972 2548 1178 2593 ἔπροετέρει
1199 2552 1292 2591 Bas„
1318 2549 1445 2583 caeteri
1469 2548 1658 2590 προετέρει

464 2597 521 2631 28.
567 2595 631 2634 τὸν
656 2610 724 2633 om.
750 2598 780 2630 F
964 2597 1022 2630 ’9.
1070 2596 1330 2639 κατεπονεῖτο]
1356 2593 1551 2630 κατεπόνει
1578 2596 1658 2628 Bas.

461 2644 520 2679 33.
568 2643 679 2702 λέγων
701 2643 799 2678 ΤΧΥ
823 2644 905 2679 Bas.
897 2667 924 2684 .‚
950 2637 1014 2697 qui
1038 2643 1187 2678 dicerent
1211 2644 1275 2678 Cos
1277 2654 1360 2688 pus,
1390 2642 1518 2676 caeteri
1542 2639 1657 2683 α’ξιῶν

460 2689 521 2725 35.
564 2689 822 2734 οἷπεσπάσθαι]
857 2687 1088 2744 {memsam
1110 2690 1170 2724 FL
1354 2688 1411 2724 38.
1453 2687 1562 2743 μόγις
1587 2688 1656 2730 FL,

277 2737 406 2772 caeteri
427 2736 536 2780 μόλις
718 2738 776 2771 41.
826 2734 1000 2791 σύνεργον
1024 2736 1107 2769 Bas.
1290 2733 1348 2770 46.
1395 2732 1483 2775 τούς
1505 2734 1568 2780 τε]
1594 2736 1656 2770 καὶ

278 2782 364 2825 τούς
387 2785 446 2818 FL
630 2783 688 2818 47.
735 2781 895 2827 εαυτοῦ]
921 2778 1039 2818 αυτοῦ
1063 2782 1123 2817 FL
