1820 3249
483 206 739 253 L!B.X1x.
799 205 932 246 CA?
963 210 1032 249 41.
1061 209 1129 249 42.
1380 209 1488 250 1379

125 320 316 377 νομένου
353 320 401 365 δὲ
428 321 509 364 τοῦ
547 316 826 388 κηρύγματος
863 315 1020 361 καθότι
1055 317 1332 388 προείρηται,
1369 315 1488 385 παρὰ

125 379 205 433 μὲν
232 383 322 429 τοῖς
348 377 446 432 περὶ
475 373 724 429 Ἀντίγονον
761 373 956 427 ἐγίνοντο
986 373 1130 429 φωναὶ
1160 375 1395 443 δυςχερεῖς,
1425 373 1491 417 ὅτι
1522 377 1573 420 15

126 433 520 502 συναναγκάζοιντο
551 430 662 486 πρὸς
697 434 917 484 συγγενεῖς
948 430 1019 472 καὶ
1047 430 1364 486 πρεσβυτέρους
1397 431 1489 472 δια-

125 492 351 547 μάχεσθαι,
373 488 492 542 παρὰ
521 488 568 531 δὲ
596 492 687 536 τοῖς
715 485 810 542 μετ’
840 485 1071 539 Εὐμένους
1099 484 1493 557 παραταττομένοις

124 545 473 619 παρακελευσμός
501 545 574 588 καὶ
602 543 684 600 βοὴ
713 543 793 598 τὴν
819 545 1020 598 ταχίστην
1048 541 1167 598 ἄγειν
1195 543 1264 586 ἐπὶ
1290 542 1396 592 τοὺς
1415 558 1491 585 πο-

124 606 311 658 λεμίους.
366 599 430 646 ὧν
450 599 669 672 Εὐμένης
714 599 832 653 ὁρῶν
875 600 954 654 τὴν
977 600 1271 665 προθυμίαν,
1319 615 1396 654 ηρε
1440 598 1489 642 τὸ
1519 605 1574 644 20

125 661 370 726 σύσσημον,
400 655 461 702 δι’
493 674 556 701 ων
585 656 883 725 παρεστήσατο
912 655 1014 706 τοὺς
1043 656 1122 723 μὲν
1151 656 1413 725 σαλπιγκτας
1442 655 1491 699 τὸ

124 714 358 772 πολεμικόν
385 716 638 782 σημαίνειν,
664 712 744 768 τὴν
774 712 820 756 δὲ
849 711 1037 765 δύναμιν
1069 711 1278 762 ἀλαλάξαι
1306 724 1463 754 πασαν.

234 775 438 840 Συνῆψε
455 772 500 814 δὲ
538 769 678 825 μάχην
718 773 893 825 πρῶτον
920 769 998 824 μὲν
1025 768 1076 812 τά
1106 769 1263 824 θηρία,
1312 768 1416 822 μετα
1447 768 1494 811 δὲ
1522 773 1578 812 42

122 831 260 872 ταῦτα
287 830 361 872 καὶ
390 827 438 871 τὸ
469 831 555 870 τῶν
583 826 746 870 ἱππέων
773 827 1093 894 πλῆθος.τοῦ
1130 825 1177 868 δὲ
1205 825 1358 867 πεδίου
1388 829 1489 867 πολ-
1520 828 1575 870 25

123 885 205 954 λην
232 884 503 954 εὐρυχωρίαν
533 884 726 951 ἔχοντος,
758 883 832 925 καὶ
859 881 1022 932 παντὸς
1047 879 1320 937 υπάρχοντος
1351 878 1492 936 ἀργοῦ

126 941 198 984 διὰ
204 940 306 1012 τήν
332 942 380 985 έν
409 938 529 1010 αυτῷ
558 938 799 994 διήκουσαν
825 937 1063 1006 ἁλμυρίδα,
1092 941 1304 981 τοσοῦτον
1333 937 1493 1005 συνέβη

125 996 214 1041 ὑπὸ
243 1001 335 1041 τῶν
363 998 529 1040 ἱππέων
557 997 803 1049 ἐξαίρεσθαι
818 994 1065 1065 κονιορτὸν
1096 993 1199 1045 ω’ςτε
1224 993 1388 1063 μηδένα
1419 993 1494 1036 δύ-

126 1058 288 1097 νασθαι
318 1054 479 1122 ραδίως
509 1057 704 1105 συνορᾶν
735 1052 777 1103 ἐξ
807 1049 958 1123 ὀλίγου
988 1050 1276 1120 διαστήματος
1299 1049 1348 1094 τὸ
1374 1048 1494 1118 γινό-

48 1117 270 1164 35ομενον.
346 1110 372 1153 6
419 1109 472 1164 δὴ
515 1106 788 1163 κατανοήσας
830 1106 1075 1161 Ἀντίγονος
1126 1108 1344 1150 ἀπέστειλε
1389 1105 1492 1157 τούς
1522 1111 1576 1152 30

125 1167 174 1209 ἐκ
217 1166 394 1236 Μηδίας
433 1167 573 1215 ἱππεῖς
610 1164 684 1207 καὶ
722 1179 811 1206 των
854 1164 1137 1217 Ταραντίνων
1175 1180 1279 1214 τους
1317 1163 1496 1213 ἱκανοὺς

127 1222 195 1265 ἐπὶ
225 1222 308 1292 τὴν
335 1220 590 1292 ἀποσκευήν
624 1224 712 1264 τῶν
750 1221 980 1274 πολεμίων.
1038 1218 1184 1274 ἤλπιζε
1224 1218 1331 1287 γάρ,
1387 1219 1494 1273 ὅπερ

123 1273 181 1331 ἦν
209 1276 380 1334 ἀληθές,
412 1277 485 1322 διὰ
516 1279 595 1333 μὲν
623 1275 702 1320 τὸν
733 1275 969 1329 κονιορτόν
989 1276 1211 1344 λήσεσθαι,
1244 1275 1315 1320 δια
1341 1275 1386 1318 δὲ
1416 1275 1497 1331 τὴν

126 1335 290 1378 ἀλωσιν
327 1339 403 1391 τῆς
442 1334 685 1388 ἀποσκευῆς
714 1331 882 1376 ἀκονιτὶ
910 1337 1119 1387 κρατῆσαι
1147 1348 1236 1375 των
1263 1334 1495 1387 πολεμίων.

127 1393 171 1435 οἱ
211 1391 257 1435 δὲ
299 1392 571 1446 πεμφθέντες
608 1388 993 1442 περιιππεύσαντες
1029 1388 1077 1432 τὸ
1103 1389 1233 1443 κέρας
1259 1392 1346 1431 τῶν
1374 1388 1495 1431 έναν-
1525 1390 1579 1434 35

126 1449 231 1491 τίων
260 1448 335 1491 καὶ
363 1448 572 1497 λαθόντες
603 1446 805 1489 ἐπέθεντο
834 1450 924 1494 τοῖς
953 1445 1257 1516 σκευοφόροις,
1289 1443 1497 1500 ἀπέχουσι

127 1509 202 1559 τῆς
227 1503 365 1559 μάχης
393 1520 451 1555 ως
479 1504 602 1546 πέντε
632 1503 846 1550 σταδίους
894 1499 1095 1555 εὑρόντες
1124 1500 1167 1544 δ’
1198 1500 1336 1572 αὐτὴν
1352 1501 1496 1558 πλήρη

130 1577 210 1615 μεν
239 1560 370 1616 ὄχλου
398 1559 508 1613 πρὸς
536 1558 675 1627 μάχην
704 1557 946 1626 ἀχρήστου,
986 1556 1093 1607 τούς
1122 1556 1166 1600 δ’
1193 1556 1308 1612 ἀμυι
1312 1561 1496 1627 ομένους

128 1616 327 1671 ὀλίγους,
365 1615 472 1671 ταχὺ
502 1616 605 1665 τούς
635 1613 916 1664 ἀντιστάντας
944 1614 1206 1669 τρεψάμενοι
1235 1618 1322 1656 τῶν
1352 1613 1496 1657 α’λλων

95 1708 99 1714 .
130 1673 336 1716 ἁπάντων
364 1673 631 1725 ἐκυρίευσαν.
680 1669 769 1724 ἅμα
799 1670 843 1714 δε
873 1670 1045 1720 τούτοις
1074 1669 1386 1723 πραττομένοις
1403 1669 1494 1712 Ἀν-
1522 1671 1579 1715 40

128 1732 302 1799 τίγονος
330 1729 409 1779 μὲν
437 1728 636 1778 συνάψας
675 1726 815 1782 μάχην
855 1732 945 1777 τοῖς
983 1725 1387 1797 ἀντιτεταγμένοις,
1422 1727 1497 1770 καὶ

132 1785 238 1841 μετὰ
262 1786 460 1839 πλήθους
479 1785 642 1828 ἱππέων
662 1783 898 1837 ἐπιφανείς,
931 1782 1220 1851 κατεπλήξατο
1248 1781 1496 1855 Πευκέστην

130 1842 209 1886 τὸν
222 1846 312 1911 τῆς
343 1844 556 1895 Περσίδος
596 1841 826 1895 σατράπην.
884 1838 933 1890 ὃς
964 1839 1070 1894 μετὰ
1098 1844 1186 1882 τῶν
1214 1840 1309 1892 περὶ
1340 1840 1497 1883 ἑαυτὸν

134 1897 296 1941 ἱππέων
326 1898 403 1950 ἔξω
433 1902 512 1940 τοῦ
542 1900 775 1950 κονιορτοῦ
806 1896 958 1946 διδους
992 1895 1148 1939 ἑαυτὸν
1177 1895 1498 1940 συνεπεσπάσα-
1525 1897 1581 1941 45

132 1971 183 1998 το
221 1955 293 1998 καὶ
330 1958 419 1996 τῶν
437 1954 598 1997 α’λλων
638 1954 697 2002 εἰς
725 1954 898 2023 χιλίους
914 1955 1240 2003 πεντακοσίους.
1299 1951 1498 2023 Εὐμένης

134 2011 181 2055 δὲ
209 2008 299 2066 μετ’
331 2008 490 2064 ὀλίγων
515 2008 800 2079 ἀπολειφθεὶς
830 2006 898 2051 ἐπ’
931 2008 1070 2062 ἄκρου
1100 2013 1180 2052 τοῦ
1209 2008 1497 2063 κέρατος,τὸ

132 2083 212 2122 μεν
244 2064 350 2119 εἶξαι
386 2070 439 2135 τῇ
476 2066 581 2122 τύχῃ
618 2067 691 2109 καὶ
730 2070 886 2133 φυγεῖν
919 2065 1097 2120 αἰσχρόν
1142 2066 1332 2120 διέλαβε,
1362 2065 1410 2109 τὸ
1453 2065 1500 2108 δὲ

133 2127 354 2178 τηροῦντα
389 2122 467 2178 τὴν
496 2121 730 2176 δεδομένην
757 2120 843 2164 ὑπό
874 2125 962 2164 τῶν
992 2121 1204 2176 βασιλέων
1231 2125 1377 2165 πίστιν
1404 2138 1500 2175 γεν-

134 2182 238 2249 ναίᾳ
275 2179 527 2250 προαιρέσει
563 2182 891 2222 συναποθανεῖν
937 2181 1195 2232 προκρίνας,
1251 2177 1321 2222 ἐπ’
1362 2178 1499 2222 αὐτόν
1528 2182 1582 2225 50

136 2226 299 2279 ἐώσατο
339 2234 418 2278 τὸν
449 2234 703 2290 Ἀντίγονον.
763 2234 1000 2288 γενομένης
1037 2233 1078 2277 δ’
1110 2237 1372 2290 ἱππομαχίας
1401 2252 1502 2288 καρ-

136 2296 295 2360 τερᾶς,
332 2293 406 2335 καὶ
452 2296 538 2334 τῶν
583 2291 660 2347 μὲν
703 2288 795 2362 μετ’
834 2289 1061 2345 Εὐμένους
1099 2298 1193 2342 ταῖς
1232 2293 1502 2346 προθυμίαις

138 2345 435 2403 προεχόντων,
471 2364 560 2392 των
589 2348 633 2392 δε
663 2345 762 2404 μετ’·
780 2343 1034 2402 Ἀντιγόνου
1062 2351 1124 2406 τῷ
1151 2347 1310 2405 πλήθει
1339 2364 1499 2404 περιγι-

138 2514 196 2548 14.
241 2512 397 2560 καθότι]
428 2514 620 2560 καθώςπερ
642 2516 752 2551 wa
940 2515 998 2550 17.
1042 2517 1265 2562 παραταττ.]
1298 2526 1499 2559 παρατασσ.

140 2571 260 2594 omnes
426 2562 482 2596 20.
530 2562 766 2607 aulnay-atde]
793 2561 1024 2616 σαλπιγητοὶς
1034 2562 1066 2595 Υ
1087 2563 1169 2597 Bas.
1335 2564 1392 2597 24.
1439 2563 1502 2597 καὶ

140 2617 209 2639 om.
234 2606 314 2639 Bas.
449 2608 506 2641 28
541 2608 682 2650 μηδένα
704 2608 794 2650 Fw,
824 2609 951 2644 caeteri
974 2621 1026 2653 μη
1163 2609 1221 2644 29.
1256 2608 1501 2653 κατανοήσας]

139 2647 182 2687 εὖ
204 2650 434 2693 κατανοήσας
457 2654 595 2697 1⁴·va

231 2697 312 2732 350.
335 2698 392 2734 31.
426 2698 598 2744 ἱκανούς]
622 2701 838 2741 κρατίστους
861 2700 1002 2743 FQVW
1154 2699 1211 2735 46.
1247 2696 1501 2744 ἀπολειφθεὶς]

142 2739 372 2823 ἅποληφθελὶς
395 2744 476 2780 Bas.
652 2747 708 2780 47.
757 2747 908 2791 φυγεῖν]
935 2745 1082 2791 φεύγειν
1103 2745 1165 2779 Fv
1330 2747 1386 2782 48.
1433 2744 1503 2780 διέ-

354 2803 376 2823 α
402 2802 417 2825 ε

141 2835 249 2879 λαβε]
274 2791 406 2881 &infe
429 2835 458 2869 F
639 2834 693 2871 51.
741 2835 780 2872 δ’
805 2837 835 2871 F

1124 2893 1232 2936 88*
