<?xml version="1.0" encoding="UTF-8"?>
<!DOCTYPE html PUBLIC "-//W3C//DTD XHTML 1.0 Transitional//EN"
    "http://www.w3.org/TR/xhtml1/DTD/xhtml1-transitional.dtd">
<html xmlns="http://www.w3.org/1999/xhtml" xml:lang="en" lang="en">
 <head>
  <title>
</title>
<meta http-equiv="Content-Type" content="text/html;charset=utf-8" />
  <meta name='ocr-system' content='tesseract 3.04.00' />
  <meta name='ocr-capabilities' content='ocr_page ocr_carea ocr_par ocr_line ocrx_word'/>
</head>
<body>
  <div class='ocr_page' id='page_1' title='image "./p1bibliothecahisto02dioduoft_0374.png"; bbox 0 0 1820 3249; ppageno 0'>
   <div class='ocr_carea' id='block_1_1' title="bbox 285 94 1310 142">
    <p class='ocr_par' dir='ltr' id='par_1_1' title="bbox 285 94 1310 142">
     <span class='ocr_line' id='line_1_1' title="bbox 285 94 1310 142; baseline 0 -4"><span class='ocrx_word' id='word_1_1' title='bbox 285 99 394 138; x_wconf 73' lang='lat'><em>1290</em></span> <span class='ocrx_word' id='word_1_2' title='bbox 621 94 742 137; x_wconf 87' lang='lat' dir='ltr'><strong>LIB.</strong></span> <span class='ocrx_word' id='word_1_3' title='bbox 771 95 924 140; x_wconf 83' lang='lat' dir='ltr'>XV111.</span> <span class='ocrx_word' id='word_1_4' title='bbox 984 98 1116 139; x_wconf 83' lang='lat' dir='ltr'>CAP.</span> <span class='ocrx_word' id='word_1_5' title='bbox 1148 101 1214 141; x_wconf 69' lang='lat'><em>34.</em></span> <span class='ocrx_word' id='word_1_6' title='bbox 1244 101 1310 142; x_wconf 77' lang='lat'><em>35.</em></span> 
     </span>
    </p>
   </div>
   <div class='ocr_carea' id='block_1_2' title="bbox 184 206 1730 2197">
    <p class='ocr_par' dir='ltr' id='par_1_2' title="bbox 184 206 1730 2197">
     <span class='ocr_line' id='line_1_2' title="bbox 281 206 1655 264; baseline 0.001 -12"><span class='ocrx_word' id='word_1_7' title='bbox 281 209 395 252; x_wconf 76' lang='grc' dir='ltr'><em>ἑλεῖν</em></span> <span class='ocrx_word' id='word_1_8' title='bbox 424 207 471 251; x_wconf 87' lang='grc' dir='ltr'><em>τὸ</em></span> <span class='ocrx_word' id='word_1_9' title='bbox 505 208 689 264; x_wconf 85' lang='grc' dir='ltr'><em>χωρίον·</em></span> <span class='ocrx_word' id='word_1_10' title='bbox 721 206 744 250; x_wconf 88' lang='grc' dir='ltr'>ὁ</span> <span class='ocrx_word' id='word_1_11' title='bbox 779 207 824 250; x_wconf 74' lang='grc' dir='ltr'><em>δὲ</em></span> <span class='ocrx_word' id='word_1_12' title='bbox 854 212 1134 262; x_wconf 81' lang='grc' dir='ltr'><em>Πτολεμαῖος,</em></span> <span class='ocrx_word' id='word_1_13' title='bbox 1165 207 1297 261; x_wconf 80' lang='grc' dir='ltr'><em>αύτός</em></span> <span class='ocrx_word' id='word_1_14' title='bbox 1326 207 1566 264; x_wconf 81' lang='grc' dir='ltr'><em>ἀριστεύων</em></span> <span class='ocrx_word' id='word_1_15' title='bbox 1580 212 1655 254; x_wconf 83' lang='grc' dir='ltr'><em>καὶ</em></span> 
     </span>
     <span class='ocr_line' id='line_1_3' title="bbox 282 265 1654 337; baseline 0.002 -30"><span class='ocrx_word' id='word_1_16' title='bbox 282 282 387 315; x_wconf 88' lang='grc' dir='ltr'><em>τους</em></span> <span class='ocrx_word' id='word_1_17' title='bbox 403 267 576 335; x_wconf 87' lang='grc' dir='ltr'><em>φίλους</em></span> <span class='ocrx_word' id='word_1_18' title='bbox 605 269 869 318; x_wconf 76' lang='grc' dir='ltr'><em>παρακαλῶν</em></span> <span class='ocrx_word' id='word_1_19' title='bbox 890 265 1161 318; x_wconf 76' lang='grc' dir='ltr'><em>ἐνδείξασθαι</em></span> <span class='ocrx_word' id='word_1_20' title='bbox 1179 284 1259 337; x_wconf 82' lang='grc' dir='ltr'><em>την</em></span> <span class='ocrx_word' id='word_1_21' title='bbox 1280 265 1458 310; x_wconf 76' lang='grc' dir='ltr'><em>εὔνοιαν</em></span> <span class='ocrx_word' id='word_1_22' title='bbox 1474 266 1562 321; x_wconf 81' lang='grc' dir='ltr'><em>ἅμα</em></span> <span class='ocrx_word' id='word_1_23' title='bbox 1580 268 1654 311; x_wconf 87' lang='grc' dir='ltr'><em>καὶ</em></span> 
     </span>
     <span class='ocr_line' id='line_1_4' title="bbox 198 320 1651 394; baseline 0 -27"><span class='ocrx_word' id='word_1_24' title='bbox 198 324 253 367; x_wconf 85' lang='grc'><em>40</em></span> <span class='ocrx_word' id='word_1_25' title='bbox 282 321 361 377; x_wconf 74' lang='grc' dir='ltr'><em>τήν</em></span> <span class='ocrx_word' id='word_1_26' title='bbox 388 320 557 376; x_wconf 83' lang='grc' dir='ltr'><em>αρετήν,</em></span> <span class='ocrx_word' id='word_1_27' title='bbox 589 337 808 392; x_wconf 85' lang='grc' dir='ltr'><em>ηρωικους</em></span> <span class='ocrx_word' id='word_1_28' title='bbox 839 322 1011 377; x_wconf 73' lang='grc' dir='ltr'><em>οἰνῶνας</em></span> <span class='ocrx_word' id='word_1_29' title='bbox 1040 324 1344 394; x_wconf 78' lang='grc' dir='ltr'><em>συνεστήσατο.</em></span> <span class='ocrx_word' id='word_1_30' title='bbox 1402 328 1578 366; x_wconf 72' lang='grc' dir='ltr'><em>πολλῶν</em></span> <span class='ocrx_word' id='word_1_31' title='bbox 1606 321 1651 367; x_wconf 81' lang='grc' dir='ltr'><em>δ’</em></span> 
     </span>
     <span class='ocr_line' id='line_1_5' title="bbox 282 377 1653 436; baseline -0.001 -14"><span class='ocrx_word' id='word_1_32' title='bbox 282 378 596 432; x_wconf 86' lang='grc' dir='ltr'><em>απολλυμέιων</em></span> <span class='ocrx_word' id='word_1_33' title='bbox 632 377 738 432; x_wconf 83' lang='grc' dir='ltr'><em>παρ’</em></span> <span class='ocrx_word' id='word_1_34' title='bbox 779 377 1044 433; x_wconf 80' lang='grc' dir='ltr'><em>οἷμφοτέροις</em></span> <span class='ocrx_word' id='word_1_35' title='bbox 1082 380 1155 423; x_wconf 89' lang='grc' dir='ltr'><em>δια</em></span> <span class='ocrx_word' id='word_1_36' title='bbox 1190 381 1268 436; x_wconf 82' lang='grc' dir='ltr'><em>τὴν</em></span> <span class='ocrx_word' id='word_1_37' title='bbox 1303 379 1550 435; x_wconf 69' lang='grc' dir='ltr'><em>ὑπερβολὴν</em></span> <span class='ocrx_word' id='word_1_38' title='bbox 1578 384 1653 435; x_wconf 82' lang='grc' dir='ltr'><em>τῆς</em></span> 
     </span>
     <span class='ocr_line' id='line_1_6' title="bbox 279 435 1654 491; baseline 0 -12"><span class='ocrx_word' id='word_1_39' title='bbox 279 453 368 479; x_wconf 90' lang='grc' dir='ltr'><em>των</em></span> <span class='ocrx_word' id='word_1_40' title='bbox 392 435 619 491; x_wconf 76' lang='grc' dir='ltr'><em>ἡγεμόνων</em></span> <span class='ocrx_word' id='word_1_41' title='bbox 648 437 908 491; x_wconf 76' lang='grc' dir='ltr'><em>φιλοτιμίας,</em></span> <span class='ocrx_word' id='word_1_42' title='bbox 937 438 1012 480; x_wconf 86' lang='grc' dir='ltr'><em>καὶ</em></span> <span class='ocrx_word' id='word_1_43' title='bbox 1040 453 1128 479; x_wconf 87' lang='grc' dir='ltr'><em>των</em></span> <span class='ocrx_word' id='word_1_44' title='bbox 1157 438 1254 491; x_wconf 90' lang='grc' dir='ltr'><em>περὶ</em></span> <span class='ocrx_word' id='word_1_45' title='bbox 1274 454 1352 480; x_wconf 88' lang='grc' dir='ltr'><em>τον</em></span> <span class='ocrx_word' id='word_1_46' title='bbox 1383 441 1654 489; x_wconf 86' lang='grc' dir='ltr'><em>Πτολεμαῖον</em></span> 
     </span>
     <span class='ocr_line' id='line_1_7' title="bbox 278 492 1654 547; baseline 0 -12"><span class='ocrx_word' id='word_1_47' title='bbox 278 498 372 543; x_wconf 83' lang='grc' dir='ltr'><em>ταῖς</em></span> <span class='ocrx_word' id='word_1_48' title='bbox 400 492 633 547; x_wconf 75' lang='grc' dir='ltr'><em>ὑπεροχαῖς</em></span> <span class='ocrx_word' id='word_1_49' title='bbox 662 497 751 535; x_wconf 82' lang='grc' dir='ltr'><em>των</em></span> <span class='ocrx_word' id='word_1_50' title='bbox 780 493 926 535; x_wconf 82' lang='grc' dir='ltr'><em>τόπων</em></span> <span class='ocrx_word' id='word_1_51' title='bbox 956 494 1344 547; x_wconf 80' lang='grc' dir='ltr'><em>πλεονεκτούντων,</em></span> <span class='ocrx_word' id='word_1_52' title='bbox 1376 498 1464 537; x_wconf 78' lang='grc' dir='ltr'><em>τῶν</em></span> <span class='ocrx_word' id='word_1_53' title='bbox 1490 494 1535 536; x_wconf 77' lang='grc' dir='ltr'><em>δὲ</em></span> <span class='ocrx_word' id='word_1_54' title='bbox 1555 493 1654 546; x_wconf 87' lang='grc' dir='ltr'><em>περὶ</em></span> 
     </span>
     <span class='ocr_line' id='line_1_8' title="bbox 194 548 1654 617; baseline -0.001 -23"><span class='ocrx_word' id='word_1_55' title='bbox 194 551 248 594; x_wconf 85' lang='grc'><em>45</em></span> <span class='ocrx_word' id='word_1_56' title='bbox 275 548 354 592; x_wconf 86' lang='grc' dir='ltr'><em>τὸν</em></span> <span class='ocrx_word' id='word_1_57' title='bbox 385 551 633 603; x_wconf 80' lang='grc' dir='ltr'><em>Περδίκκαν</em></span> <span class='ocrx_word' id='word_1_58' title='bbox 656 554 747 599; x_wconf 81' lang='grc' dir='ltr'><em>τοῖς</em></span> <span class='ocrx_word' id='word_1_59' title='bbox 766 549 977 617; x_wconf 75' lang='grc' dir='ltr'><em>πλήθεσιν</em></span> <span class='ocrx_word' id='word_1_60' title='bbox 996 549 1307 605; x_wconf 80' lang='grc' dir='ltr'><em>ὑπερεχόντων,</em></span> <span class='ocrx_word' id='word_1_61' title='bbox 1337 569 1384 594; x_wconf 88' lang='grc' dir='ltr'><em>το</em></span> <span class='ocrx_word' id='word_1_62' title='bbox 1406 555 1654 593; x_wconf 82' lang='grc' dir='ltr'><em>τελευταῖον</em></span> 
     </span>
     <span class='ocr_line' id='line_1_9' title="bbox 277 605 1654 675; baseline 0 -27"><span class='ocrx_word' id='word_1_63' title='bbox 277 606 535 675; x_wconf 71' lang='grc' dir='ltr'><em>ἀμφοτέρων</em></span> <span class='ocrx_word' id='word_1_64' title='bbox 567 605 939 662; x_wconf 80' lang='grc' dir='ltr'><em>διημερευσάντων</em></span> <span class='ocrx_word' id='word_1_65' title='bbox 967 611 1057 657; x_wconf 86' lang='grc' dir='ltr'><em>τοῖς</em></span> <span class='ocrx_word' id='word_1_66' title='bbox 1088 606 1332 659; x_wconf 80' lang='grc' dir='ltr'><em>κινδύνοις,</em></span> <span class='ocrx_word' id='word_1_67' title='bbox 1379 606 1401 651; x_wconf 90' lang='grc' dir='ltr'>ὁ</span> <span class='ocrx_word' id='word_1_68' title='bbox 1434 623 1512 662; x_wconf 84' lang='grc' dir='ltr'><em>μεν</em></span> <span class='ocrx_word' id='word_1_69' title='bbox 1543 610 1654 661; x_wconf 87' lang='grc' dir='ltr'><em>Περ-</em></span> 
     </span>
     <span class='ocr_line' id='line_1_10' title="bbox 276 662 1654 731; baseline 0 -25"><span class='ocrx_word' id='word_1_70' title='bbox 276 665 426 714; x_wconf 88' lang='grc' dir='ltr'><em>δίκκας</em></span> <span class='ocrx_word' id='word_1_71' title='bbox 463 662 596 714; x_wconf 88' lang='grc' dir='ltr'><em>λύσας</em></span> <span class='ocrx_word' id='word_1_72' title='bbox 635 663 714 718; x_wconf 71' lang='grc' dir='ltr'><em>τήν</em></span> <span class='ocrx_word' id='word_1_73' title='bbox 756 665 1015 715; x_wconf 88' lang='grc' dir='ltr'><em>πολιορκίαν</em></span> <span class='ocrx_word' id='word_1_74' title='bbox 1053 662 1299 731; x_wconf 76' lang='grc' dir='ltr'><em>ἐπανῆλθεν</em></span> <span class='ocrx_word' id='word_1_75' title='bbox 1338 665 1397 713; x_wconf 87' lang='grc' dir='ltr'><em>εἰς</em></span> <span class='ocrx_word' id='word_1_76' title='bbox 1425 664 1504 719; x_wconf 75' lang='grc' dir='ltr'><em>τὴν</em></span> <span class='ocrx_word' id='word_1_77' title='bbox 1537 665 1654 706; x_wconf 88' lang='grc' dir='ltr'><em>ἰδίαν</em></span> 
     </span>
     <span class='ocr_line' id='line_1_11' title="bbox 277 717 1652 774; baseline -0.001 -11"><span class='ocrx_word' id='word_1_78' title='bbox 277 722 628 774; x_wconf 85' lang='grc' dir='ltr'><em>στρατοπεδείαν.</em></span> <span class='ocrx_word' id='word_1_79' title='bbox 685 718 842 768; x_wconf 84' lang='grc' dir='ltr'><em>νυκτὸς</em></span> <span class='ocrx_word' id='word_1_80' title='bbox 881 718 926 762; x_wconf 83' lang='grc' dir='ltr'><em>δ’</em></span> <span class='ocrx_word' id='word_1_81' title='bbox 956 717 1189 772; x_wconf 80' lang='grc' dir='ltr'><em>αναζεύξας</em></span> <span class='ocrx_word' id='word_1_82' title='bbox 1218 722 1435 773; x_wconf 76' lang='grc' dir='ltr'><em>λαθραίαν</em></span> <span class='ocrx_word' id='word_1_83' title='bbox 1466 720 1652 763; x_wconf 80' lang='grc' dir='ltr'><em>ἐποιεῖτο</em></span> 
     </span>
     <span class='ocr_line' id='line_1_12' title="bbox 275 775 1654 844; baseline -0.001 -24"><span class='ocrx_word' id='word_1_84' title='bbox 275 777 357 831; x_wconf 81' lang='grc' dir='ltr'><em>τὴν</em></span> <span class='ocrx_word' id='word_1_85' title='bbox 388 779 591 831; x_wconf 84' lang='grc' dir='ltr'><em>πορείαν,</em></span> <span class='ocrx_word' id='word_1_86' title='bbox 637 777 709 820; x_wconf 85' lang='grc' dir='ltr'><em>καὶ</em></span> <span class='ocrx_word' id='word_1_87' title='bbox 740 775 1005 844; x_wconf 80' lang='grc' dir='ltr'><em>κατήντησεν</em></span> <span class='ocrx_word' id='word_1_88' title='bbox 1035 778 1093 826; x_wconf 87' lang='grc' dir='ltr'><em>εἰς</em></span> <span class='ocrx_word' id='word_1_89' title='bbox 1122 777 1197 819; x_wconf 85' lang='grc' dir='ltr'><em>τὸν</em></span> <span class='ocrx_word' id='word_1_90' title='bbox 1227 775 1487 819; x_wconf 83' lang='grc' dir='ltr'><em>απεναντίον</em></span> <span class='ocrx_word' id='word_1_91' title='bbox 1514 776 1654 819; x_wconf 83' lang='grc' dir='ltr'><em>τόπον</em></span> 
     </span>
     <span class='ocr_line' id='line_1_13' title="bbox 192 831 1654 902; baseline -0.003 -23"><span class='ocrx_word' id='word_1_92' title='bbox 192 836 247 880; x_wconf 84' lang='grc'><em>50</em></span> <span class='ocrx_word' id='word_1_93' title='bbox 277 837 352 889; x_wconf 80' lang='grc' dir='ltr'><em>τῆς</em></span> <span class='ocrx_word' id='word_1_94' title='bbox 381 835 624 888; x_wconf 72' lang='grc' dir='ltr'><em>Μέμφεως,</em></span> <span class='ocrx_word' id='word_1_95' title='bbox 672 831 785 886; x_wconf 80' lang='grc' dir='ltr'><em>πρός</em></span> <span class='ocrx_word' id='word_1_96' title='bbox 824 850 850 889; x_wconf 90' lang='grc' dir='ltr'><em>η</em></span> <span class='ocrx_word' id='word_1_97' title='bbox 883 835 1110 902; x_wconf 83' lang='grc' dir='ltr'><em>συμβαίνει</em></span> <span class='ocrx_word' id='word_1_98' title='bbox 1142 835 1357 888; x_wconf 83' lang='grc' dir='ltr'><em>σχίζεσθαι</em></span> <span class='ocrx_word' id='word_1_99' title='bbox 1387 834 1462 881; x_wconf 78' lang='grc' dir='ltr'><em>τὸν</em></span> <span class='ocrx_word' id='word_1_100' title='bbox 1491 836 1654 876; x_wconf 77' lang='grc' dir='ltr'><em>Νεῖλον</em></span> 
     </span>
     <span class='ocr_line' id='line_1_14' title="bbox 276 888 1654 947; baseline -0.001 -14"><span class='ocrx_word' id='word_1_101' title='bbox 276 891 351 935; x_wconf 83' lang='grc' dir='ltr'><em>καὶ</em></span> <span class='ocrx_word' id='word_1_102' title='bbox 380 896 522 933; x_wconf 85' lang='grc' dir='ltr'><em>ποιεῖν</em></span> <span class='ocrx_word' id='word_1_103' title='bbox 552 894 690 945; x_wconf 82' lang='grc' dir='ltr'><em>νῆσον</em></span> <span class='ocrx_word' id='word_1_104' title='bbox 728 890 975 944; x_wconf 66' lang='grc' dir='ltr'><em>δυναμένην</em></span> <span class='ocrx_word' id='word_1_105' title='bbox 1004 888 1210 943; x_wconf 80' lang='grc' dir='ltr'><em>ασφαλως</em></span> <span class='ocrx_word' id='word_1_106' title='bbox 1240 889 1444 941; x_wconf 75' lang='grc' dir='ltr'><em>δέξασθαι</em></span> <span class='ocrx_word' id='word_1_107' title='bbox 1476 900 1654 947; x_wconf 87' lang='grc' dir='ltr'><em>στρατο-</em></span> 
     </span>
     <span class='ocr_line' id='line_1_15' title="bbox 276 945 1654 1002; baseline -0.002 -11"><span class='ocrx_word' id='word_1_108' title='bbox 276 949 452 993; x_wconf 87' lang='grc' dir='ltr'><em>πεδείαν</em></span> <span class='ocrx_word' id='word_1_109' title='bbox 491 963 534 989; x_wconf 87' lang='grc' dir='ltr'><em>τε</em></span> <span class='ocrx_word' id='word_1_110' title='bbox 575 964 648 989; x_wconf 83' lang='grc' dir='ltr'><em>και</em></span> <span class='ocrx_word' id='word_1_111' title='bbox 688 946 878 999; x_wconf 89' lang='grc' dir='ltr'><em>δύναμιν</em></span> <span class='ocrx_word' id='word_1_112' title='bbox 906 945 986 1000; x_wconf 68' lang='grc' dir='ltr'><em>τήν</em></span> <span class='ocrx_word' id='word_1_113' title='bbox 1015 949 1227 1001; x_wconf 75' lang='grc' dir='ltr'><em>μεγίστην.</em></span> <span class='ocrx_word' id='word_1_114' title='bbox 1288 948 1346 996; x_wconf 88' lang='grc' dir='ltr'><em>εἰς</em></span> <span class='ocrx_word' id='word_1_115' title='bbox 1378 945 1542 1002; x_wconf 83' lang='grc' dir='ltr'><em>ταύτην</em></span> <span class='ocrx_word' id='word_1_116' title='bbox 1572 948 1654 989; x_wconf 80' lang='grc' dir='ltr'><em>οὐν</em></span> 
     </span>
     <span class='ocr_line' id='line_1_16' title="bbox 277 1001 1654 1059; baseline -0.001 -12"><span class='ocrx_word' id='word_1_117' title='bbox 277 1006 496 1059; x_wconf 80' lang='grc' dir='ltr'><em>διεβίβασε</em></span> <span class='ocrx_word' id='word_1_118' title='bbox 526 1020 606 1058; x_wconf 93' lang='grc' dir='ltr'><em>την</em></span> <span class='ocrx_word' id='word_1_119' title='bbox 636 1001 837 1055; x_wconf 73' lang='grc' dir='ltr'><em>δύναμιν,</em></span> <span class='ocrx_word' id='word_1_120' title='bbox 870 1003 1086 1052; x_wconf 79' lang='grc' dir='ltr'><em>ἐπιπόνως</em></span> <span class='ocrx_word' id='word_1_121' title='bbox 1109 1008 1195 1045; x_wconf 78' lang='grc' dir='ltr'><em>τῶν</em></span> <span class='ocrx_word' id='word_1_122' title='bbox 1215 1007 1490 1057; x_wconf 77' lang='grc' dir='ltr'><em>στρατιωτῶν</em></span> <span class='ocrx_word' id='word_1_123' title='bbox 1510 1018 1654 1056; x_wconf 85' lang='grc' dir='ltr'><em>περαι-</em></span> 
     </span>
     <span class='ocr_line' id='line_1_17' title="bbox 276 1058 1653 1128; baseline -0.002 -24"><span class='ocrx_word' id='word_1_124' title='bbox 276 1061 476 1114; x_wconf 88' lang='grc' dir='ltr'><em>ουμένων</em></span> <span class='ocrx_word' id='word_1_125' title='bbox 516 1060 588 1103; x_wconf 89' lang='grc' dir='ltr'><em>δια</em></span> <span class='ocrx_word' id='word_1_126' title='bbox 626 1059 675 1103; x_wconf 86' lang='grc' dir='ltr'><em>τὸ</em></span> <span class='ocrx_word' id='word_1_127' title='bbox 716 1060 857 1116; x_wconf 77' lang='grc' dir='ltr'><em>βάθος</em></span> <span class='ocrx_word' id='word_1_128' title='bbox 897 1064 978 1103; x_wconf 83' lang='grc' dir='ltr'><em>τοῦ</em></span> <span class='ocrx_word' id='word_1_129' title='bbox 1014 1064 1226 1114; x_wconf 82' lang='grc' dir='ltr'><em>ποταμοῦ.</em></span> <span class='ocrx_word' id='word_1_130' title='bbox 1294 1059 1421 1128; x_wconf 79' lang='grc' dir='ltr'><em>μέχρι</em></span> <span class='ocrx_word' id='word_1_131' title='bbox 1455 1058 1535 1114; x_wconf 76' lang='grc' dir='ltr'><em>γὰρ</em></span> <span class='ocrx_word' id='word_1_132' title='bbox 1572 1061 1653 1102; x_wconf 83' lang='grc' dir='ltr'><em>τοῦ</em></span> 
     </span>
     <span class='ocr_line' id='line_1_18' title="bbox 191 1115 1653 1186; baseline -0.003 -24"><span class='ocrx_word' id='word_1_133' title='bbox 191 1119 245 1162; x_wconf 84' lang='grc'><em>55</em></span> <span class='ocrx_word' id='word_1_134' title='bbox 274 1119 444 1174; x_wconf 78' lang='grc' dir='ltr'><em>γενείου</em></span> <span class='ocrx_word' id='word_1_135' title='bbox 481 1116 529 1160; x_wconf 84' lang='grc' dir='ltr'><em>τὸ</em></span> <span class='ocrx_word' id='word_1_136' title='bbox 568 1117 706 1186; x_wconf 81' lang='grc' dir='ltr'><em>ρεῦμα</em></span> <span class='ocrx_word' id='word_1_137' title='bbox 742 1121 1011 1170; x_wconf 82' lang='grc' dir='ltr'><em>προςπῖπτον</em></span> <span class='ocrx_word' id='word_1_138' title='bbox 1051 1116 1225 1160; x_wconf 81' lang='grc' dir='ltr'><em>έσαλευε</em></span> <span class='ocrx_word' id='word_1_139' title='bbox 1262 1133 1315 1160; x_wconf 87' lang='grc' dir='ltr'><em>τα</em></span> <span class='ocrx_word' id='word_1_140' title='bbox 1360 1115 1536 1171; x_wconf 75' lang='grc' dir='ltr'><em>σώματα</em></span> <span class='ocrx_word' id='word_1_141' title='bbox 1565 1132 1653 1158; x_wconf 87' lang='grc' dir='ltr'><em>των</em></span> 
     </span>
     <span class='ocr_line' id='line_1_19' title="bbox 276 1172 1653 1230; baseline -0.002 -12"><span class='ocrx_word' id='word_1_142' title='bbox 276 1173 621 1229; x_wconf 74' lang='grc' dir='ltr'><em>διαβαινόντων,</em></span> <span class='ocrx_word' id='word_1_143' title='bbox 669 1172 742 1217; x_wconf 86' lang='grc' dir='ltr'><em>α’τε</em></span> <span class='ocrx_word' id='word_1_144' title='bbox 780 1175 855 1217; x_wconf 81' lang='grc' dir='ltr'><em>καὶ</em></span> <span class='ocrx_word' id='word_1_145' title='bbox 895 1190 984 1216; x_wconf 88' lang='grc' dir='ltr'><em>των</em></span> <span class='ocrx_word' id='word_1_146' title='bbox 1020 1172 1168 1217; x_wconf 79' lang='grc' dir='ltr'><em>ὅπλων</em></span> <span class='ocrx_word' id='word_1_147' title='bbox 1205 1173 1523 1230; x_wconf 80' lang='grc' dir='ltr'><em>ἐμποδιζόντων</em></span> <span class='ocrx_word' id='word_1_148' title='bbox 1550 1174 1653 1223; x_wconf 81' lang='grc' dir='ltr'><em>τοὺς</em></span> 
     </span>
     <span class='ocr_line' id='line_1_20' title="bbox 275 1232 453 1283; baseline -0.012 -8"><span class='ocrx_word' id='word_1_149' title='bbox 275 1232 453 1283; x_wconf 78' lang='grc' dir='ltr'><em>ἄνδρας.</em></span> 
     </span>
     <span class='ocr_line' id='line_1_21' title="bbox 187 1286 1730 1357; baseline -0.001 -26"><span class='ocrx_word' id='word_1_150' title='bbox 187 1290 245 1331; x_wconf 80' lang='lat'><em>35</em></span> <span class='ocrx_word' id='word_1_151' title='bbox 380 1287 430 1330; x_wconf 92' lang='grc' dir='ltr'>Ο</span> <span class='ocrx_word' id='word_1_152' title='bbox 461 1287 506 1331; x_wconf 88' lang='lat'><em>65</em></span> <span class='ocrx_word' id='word_1_153' title='bbox 539 1287 784 1342; x_wconf 83' lang='grc' dir='ltr'><em>Περδίκκας</em></span> <span class='ocrx_word' id='word_1_154' title='bbox 812 1286 1087 1357; x_wconf 74' lang='grc' dir='ltr'><em>κατανοήσας</em></span> <span class='ocrx_word' id='word_1_155' title='bbox 1116 1286 1195 1341; x_wconf 80' lang='grc' dir='ltr'><em>τὴν</em></span> <span class='ocrx_word' id='word_1_156' title='bbox 1216 1287 1449 1336; x_wconf 88' lang='grc' dir='ltr'><em>δυςκολίαν</em></span> <span class='ocrx_word' id='word_1_157' title='bbox 1467 1289 1546 1328; x_wconf 87' lang='grc' dir='ltr'><em>τοῦ</em></span> <span class='ocrx_word' id='word_1_158' title='bbox 1568 1286 1648 1339; x_wconf 88' lang='grc' dir='ltr'><em>ρεί-</em></span> <span class='ocrx_word' id='word_1_159' title='bbox 1661 1292 1730 1330; x_wconf 74' lang='lat'><em>284</em></span> 
     </span>
     <span class='ocr_line' id='line_1_22' title="bbox 270 1342 1649 1399; baseline -0.003 -11"><span class='ocrx_word' id='word_1_160' title='bbox 270 1350 410 1397; x_wconf 80' lang='grc' dir='ltr'><em>θρου,</em></span> <span class='ocrx_word' id='word_1_161' title='bbox 440 1344 543 1394; x_wconf 80' lang='grc' dir='ltr'><em>τοὺς</em></span> <span class='ocrx_word' id='word_1_162' title='bbox 570 1359 648 1399; x_wconf 88' lang='grc' dir='ltr'><em>μεν</em></span> <span class='ocrx_word' id='word_1_163' title='bbox 677 1343 915 1397; x_wconf 83' lang='grc' dir='ltr'><em>ἐλέφαντας</em></span> <span class='ocrx_word' id='word_1_164' title='bbox 944 1343 990 1389; x_wconf 80' lang='grc' dir='ltr'><em>ἐκ</em></span> <span class='ocrx_word' id='word_1_165' title='bbox 1019 1359 1108 1385; x_wconf 86' lang='grc' dir='ltr'><em>των</em></span> <span class='ocrx_word' id='word_1_166' title='bbox 1138 1342 1376 1398; x_wconf 86' lang='grc' dir='ltr'><em>εὐωνύμων</em></span> <span class='ocrx_word' id='word_1_167' title='bbox 1402 1343 1649 1398; x_wconf 80' lang='grc' dir='ltr'><em>ἐπέστησεν,</em></span> 
     </span>
     <span class='ocr_line' id='line_1_23' title="bbox 188 1401 1652 1472; baseline -0.003 -27"><span class='ocrx_word' id='word_1_168' title='bbox 188 1406 243 1446; x_wconf 87' lang='grc'><em>60</em></span> <span class='ocrx_word' id='word_1_169' title='bbox 273 1401 553 1472; x_wconf 77' lang='grc' dir='ltr'><em>ἐκδεχόμενος</em></span> <span class='ocrx_word' id='word_1_170' title='bbox 576 1416 655 1456; x_wconf 89' lang='grc' dir='ltr'><em>την</em></span> <span class='ocrx_word' id='word_1_171' title='bbox 675 1416 935 1469; x_wconf 83' lang='grc' dir='ltr'><em>καταφοραν</em></span> <span class='ocrx_word' id='word_1_172' title='bbox 955 1404 1034 1443; x_wconf 85' lang='grc' dir='ltr'><em>τοῦ</em></span> <span class='ocrx_word' id='word_1_173' title='bbox 1054 1403 1269 1455; x_wconf 86' lang='grc' dir='ltr'><em>ποταμοῦ,</em></span> <span class='ocrx_word' id='word_1_174' title='bbox 1290 1402 1652 1451; x_wconf 82' lang='grc' dir='ltr'><em>καταπραϋνοῦν·</em></span> 
     </span>
     <span class='ocr_line' id='line_1_24' title="bbox 269 1454 1653 1528; baseline -0.002 -27"><span class='ocrx_word' id='word_1_175' title='bbox 269 1475 347 1508; x_wconf 90' lang='grc' dir='ltr'><em>τας</em></span> <span class='ocrx_word' id='word_1_176' title='bbox 384 1458 432 1501; x_wconf 86' lang='grc' dir='ltr'><em>τὸ</em></span> <span class='ocrx_word' id='word_1_177' title='bbox 475 1459 674 1528; x_wconf 62' lang='grc' dir='ltr'><em>ῥεῖθρον</em></span> <span class='ocrx_word' id='word_1_178' title='bbox 725 1473 830 1506; x_wconf 87' lang='grc' dir='ltr'><em>τους</em></span> <span class='ocrx_word' id='word_1_179' title='bbox 867 1454 906 1500; x_wconf 84' lang='grc' dir='ltr'><em>δ’</em></span> <span class='ocrx_word' id='word_1_180' title='bbox 948 1458 1088 1526; x_wconf 89' lang='grc' dir='ltr'><em>ιππεῖς</em></span> <span class='ocrx_word' id='word_1_181' title='bbox 1133 1473 1179 1499; x_wconf 90' lang='grc' dir='ltr'><em>εκ</em></span> <span class='ocrx_word' id='word_1_182' title='bbox 1210 1461 1289 1500; x_wconf 84' lang='grc' dir='ltr'><em>τοῦ</em></span> <span class='ocrx_word' id='word_1_183' title='bbox 1321 1458 1463 1508; x_wconf 80' lang='grc' dir='ltr'><em>δεξιοῦ</em></span> <span class='ocrx_word' id='word_1_184' title='bbox 1495 1456 1653 1510; x_wconf 87' lang='grc' dir='ltr'><em>μέρους</em></span> 
     </span>
     <span class='ocr_line' id='line_1_25' title="bbox 271 1511 1653 1584; baseline -0.003 -26"><span class='ocrx_word' id='word_1_185' title='bbox 271 1516 408 1566; x_wconf 53' lang='lat' dir='ltr'><em>&amp;vag-s,</em></span> <span class='ocrx_word' id='word_1_186' title='bbox 454 1512 513 1557; x_wconf 80' lang='grc' dir='ltr'><em>δι’</em></span> <span class='ocrx_word' id='word_1_187' title='bbox 556 1518 616 1557; x_wconf 84' lang='grc' dir='ltr'><em>ὡν</em></span> <span class='ocrx_word' id='word_1_188' title='bbox 654 1514 861 1568; x_wconf 80' lang='grc' dir='ltr'><em>ἐξεδέχετο</em></span> <span class='ocrx_word' id='word_1_189' title='bbox 892 1513 998 1564; x_wconf 79' lang='grc' dir='ltr'><em>τούς</em></span> <span class='ocrx_word' id='word_1_190' title='bbox 1020 1513 1421 1584; x_wconf 85' lang='grc' dir='ltr'><em>παραφερομένους</em></span> <span class='ocrx_word' id='word_1_191' title='bbox 1456 1511 1541 1556; x_wconf 81' lang='grc' dir='ltr'><em>ὑπὸ</em></span> <span class='ocrx_word' id='word_1_192' title='bbox 1573 1515 1653 1555; x_wconf 84' lang='grc' dir='ltr'><em>τοῦ</em></span> 
     </span>
     <span class='ocr_line' id='line_1_26' title="bbox 269 1568 1652 1640; baseline -0.003 -25"><span class='ocrx_word' id='word_1_193' title='bbox 269 1575 473 1626; x_wconf 80' lang='grc' dir='ltr'><em>ποταμοῦ</em></span> <span class='ocrx_word' id='word_1_194' title='bbox 499 1571 587 1616; x_wconf 85' lang='grc' dir='ltr'><em>καὶ</em></span> <span class='ocrx_word' id='word_1_195' title='bbox 599 1570 797 1622; x_wconf 78' lang='grc' dir='ltr'><em>διέσωζεν</em></span> <span class='ocrx_word' id='word_1_196' title='bbox 820 1571 879 1620; x_wconf 88' lang='grc' dir='ltr'><em>εἰς</em></span> <span class='ocrx_word' id='word_1_197' title='bbox 905 1587 953 1613; x_wconf 88' lang='grc' dir='ltr'><em>το</em></span> <span class='ocrx_word' id='word_1_198' title='bbox 978 1569 1130 1640; x_wconf 81' lang='grc' dir='ltr'><em>πέραν.</em></span> <span class='ocrx_word' id='word_1_199' title='bbox 1188 1572 1306 1613; x_wconf 90' lang='grc' dir='ltr'><em>ι’διον</em></span> <span class='ocrx_word' id='word_1_200' title='bbox 1331 1568 1377 1613; x_wconf 83' lang='grc' dir='ltr'><em>δέ</em></span> <span class='ocrx_word' id='word_1_201' title='bbox 1404 1586 1445 1612; x_wconf 88' lang='grc' dir='ltr'><em>τι</em></span> <span class='ocrx_word' id='word_1_202' title='bbox 1473 1569 1548 1612; x_wconf 82' lang='grc' dir='ltr'><em>καὶ</em></span> <span class='ocrx_word' id='word_1_203' title='bbox 1573 1585 1652 1611; x_wconf 89' lang='grc' dir='ltr'><em>πα-</em></span> 
     </span>
     <span class='ocr_line' id='line_1_27' title="bbox 271 1624 1653 1695; baseline -0.003 -24"><span class='ocrx_word' id='word_1_204' title='bbox 271 1628 462 1683; x_wconf 72' lang='grc' dir='ltr'><em>ραδοξον</em></span> <span class='ocrx_word' id='word_1_205' title='bbox 503 1627 665 1683; x_wconf 84' lang='grc' dir='ltr'><em>συνέβη</em></span> <span class='ocrx_word' id='word_1_206' title='bbox 701 1627 904 1695; x_wconf 75' lang='grc' dir='ltr'><em>γενέσθαι</em></span> <span class='ocrx_word' id='word_1_207' title='bbox 935 1627 1044 1670; x_wconf 76' lang='grc' dir='ltr'><em>κατα</em></span> <span class='ocrx_word' id='word_1_208' title='bbox 1075 1627 1154 1681; x_wconf 80' lang='grc' dir='ltr'><em>τὴν</em></span> <span class='ocrx_word' id='word_1_209' title='bbox 1184 1626 1391 1681; x_wconf 87' lang='grc' dir='ltr'><em>διαβασιν</em></span> <span class='ocrx_word' id='word_1_210' title='bbox 1421 1643 1497 1679; x_wconf 85' lang='grc' dir='ltr'><em>της</em></span> <span class='ocrx_word' id='word_1_211' title='bbox 1525 1624 1653 1669; x_wconf 77' lang='grc' dir='ltr'><em>δυνά-</em></span> 
     </span>
     <span class='ocr_line' id='line_1_28' title="bbox 184 1682 1654 1754; baseline -0.005 -23"><span class='ocrx_word' id='word_1_212' title='bbox 184 1689 238 1731; x_wconf 87' lang='grc'><em>65</em></span> <span class='ocrx_word' id='word_1_213' title='bbox 270 1703 383 1742; x_wconf 87' lang='grc' dir='ltr'><em>μεως</em></span> <span class='ocrx_word' id='word_1_214' title='bbox 409 1684 579 1740; x_wconf 79' lang='grc' dir='ltr'><em>,ταύτης</em></span> <span class='ocrx_word' id='word_1_215' title='bbox 623 1702 711 1727; x_wconf 86' lang='grc' dir='ltr'><em>των</em></span> <span class='ocrx_word' id='word_1_216' title='bbox 740 1683 928 1736; x_wconf 78' lang='grc' dir='ltr'><em>πρώτων</em></span> <span class='ocrx_word' id='word_1_217' title='bbox 955 1683 1038 1754; x_wconf 75' lang='grc' dir='ltr'><em>γὰρ</em></span> <span class='ocrx_word' id='word_1_218' title='bbox 1070 1682 1275 1735; x_wconf 79' lang='grc' dir='ltr'><em>ασφαλῶς</em></span> <span class='ocrx_word' id='word_1_219' title='bbox 1306 1683 1574 1749; x_wconf 86' lang='grc' dir='ltr'><em>διαβαντων,</em></span> <span class='ocrx_word' id='word_1_220' title='bbox 1609 1684 1654 1724; x_wconf 80' lang='grc' dir='ltr'><em>οἱ</em></span> 
     </span>
     <span class='ocr_line' id='line_1_29' title="bbox 269 1737 1650 1813; baseline -0.003 -28"><span class='ocrx_word' id='word_1_221' title='bbox 269 1743 385 1813; x_wconf 74' lang='grc' dir='ltr'><em>με’τα</em></span> <span class='ocrx_word' id='word_1_222' title='bbox 405 1746 541 1785; x_wconf 79' lang='grc' dir='ltr'><em>ταῦτα</em></span> <span class='ocrx_word' id='word_1_223' title='bbox 562 1741 873 1795; x_wconf 86' lang='grc' dir='ltr'><em>περαιούμενοι</em></span> <span class='ocrx_word' id='word_1_224' title='bbox 894 1739 1096 1795; x_wconf 79' lang='grc' dir='ltr'><em>μεγάλοις</em></span> <span class='ocrx_word' id='word_1_225' title='bbox 1114 1742 1392 1794; x_wconf 86' lang='grc' dir='ltr'><em>περιέπιπτον</em></span> <span class='ocrx_word' id='word_1_226' title='bbox 1414 1737 1650 1788; x_wconf 81' lang='grc' dir='ltr'><em>κινδύνοις.</em></span> 
     </span>
     <span class='ocr_line' id='line_1_30' title="bbox 269 1796 1652 1854; baseline -0.004 -11"><span class='ocrx_word' id='word_1_227' title='bbox 269 1798 293 1843; x_wconf 87' lang='grc' dir='ltr'>ὁ</span> <span class='ocrx_word' id='word_1_228' title='bbox 334 1798 418 1854; x_wconf 72' lang='grc' dir='ltr'><em>γὰρ</em></span> <span class='ocrx_word' id='word_1_229' title='bbox 457 1799 651 1852; x_wconf 83' lang='grc' dir='ltr'><em>ποταμὸς</em></span> <span class='ocrx_word' id='word_1_230' title='bbox 693 1798 898 1851; x_wconf 81' lang='grc' dir='ltr'><em>οὐδεμιᾶς</em></span> <span class='ocrx_word' id='word_1_231' title='bbox 936 1796 1069 1854; x_wconf 91' lang='grc' dir='ltr'><em>ούσης</em></span> <span class='ocrx_word' id='word_1_232' title='bbox 1110 1799 1247 1847; x_wconf 85' lang='grc' dir='ltr'><em>αἰτίας</em></span> <span class='ocrx_word' id='word_1_233' title='bbox 1277 1800 1471 1850; x_wconf 80' lang='grc' dir='ltr'><em>φανερᾶς</em></span> <span class='ocrx_word' id='word_1_234' title='bbox 1501 1798 1652 1852; x_wconf 72' lang='grc' dir='ltr'><em>πολλῷ</em></span> 
     </span>
     <span class='ocr_line' id='line_1_31' title="bbox 271 1853 1652 1925; baseline -0.002 -27"><span class='ocrx_word' id='word_1_235' title='bbox 271 1857 517 1925; x_wconf 87' lang='grc' dir='ltr'><em>βαθύτερος</em></span> <span class='ocrx_word' id='word_1_236' title='bbox 553 1855 737 1910; x_wconf 77' lang='grc' dir='ltr'><em>ἐγίνετο,</em></span> <span class='ocrx_word' id='word_1_237' title='bbox 779 1855 851 1897; x_wconf 84' lang='grc' dir='ltr'><em>καὶ</em></span> <span class='ocrx_word' id='word_1_238' title='bbox 879 1858 966 1898; x_wconf 80' lang='grc' dir='ltr'><em>τῶν</em></span> <span class='ocrx_word' id='word_1_239' title='bbox 997 1853 1210 1909; x_wconf 83' lang='grc' dir='ltr'><em>σωμάτων</em></span> <span class='ocrx_word' id='word_1_240' title='bbox 1242 1854 1356 1897; x_wconf 81' lang='grc' dir='ltr'><em>ὅλων</em></span> <span class='ocrx_word' id='word_1_241' title='bbox 1386 1853 1652 1907; x_wconf 79' lang='grc' dir='ltr'><em>καταδυομέ-</em></span> 
     </span>
     <span class='ocr_line' id='line_1_32' title="bbox 271 1910 1653 1981; baseline -0.003 -26"><span class='ocrx_word' id='word_1_242' title='bbox 271 1929 364 1956; x_wconf 87' lang='grc' dir='ltr'><em>νων</em></span> <span class='ocrx_word' id='word_1_243' title='bbox 399 1912 587 1981; x_wconf 77' lang='grc' dir='ltr'><em>ἅπαντες</em></span> <span class='ocrx_word' id='word_1_244' title='bbox 626 1914 685 1961; x_wconf 88' lang='grc' dir='ltr'><em>εἰς</em></span> <span class='ocrx_word' id='word_1_245' title='bbox 723 1911 891 1966; x_wconf 89' lang='grc' dir='ltr'><em>πολλην</em></span> <span class='ocrx_word' id='word_1_246' title='bbox 932 1910 1175 1967; x_wconf 87' lang='grc' dir='ltr'><em>αμηχανίαν</em></span> <span class='ocrx_word' id='word_1_247' title='bbox 1213 1911 1508 1963; x_wconf 86' lang='grc' dir='ltr'><em>περιέπιπτον.</em></span> <span class='ocrx_word' id='word_1_248' title='bbox 1569 1912 1653 1979; x_wconf 79' lang='grc' dir='ltr'><em>τῆς</em></span> 
     </span>
     <span class='ocr_line' id='line_1_33' title="bbox 185 1963 1654 2039; baseline -0.006 -23"><span class='ocrx_word' id='word_1_249' title='bbox 185 1978 240 2016; x_wconf 87' lang='grc'><em>70</em></span> <span class='ocrx_word' id='word_1_250' title='bbox 273 1969 318 2013; x_wconf 88' lang='grc' dir='ltr'><em>δε</em></span> <span class='ocrx_word' id='word_1_251' title='bbox 348 1986 457 2012; x_wconf 89' lang='grc' dir='ltr'><em>κατα</em></span> <span class='ocrx_word' id='word_1_252' title='bbox 486 1968 565 2023; x_wconf 85' lang='grc' dir='ltr'><em>τὴν</em></span> <span class='ocrx_word' id='word_1_253' title='bbox 594 1967 818 2025; x_wconf 84' lang='grc' dir='ltr'><em>πλήρωσιν</em></span> <span class='ocrx_word' id='word_1_254' title='bbox 848 1970 986 2018; x_wconf 83' lang='grc' dir='ltr'><em>αἰτίας</em></span> <span class='ocrx_word' id='word_1_255' title='bbox 1006 1967 1350 2039; x_wconf 79' lang='grc' dir='ltr'><em>ἐπιζητουμένης,</em></span> <span class='ocrx_word' id='word_1_256' title='bbox 1380 1965 1428 2010; x_wconf 83' lang='grc' dir='ltr'><em>τὸ</em></span> <span class='ocrx_word' id='word_1_257' title='bbox 1451 1966 1529 2021; x_wconf 76' lang='grc' dir='ltr'><em>μὲν</em></span> <span class='ocrx_word' id='word_1_258' title='bbox 1556 1963 1654 2020; x_wconf 89' lang='grc' dir='ltr'><em>αλη-</em></span> 
     </span>
     <span class='ocr_line' id='line_1_34' title="bbox 268 2021 1650 2080; baseline -0.004 -11"><span class='ocrx_word' id='word_1_259' title='bbox 268 2027 345 2077; x_wconf 87' lang='grc' dir='ltr'><em>θες</em></span> <span class='ocrx_word' id='word_1_260' title='bbox 385 2025 702 2080; x_wconf 76' lang='grc' dir='ltr'><em>οἶσυλλογιστον</em></span> <span class='ocrx_word' id='word_1_261' title='bbox 740 2027 820 2080; x_wconf 77' lang='grc' dir='ltr'><em>ὴν,</em></span> <span class='ocrx_word' id='word_1_262' title='bbox 874 2025 1044 2078; x_wconf 85' lang='grc' dir='ltr'><em>ε’φασαν</em></span> <span class='ocrx_word' id='word_1_263' title='bbox 1083 2023 1126 2068; x_wconf 85' lang='grc' dir='ltr'><em>δ’</em></span> <span class='ocrx_word' id='word_1_264' title='bbox 1171 2027 1214 2066; x_wconf 77' lang='grc' dir='ltr'><em>οἱ</em></span> <span class='ocrx_word' id='word_1_265' title='bbox 1253 2041 1330 2078; x_wconf 86' lang='grc' dir='ltr'><em>μεν</em></span> <span class='ocrx_word' id='word_1_266' title='bbox 1363 2023 1408 2066; x_wconf 83' lang='grc' dir='ltr'><em>έν</em></span> <span class='ocrx_word' id='word_1_267' title='bbox 1438 2028 1528 2072; x_wconf 87' lang='grc' dir='ltr'><em>τοῖς</em></span> <span class='ocrx_word' id='word_1_268' title='bbox 1559 2021 1650 2064; x_wconf 78' lang='grc' dir='ltr'><em>ἄνω</em></span> 
     </span>
     <span class='ocr_line' id='line_1_35' title="bbox 267 2080 1651 2138; baseline -0.005 -12"><span class='ocrx_word' id='word_1_269' title='bbox 267 2082 416 2134; x_wconf 89' lang='grc' dir='ltr'><em>τόποις</em></span> <span class='ocrx_word' id='word_1_270' title='bbox 455 2082 773 2138; x_wconf 76' lang='grc' dir='ltr'><em>ἐγκεχωσμένην</em></span> <span class='ocrx_word' id='word_1_271' title='bbox 812 2082 1007 2136; x_wconf 77' lang='grc' dir='ltr'><em>διώρυγα</em></span> <span class='ocrx_word' id='word_1_272' title='bbox 1046 2081 1179 2124; x_wconf 78' lang='grc' dir='ltr'><em>πάλιν</em></span> <span class='ocrx_word' id='word_1_273' title='bbox 1216 2080 1546 2135; x_wconf 71' lang='grc' dir='ltr'><em>ἐκφραχθῆναι,</em></span> <span class='ocrx_word' id='word_1_274' title='bbox 1578 2080 1651 2121; x_wconf 86' lang='grc' dir='ltr'><em>καὶ</em></span> 
     </span>
     <span class='ocr_line' id='line_1_36' title="bbox 269 2135 1651 2197; baseline -0.004 -14"><span class='ocrx_word' id='word_1_275' title='bbox 269 2145 588 2197; x_wconf 84' lang='grc' dir='ltr'><em>συμμιχθεισαν</em></span> <span class='ocrx_word' id='word_1_276' title='bbox 633 2143 694 2197; x_wconf 78' lang='grc' dir='ltr'><em>τῷ</em></span> <span class='ocrx_word' id='word_1_277' title='bbox 742 2154 921 2196; x_wconf 84' lang='grc' dir='ltr'><em>ποταμω</em></span> <span class='ocrx_word' id='word_1_278' title='bbox 961 2138 1209 2195; x_wconf 86' lang='grc' dir='ltr'><em>βαθύτερον</em></span> <span class='ocrx_word' id='word_1_279' title='bbox 1247 2137 1529 2192; x_wconf 75' lang='grc' dir='ltr'><em>πεποιηκέναι</em></span> <span class='ocrx_word' id='word_1_280' title='bbox 1573 2135 1651 2179; x_wconf 88' lang='grc' dir='ltr'><em>τὸν</em></span> 
     </span>
    </p>
   </div>
   <div class='ocr_carea' id='block_1_3' title="bbox 264 2302 1652 2491">
    <p class='ocr_par' dir='ltr' id='par_1_3' title="bbox 264 2302 1652 2399">
     <span class='ocr_line' id='line_1_37' title="bbox 264 2302 1651 2365; baseline -0.004 -21"><span class='ocrx_word' id='word_1_281' title='bbox 264 2310 322 2344; x_wconf 80' lang='grc'><em>41.</em></span> <span class='ocrx_word' id='word_1_282' title='bbox 371 2322 439 2343; x_wconf 71' lang='grc' dir='ltr'><em>υπε</em></span> <span class='ocrx_word' id='word_1_283' title='bbox 443 2307 581 2354; x_wconf 82' lang='grc' dir='ltr'><em>ρβολήν</em></span> <span class='ocrx_word' id='word_1_284' title='bbox 613 2310 681 2354; x_wconf 78' lang='grc' dir='ltr'><em>τῆς</em></span> <span class='ocrx_word' id='word_1_285' title='bbox 703 2322 735 2343; x_wconf 84' lang='grc' dir='ltr'><em>τ.</em></span> <span class='ocrx_word' id='word_1_286' title='bbox 768 2305 804 2353; x_wconf 74' lang='grc' dir='ltr'><em>ἦ.</em></span> <span class='ocrx_word' id='word_1_287' title='bbox 834 2309 1069 2354; x_wconf 84' lang='grc' dir='ltr'><em>φιλοτιμίας]</em></span> <span class='ocrx_word' id='word_1_288' title='bbox 1103 2306 1405 2365; x_wconf 77' lang='grc' dir='ltr'><em>ύπερβαλλουσαν</em></span> <span class='ocrx_word' id='word_1_289' title='bbox 1428 2319 1463 2342; x_wconf 87' lang='grc' dir='ltr'><em>τ.</em></span> <span class='ocrx_word' id='word_1_290' title='bbox 1483 2302 1518 2351; x_wconf 75' lang='grc' dir='ltr'><em>ἦ.</em></span> <span class='ocrx_word' id='word_1_291' title='bbox 1545 2306 1651 2360; x_wconf 85' lang='grc' dir='ltr'><em>φιλο-</em></span> 
     </span>
     <span class='ocr_line' id='line_1_38' title="bbox 264 2344 1652 2413; baseline -0.004 -23"><span class='ocrx_word' id='word_1_292' title='bbox 264 2355 391 2413; x_wconf 83' lang='grc' dir='ltr'><em>τιμίαν</em></span> <span class='ocrx_word' id='word_1_293' title='bbox 417 2357 445 2389; x_wconf 87' lang='lat' dir='ltr'>F</span> <span class='ocrx_word' id='word_1_294' title='bbox 453 2356 494 2389; x_wconf 89' lang='lat' dir='ltr'>W</span> <span class='ocrx_word' id='word_1_295' title='bbox 681 2356 738 2390; x_wconf 81' lang='lat'><em>48.</em></span> <span class='ocrx_word' id='word_1_296' title='bbox 788 2354 1020 2412; x_wconf 76' lang='grc' dir='ltr'><em>οἷπειαντίον]</em></span> <span class='ocrx_word' id='word_1_297' title='bbox 1049 2354 1226 2390; x_wconf 77' lang='grc' dir='ltr'><em>ἀπέναντι</em></span> <span class='ocrx_word' id='word_1_298' title='bbox 1253 2356 1277 2385; x_wconf 78' lang='lat' dir='ltr'>V</span> <span class='ocrx_word' id='word_1_299' title='bbox 1285 2354 1327 2386; x_wconf 81' lang='lat' dir='ltr'>W</span> <span class='ocrx_word' id='word_1_300' title='bbox 1511 2350 1568 2385; x_wconf 78' lang='lat'><em>49,</em></span> <span class='ocrx_word' id='word_1_301' title='bbox 1613 2344 1652 2394; x_wconf 81' lang='grc' dir='ltr'><em>η]</em></span> 
     </span>
    </p>

    <p class='ocr_par' dir='ltr' id='par_1_4' title="bbox 265 2396 1650 2491">
     <span class='ocr_line' id='line_1_39' title="bbox 265 2396 1650 2447; baseline -0.004 -10.862"><span class='ocrx_word' id='word_1_302' title='bbox 265 2399 314 2447; x_wconf 80' lang='grc' dir='ltr'><em>ἣν</em></span> <span class='ocrx_word' id='word_1_303' title='bbox 339 2401 397 2434; x_wconf 74' lang='lat' dir='ltr'><em>lv</em></span> <span class='ocrx_word' id='word_1_304' title='bbox 583 2400 639 2436; x_wconf 83' lang='lat'><em>52.</em></span> <span class='ocrx_word' id='word_1_305' title='bbox 687 2399 852 2446; x_wconf 83' lang='grc' dir='ltr'><em>ταύτην]</em></span> <span class='ocrx_word' id='word_1_306' title='bbox 888 2399 1007 2446; x_wconf 70' lang='grc' dir='ltr'><em>αὐτὴν</em></span> <span class='ocrx_word' id='word_1_307' title='bbox 1031 2400 1212 2447; x_wconf 68' lang='lat' dir='ltr'><em>VW,t12&#39;v</em></span> <span class='ocrx_word' id='word_1_308' title='bbox 1238 2396 1353 2445; x_wconf 68' lang='grc' dir='ltr'><em>αύτὴν</em></span> <span class='ocrx_word' id='word_1_309' title='bbox 1378 2400 1408 2432; x_wconf 88' lang='grc' dir='ltr'>Γ</span> <span class='ocrx_word' id='word_1_310' title='bbox 1592 2396 1650 2431; x_wconf 77' lang='grc'><em>55.</em></span> 
     </span>
     <span class='ocr_line' id='line_1_40' title="bbox 265 2417 739 2491; baseline -0.004 -7"><span class='ocrx_word' id='word_1_311' title='bbox 265 2417 438 2491; x_wconf 78' lang='grc' dir='ltr'><em>ἐσάλευε]</em></span> <span class='ocrx_word' id='word_1_312' title='bbox 466 2446 634 2484; x_wconf 80' lang='grc' dir='ltr'><em>ἐσάλευσε</em></span> <span class='ocrx_word' id='word_1_313' title='bbox 655 2449 739 2482; x_wconf 77' lang='lat' dir='ltr'><strong>Bas.</strong></span> 
     </span>
    </p>
   </div>
   <div class='ocr_carea' id='block_1_4' title="bbox 356 2512 1650 2560">
    <p class='ocr_par' dir='ltr' id='par_1_5' title="bbox 356 2512 1650 2560">
     <span class='ocr_line' id='line_1_41' title="bbox 356 2512 1650 2560; baseline -0.005 -9.957"><span class='ocrx_word' id='word_1_314' title='bbox 356 2517 438 2552; x_wconf 59' lang='lat'>2831.</span> <span class='ocrx_word' id='word_1_315' title='bbox 476 2516 534 2552; x_wconf 60' lang='grc' dir='ltr'><em>οδ.</em></span> <span class='ocrx_word' id='word_1_316' title='bbox 585 2521 662 2560; x_wconf 81' lang='lat' dir='ltr'><strong>post</strong></span> <span class='ocrx_word' id='word_1_317' title='bbox 692 2515 894 2560; x_wconf 76' lang='grc' dir='ltr'><em>ἐλέφαντας</em></span> <span class='ocrx_word' id='word_1_318' title='bbox 917 2515 1031 2551; x_wconf 79' lang='lat' dir='ltr'><strong>delevi</strong></span> <span class='ocrx_word' id='word_1_319' title='bbox 1055 2516 1124 2550; x_wconf 81' lang='grc' dir='ltr'><em>τοῦ</em></span> <span class='ocrx_word' id='word_1_320' title='bbox 1147 2512 1558 2569; x_wconf 71' lang='lat' dir='ltr'><em>nntoe1e05,ucnvertit</em></span> <span class='ocrx_word' id='word_1_321' title='bbox 1583 2513 1650 2545; x_wconf 77' lang='lat' dir='ltr'><em>Ca-</em></span> 
     </span>
    </p>
   </div>
   <div class='ocr_carea' id='block_1_5' title="bbox 263 2562 1649 2708">
    <p class='ocr_par' dir='ltr' id='par_1_6' title="bbox 263 2562 1649 2699">
     <span class='ocr_line' id='line_1_42' title="bbox 263 2562 1605 2607; baseline -0.007 -8"><span class='ocrx_word' id='word_1_322' title='bbox 263 2563 377 2599; x_wconf 75' lang='lat' dir='ltr'><strong>stellio</strong></span> <span class='ocrx_word' id='word_1_323' title='bbox 561 2563 618 2599; x_wconf 72' lang='grc'><em>66.</em></span> <span class='ocrx_word' id='word_1_324' title='bbox 667 2562 1023 2607; x_wconf 80' lang='grc' dir='ltr'><em>καταπραϋνοῦντας</em></span> <span class='ocrx_word' id='word_1_325' title='bbox 1048 2562 1095 2605; x_wconf 78' lang='lat' dir='ltr'><em>F,</em></span> <span class='ocrx_word' id='word_1_326' title='bbox 1121 2575 1139 2594; x_wconf 75' lang='grc' dir='ltr'><em>ο</em></span> <span class='ocrx_word' id='word_1_327' title='bbox 1142 2562 1249 2595; x_wconf 62' lang='lat' dir='ltr'>aeteri</span> <span class='ocrx_word' id='word_1_328' title='bbox 1275 2573 1490 2602; x_wconf 60' lang='grc' dir='ltr'><em>κατιιπραυν</em></span> <span class='ocrx_word' id='word_1_329' title='bbox 1496 2570 1605 2596; x_wconf 80' lang='grc' dir='ltr'><em>οντας</em></span> 
     </span>
     <span class='ocr_line' id='line_1_43' title="bbox 358 2605 1649 2654; baseline -0.006 -12"><span class='ocrx_word' id='word_1_330' title='bbox 358 2609 415 2643; x_wconf 74' lang='grc'><em>68.</em></span> <span class='ocrx_word' id='word_1_331' title='bbox 465 2605 631 2652; x_wconf 63' lang='grc' dir='ltr'><em>ἐγίνετο]</em></span> <span class='ocrx_word' id='word_1_332' title='bbox 655 2609 801 2654; x_wconf 76' lang='grc' dir='ltr'><em>ἐγένετο</em></span> <span class='ocrx_word' id='word_1_333' title='bbox 820 2612 848 2644; x_wconf 88' lang='lat' dir='ltr'>l</span> <span class='ocrx_word' id='word_1_334' title='bbox 873 2610 955 2642; x_wconf 69' lang='lat' dir='ltr'><em>Bas.</em></span> <span class='ocrx_word' id='word_1_335' title='bbox 1142 2609 1199 2640; x_wconf 47' lang='lat'>632</span> <span class='ocrx_word' id='word_1_336' title='bbox 1248 2608 1321 2650; x_wconf 65' lang='grc' dir='ltr'><em>εις]</em></span> <span class='ocrx_word' id='word_1_337' title='bbox 1346 2620 1412 2641; x_wconf 70' lang='lat' dir='ltr'><em>ww</em></span> <span class='ocrx_word' id='word_1_338' title='bbox 1439 2618 1517 2648; x_wconf 77' lang='lat' dir='ltr'><em>pun«</em></span> <span class='ocrx_word' id='word_1_339' title='bbox 1510 2605 1572 2638; x_wconf 61' lang='lat' dir='ltr'><strong>«etis</strong></span> <span class='ocrx_word' id='word_1_340' title='bbox 1593 2614 1649 2635; x_wconf 79' lang='lat' dir='ltr'><em>su-</em></span> 
     </span>
     <span class='ocr_line' id='line_1_44' title="bbox 267 2648 1649 2708; baseline -0.003 -20"><span class='ocrx_word' id='word_1_341' title='bbox 267 2667 330 2699; x_wconf 74' lang='lat' dir='ltr'><em>pra</em></span> <span class='ocrx_word' id='word_1_342' title='bbox 353 2667 413 2699; x_wconf 56' lang='lat' dir='ltr'><em>pos,</em></span> <span class='ocrx_word' id='word_1_343' title='bbox 399 2655 471 2688; x_wconf 60' lang='lat' dir='ltr'><em>‚sitis</em></span> <span class='ocrx_word' id='word_1_344' title='bbox 494 2656 590 2688; x_wconf 79' lang='lat' dir='ltr'>addit</span> <span class='ocrx_word' id='word_1_345' title='bbox 613 2657 643 2689; x_wconf 66' lang='lat'><em>1⁴*</em></span> <span class='ocrx_word' id='word_1_346' title='bbox 827 2652 1088 2708; x_wconf 79' lang='grc' dir='ltr'><em>περιέπιπτον]</em></span> <span class='ocrx_word' id='word_1_347' title='bbox 1122 2655 1373 2699; x_wconf 76' lang='grc' dir='ltr'><em>περιεγίνοντο</em></span> <span class='ocrx_word' id='word_1_348' title='bbox 1399 2653 1488 2696; x_wconf 62' lang='lat' dir='ltr'><em>fflQx</em></span> <span class='ocrx_word' id='word_1_349' title='bbox 1495 2652 1557 2691; x_wconf 82' lang='lat' dir='ltr'><em>W,</em></span> <span class='ocrx_word' id='word_1_350' title='bbox 1590 2648 1649 2691; x_wconf 79' lang='lat' dir='ltr'><em>qui</em></span> 
     </span>
    </p>
   </div>
   <div class='ocr_carea' id='block_1_6' title="bbox 269 2693 1649 2794">
    <p class='ocr_par' dir='ltr' id='par_1_7' title="bbox 269 2693 1649 2794">
     <span class='ocr_line' id='line_1_45' title="bbox 269 2693 1649 2744; baseline -0.002 -10"><span class='ocrx_word' id='word_1_351' title='bbox 269 2714 328 2734; x_wconf 85' lang='lat' dir='ltr'><em>vo</em></span> <span class='ocrx_word' id='word_1_352' title='bbox 319 2703 455 2735; x_wconf 80' lang='lat' dir='ltr'><strong>&#39;uerunt</strong></span> <span class='ocrx_word' id='word_1_353' title='bbox 477 2705 718 2744; x_wconf 79' lang='grc' dir='ltr'><em>παρεγίνοντο</em></span> <span class='ocrx_word' id='word_1_354' title='bbox 903 2701 961 2735; x_wconf 72' lang='lat'><em>72.</em></span> <span class='ocrx_word' id='word_1_355' title='bbox 1004 2698 1132 2744; x_wconf 76' lang='grc' dir='ltr'><em>τόποις</em></span> <span class='ocrx_word' id='word_1_356' title='bbox 1155 2713 1223 2737; x_wconf 85' lang='lat' dir='ltr'><em>om.</em></span> <span class='ocrx_word' id='word_1_357' title='bbox 1249 2701 1332 2735; x_wconf 70' lang='lat' dir='ltr'><em>Bas,</em></span> <span class='ocrx_word' id='word_1_358' title='bbox 1516 2693 1649 2740; x_wconf 60' lang='lat' dir='ltr'><em>&amp;andov-</em></span> 
     </span>
     <span class='ocr_line' id='line_1_46' title="bbox 269 2746 580 2794; baseline 0.003 -13"><span class='ocrx_word' id='word_1_359' title='bbox 269 2748 338 2794; x_wconf 70' lang='grc' dir='ltr'><em>γα]</em></span> <span class='ocrx_word' id='word_1_360' title='bbox 361 2746 526 2792; x_wconf 77' lang='grc' dir='ltr'><em>διώρυχα</em></span> <span class='ocrx_word' id='word_1_361' title='bbox 551 2749 580 2782; x_wconf 80' lang='lat' dir='ltr'>F</span> 
     </span>
    </p>
   </div>
  </div>
 </body>
</html>
