1820 3249
501 142 756 187 LIB,XV1.
799 141 930 185 GAP.
955 145 1024 186 65·
1337 146 1447 188 1101

87 258 228 304 θόλου
264 257 424 308 πάσαις
456 259 550 307 ταῖς
587 253 757 310 ἀρεταῖς
791 254 1121 312 κεκοσμημένον
1177 255 1294 299 ἰ’διον
1331 255 1384 326 δέ,
1404 272 1445 300 τι
1473 260 1529 306 95

89 316 250 371 συνέβη
275 315 374 370 περὶ
400 312 478 356 τόν
506 312 647 366 ἄνδρα
675 318 929 367 συμπεσεῖν,
976 312 1003 355 6
1040 311 1299 367 συνελείβετο
1331 330 1369 355 α
1375 312 1450 384 ’ντςὸ

88 373 198 425 πρὸς
232 388 312 442 την
348 374 424 440 τῆς
463 370 717 424 στρατηγίας
757 371 932 424 αἵ.ρεσιν
1004 368 1260 424 Τιμοφάνης
1297 369 1377 425 γάρ
1422 369 1448 413 6

89 428 276 483 ἀδελφὸς
312 424 446 470 αὐτοῦ
483 425 680 488 προέχων
707 442 795 468 των
823 427 1076 480 Κορινθίων
1103 426 1277 480 πλούτῳ
1306 442 1350 468 τε
1377 427 1450 469 καὶ

87 484 245 541 τόλμη,
295 483 429 526 πάλαι
451 482 544 554 μὲν
580 487 635 538 ἠν
674 482 863 536 φανερὸς
890 484 1149 536 τυραννίδος
1179 480 1449 536 ὀρεγόμενος,

85 541 182 584 τότε
212 540 258 584 δὲ
294 539 399 590 τούς
437 537 647 611 ἀπόρους
659 537 980 595 ἀναλαμβάνων
1006 539 1080 582 καὶ
1108 539 1350 589 πανοπλίας
1376 555 1449 581 κα-
1482 547 1560 587 100

85 595 446 665 τασκευαζόμενος
473 597 547 639 καὶ
573 595 677 647 τούς
704 596 1030 666 πονηροτάτους
1061 595 1169 651 ἔχων
1206 592 1311 649 μεθ’
1353 593 1449 637 ἑαυ-

84 670 164 697 του
202 653 311 696 κατὰ
349 668 428 708 την
464 651 630 708 ἀγοραν
657 653 843 709 περιῄει,
889 650 943 696 οὐ
962 652 1352 723 προςποιούμενος
1383 651 1451 694 ὅτι

12 723 75 758 133
85 707 298 763 τύραννός
315 709 414 762 ἐστι,
443 709 496 752 τὰ
515 709 560 752 δὲ
578 712 653 764 τῆς
670 709 960 763 τυραννίδος’
947 708 1050 765 ε’ργα
1071 706 1450 763 διαπραττόμενος

84 766 109 811 ὁ
147 766 192 809 δὲ
232 766 454 837 Τιμολέων
488 764 830 818 ἀλλοτριωτατος
869 765 932 809 ὠν
969 767 1228 835 μοναρχίας,
1280 764 1329 808 τὸ
1369 780 1448 820 μεν
1479 772 1505 814 5

82 827 261 876 πρῶτον
299 822 504 892 ἐπεχείρει
542 825 711 866 πείθειν
744 825 821 866 τὸν
856 822 1049 894 ἀδελφὸν
1088 821 1332 877 ἀποστῆναι
1370 825 1449 877 τῆς

82 879 306 936 ἐπιβολῆς·
337 879 395 930 ὡς
424 878 468 923 δ’
499 879 579 934 οὐχ
606 878 847 950 υπήκουεν,
871 877 962 922 ἀλλ’
995 879 1060 923 ἀεὶ
1079 880 1150 923 καὶ
1173 882 1339 948 μᾶλλον
1360 878 1451 921 ἐπε-

82 939 240 980 τείνετο
268 940 321 991 τῇ
347 936 506 992 τόλμῃ,
535 936 764 980 ἀδυνατῶν
794 935 928 979 αὑτὸν
954 937 1067 996 λόγῳ
1098 934 1449 989 διορθώσασθαι,

81 996 332 1047 περιπατῶν
359 994 469 1036 κατοὲ
498 992 577 1048 τὴν
605 990 770 1049 ἀγορὰν
799 992 1032 1062 ἀπέσφαξε
1089 992 1292 1047 θορύβου
1313 991 1359 1035 δὲ
1383 1007 1450 1046 γε-

81 1049 287 1104 νομένου,
316 1050 390 1092 καὶ
417 1065 505 1092 των
532 1054 720 1092 πολιτῶν
749 1049 1090 1104 συνδραμόντων
1120 1048 1192 1092 διά
1219 1066 1263 1092 τε
1292 1047 1341 1091 τό
1370 1064 1448 1091 ποι-
1480 1059 1533 1099 10

81 1105 268 1160 ράδοξον
296 1106 370 1149 καὶ
374 1122 477 1178 την
506 1107 729 1175 δεινότητα
756 1110 832 1161 τῆς
860 1106 1064 1159 πράξεως,
1094 1105 1241 1156 στάσις
1268 1105 1447 1174 ἐγένετο.

81 1164 125 1205 οἱ
154 1179 232 1217 μεν
258 1161 342 1218 γὰρ
371 1161 540 1218 ε’φασαν
576 1164 666 1206 δεῖν
695 1179 754 1213 ως
783 1162 997 1235 ἐμφύλιον
1028 1161 1172 1233 φόνον
1200 1161 1450 1217 πεπραχότα

79 1219 157 1262 τὸν
190 1219 450 1286 Τιμολέοντα
483 1219 710 1290 τυγχάνειν
746 1223 823 1276 τῆς
860 1219 908 1263 ἐκ
935 1237 1024 1263 των
1051 1218 1202 1275 νόμων
1226 1221 1448 1288 τιμωρίας,

81 1278 125 1319 οἱ
160 1276 206 1319 δὲ
241 1273 503 1320 τούναντίον
539 1274 836 1330 ἀπεφαίνοντο
864 1277 1067 1320 ἐπαινεῖν
1104 1277 1180 1320 τὸν
1222 1274 1361 1330 ἄνδρα
1392 1274 1449 1325 ὡς

80 1332 444 1387 τυραννοκτόνον.
505 1337 580 1389 τῆς
609 1333 655 1377 δὲ
682 1334 911 1389 γερουσίας
940 1332 1286 1403 συνεδρευούσης
1316 1333 1362 1375 ἐν
1385 1349 1445 1391 τῳ
1479 1339 1531 1382 15

82 1391 394 1461 βουλευτηρίῳ,
441 1390 516 1433 καὶ
553 1393 627 1445 τῆς
662 1390 761 1446 περὶ
797 1392 876 1446 τὴν
904 1392 1060 1444 πρᾶξιν
1090 1377 1446 1461 ἀμφιςβητήσεως

80 1445 149 1488 ἐπὶ
177 1446 226 1489 τό
257 1433 487 1500 συνέδριον
515 1444 884 1516 ἀναπεμφθείσης,
916 1450 960 1491 οἱ
987 1448 1066 1502 μὲν
1096 1447 1246 1502 έχθροι
1268 1450 1350 1489 τοῦ
1377 1450 1447 1489 Τι-

79 1502 314 1570 μολέοντος
340 1502 650 1572 κατηγόρουν,
658 1505 700 1546 οἱ
730 1503 775 1546 δὲ
803 1503 1068 1575 χαριέστεροι
1098 1507 1448 1574 συνηγοροῦντες

81 1556 401 1628 συνεβούλευον
429 1558 578 1612 σώζειν
605 1558 681 1603 τὸν
710 1558 862 1615 ἄνδρα.
911 1558 1089 1614 ἀκρίτου
1113 1559 1153 1603 δ’
1185 1561 1246 1602 ἔτι
1274 1564 1349 1614 τῆς
1381 1564 1448 1613 ζη-
1477 1577 1533 1615 20

79 1614 238 1669 τήσεως
266 1614 398 1671 οὔσης
425 1616 718 1659 κατέπλευσαν
745 1616 791 1659 ἐκ
823 1633 912 1658 των
940 1620 1248 1670 Συρακουσῶν
1277 1618 1320 1659 οἱ
1350 1616 1449 1670 πρέ-

75 1674 225 1725 σβεις,
264 1672 338 1714 καὶ
366 1674 420 1728 τῇ
448 1674 652 1730 γερουσία
686 1672 764 1724 τάς
793 1672 970 1724 ἐντολὰς
1000 1672 1269 1742 δηλώσαντες
1297 1671 1453 1743 ηἳξίουν

79 1745 158 1783 την
186 1729 386 1799 ταχίστην
416 1727 665 1772 ἀποστεῖλαι
692 1728 769 1772 τὸν
791 1729 1053 1798 στρατηγόν.
1115 1730 1258 1781 ε’δοξεν
1278 1731 1360 1772 οὐν
1389 1731 1452 1772 τῶ

80 1786 309 1855 συνεδρίῳ
320 1783 502 1840 πέμπειν
538 1785 616 1829 τόν
649 1784 928 1842 Τιμολέοντα,
979 1787 1052 1829 καὶ
1081 1785 1190 1838 πρὸς
1219 1785 1266 1829 τὸ
1296 1802 1450 1840 κατορ-

79 1845 224 1884 θῶσαι
258 1840 339 1898 τήν
375 1842 531 1896 πρᾶξιν
563 1841 686 1893 ξένας
713 1843 832 1893 τινὰς
860 1843 933 1885 καὶ
960 1843 1234 1897 παραδόξους
1265 1842 1448 1895 αἱρέσεις
1477 1858 1532 1899 25

80 1896 200 1956 αὐτῷ
228 1899 493 1953 προέθηκαν
553 1898 912 1956 διεβεβαιιόσαντο
940 1898 1047 1954 γάρ,
1092 1899 1168 1942 έάν
1195 1899 1274 1955 μὲν
1304 1904 1447 1950 καλῶς

79 1942 189 2025 α’ρξῃ
226 1958 313 1998 τῶν
349 1957 662 2009 Συρακοσίων,
701 1958 869 2010 κρίνειν
906 1956 1040 1999 αυτὸν
1076 1956 1445 2010 τυραννοκτόνον,

76 2010 155 2054 έάν
184 2012 230 2055 δὲ
257 2012 692 2082 πλεονεκτικώτερον,
739 2011 935 2069 ἀδελφοῦ
964 2012 1113 2068 φονέα.
1175 2012 1198 2056 ὁ
1230 2013 1277 2057 δὲ
1310 2017 1446 2068 Τιμο-

75 2067 186 2110 λέων
215 2068 297 2124 οὐχ
326 2067 442 2112 οὕτω
472 2069 543 2112 διοὶ
573 2069 650 2112 τὸν
680 2068 1050 2139 ἐπικρεμασθέντα
1079 2069 1223 2139 φόβον
1254 2069 1340 2113 ὑπό
1371 2073 1447 2126 τῆς

74 2126 306 2179 γερουσίας
344 2142 403 2176 ως
442 2124 513 2168 διά
552 2142 634 2195 την
670 2123 829 2181 ἀρετὴν
865 2131 1007 2177 καλῶς
1035 2128 1106 2169 καὶ
1136 2127 1379 2182 συμφερόνῖ
1388 2144 1446 2178 ως
1473 2144 1528 2184 30

76 2180 271 2251 προέστη
287 2185 376 2224 τῶν
403 2181 513 2225 κατὰ
540 2182 620 2238 τὴν
649 2186 854 2226 Σικελίαν
883 2183 1161 2238 πραγμάτων.
1224 2187 1442 2253 Καρχηδο-

76 2239 202 2289 νίους
227 2237 305 2293 μὲν
335 2255 418 2293 γαρ
446 2239 772 2310 κατεπολέμησε,
801 2239 876 2290 τάς
906 2241 950 2283 δὲ
980 2241 1330 2295 κατεσκαμμένας
1358 2239 1446 2284 υπὸ

76 2297 166 2336 τῶν
197 2294 432 2366 βαρβάρων
455 2293 705 2366 Ἑλληνίδας
741 2294 887 2347 πόλεις
917 2295 1253 2366 ἀποκατέστησε,
1300 2301 1447 2340 πᾶσαν

78 2349 127 2392 δὲ
156 2353 358 2394 Σικελίαν
394 2349 686 2423 ηλευθέρωσε,
736 2353 933 2397 καθόλου
972 2353 1018 2396 δὲ
1046 2352 1122 2403 τὰς
1151 2353 1444 2409 Συρακουσας
1475 2369 1529 2411 35

78 2406 152 2449 καὶ
185 2408 262 2458 τοὶς
293 2405 541 2465 Ελληνίδας
577 2408 722 2461 πόλεις
759 2409 1029 2466 παραλαβών
1057 2410 1246 2467 ἐρημους
1273 2411 1448 2469 ἐποίησε

167 2551 337 2587 13314.
379 2553 653 2599 τυραννοκτόνοι
674 2556 758 2590 Bas.
942 2557 998 2592 16.
1040 2559 1104 2603 τῆς
1126 2557 1232 2603 περὶ]
1259 2557 1343 2602 περὶ
1366 2559 1447 2594 Bas.

274 2598 332 2634 20.
379 2603 649 2648 Συρακουσίων
682 2604 765 2637 Bas.
969 2603 1026 2638 27.
1072 2605 1446 2650 πλεονεκτικώτερον]

74 2690 336 2732 πλεονεκτικῶς
356 2691 390 2726 Y
545 2693 603 2728 30.
650 2706 726 2729 των
749 2646 821 2739 {gg
837 2662 996 2736 σικελιῖγις
1019 2699 1052 2730 et
1075 2695 1111 2729 in
1133 2708 1248 2742 marg.
1273 2709 1328 2743 γρ.
1351 2692 1445 2730 nocto?

73 2735 143 2781 τήν
165 2738 196 2770 F
377 2736 435 2772 32.
480 2741 796 2796 κατεσκαμμένας]
822 2742 1162 2787 κατασκευασμένας
1184 2744 1288 2778 Bas..
1323 2744 1445 2777 eadem

72 2794 145 2820 om.
168 2780 438 2829 ἀποκατέστησε
460 2804 506 2811 ——
527 2785 586 2823 35.
609 2785 733 2830 πόλεις
