1820 3249
286 99 397 140 1416
651 96 769 136 1218.
797 96 903 137 XIX.
963 96 1095 137 CAP.
1124 99 1194 138 75.
1224 99 1292 138 76.

285 222 366 262 την
381 205 469 277 τὴν
492 205 620 250 πόλιν
637 206 758 276 πλὴν
773 210 850 263 τῆς
869 206 1021 261 ἄκρας·
1054 206 1215 264 ταύτην
1239 206 1285 250 δε
1305 207 1658 262 περιχαρακώσας

284 260 391 307 καθ’
426 262 451 307 ὃ
473 262 601 318 μέρος
625 260 682 318 ἦν
708 263 1028 335 προςμάχεσθαι
1056 269 1245 319 συνεχεῖς
1271 263 1514 319 προςβολας
1536 264 1659 307 ἐποι-

206 334 260 377 25
290 325 390 362 εῖτο.
431 319 500 363 ἐπὶ
519 322 564 363 δὲ
582 319 660 375 τὴν
668 319 815 363 Ἴασον
837 321 964 364 πόλιν
982 320 1241 375 ἐκπεμφθεὶς
1264 324 1532 391 Πτολεμαῖος
1555 319 1660 374 μετὰ

292 375 561 433 δυνάμεως
545 379 695 431 ικανῆς
711 375 930 445 ᾐνάγκασε
955 377 1226 435 προςθέσθαι
1247 382 1339 428 τοῖς
1361 377 1459 445 περὶ
1474 375 1658 431 Ἀντίγο-

290 449 386 476 νον.
428 434 556 476 αὑται
574 432 653 504 μὲν
676 438 758 476 οὐν
777 437 852 489 τῆς
871 436 1038 486 Καρίας
1066 436 1194 477 οὐσαι
1211 438 1371 477 τοῦτον
1393 433 1471 476 τὸν
1498 433 1659 485 τρόπον

290 489 568 560 υπετάγησαν
593 488 836 548 Ἀντιγόνῳ.
876 489 974 560 μετ’
999 489 1147 545 ὀλίγας
1178 488 1220 534 δ’
1247 489 1410 562 ἡμέρας
1438 488 1660 532 ἐλθόντων

208 563 262 603 30
293 545 402 598 πρός
425 544 561 589 αὐτὸν
580 550 856 602 πρεσβευτῶν
874 545 974 599 παρ’
992 548 1198 589 Αἰτωλῶν
1218 548 1290 589 καὶ
1309 550 1532 597 Βοιωτῶν,
1550 545 1661 600 πρὸς

292 619 370 655 μεν
381 601 566 653 τούτους
581 605 825 673 συμμαχίαν
843 603 1071 646 συνέθ·ετο
1093 606 1155 645 τῶ
1168 603 1213 646 δὲ
1225 603 1498 671 Κασσάνδρῳ
1512 607 1661 645 συνελ-

287 658 386 701 θών
407 660 467 709 εἰς
486 658 644 715 λόγους
662 659 770 714 ὑπὲρ
792 661 961 715 εἰρήνης
981 659 1080 711 περὶ
1099 660 1177 701 τόν
1193 658 1505 728 Ελλήςποντον
1530 657 1661 714 ἀπῆλ-

286 721 368 758 θεν
389 714 621 768 α’πρακτος,
652 715 707 760 οὐ
738 717 993 770 δυναμένων
1021 714 1168 783 αὐτῶν
1198 715 1400 782 οὐδαμῶς
1429 719 1661 786 συμφωνῆ-

205 785 259 827 35
291 784 375 814 σαι.
405 772 556 827 διόπερ
579 772 603 815 ὁ
626 757 915 825 Κάσσανδρος
932 771 1151 826 ἀπογνοὺς
1170 771 1246 823 τὰς
1266 772 1484 822 διαλύσεις
1504 772 1659 826 διέγνω

288 833 377 871 τῶν
421 828 531 871 κατά
571 827 650 888 τὴν
686 828 870 872 Ἑλλάδα
913 827 1180 884 πραγμάτων
1215 827 1348 871 πάλιν
1393 827 1660 883 ἀντέχεσθαι.

287 883 522 938 ἀναζεύξας
553 890 637 927 οῦν
664 888 766 941 μετα
787 883 1023 939 τριάκοντα
1052 889 1164 928 νεῶν
1195 886 1254 935 εἰς
1281 883 1439 937 Ὠρεόν
1469 884 1663 938 ἐπολιόρ-

286 957 352 984 κει
384 940 462 996 τὴν
490 941 631 984 πόλιν.
691 942 875 995 ἐνεργῶς
904 940 950 985 δ’
982 940 1122 985 αὐτοῦ
1150 946 1242 992 ταῖς
1270 945 1532 1009 προςβολαῖς
1557 957 1663 997 χρω-

285 997 446 1053 μένου,
487 998 561 1040 καὶ
589 1001 671 1041 τοῦ
698 1001 965 1052 πολίσματος
1000 997 1084 1067 ἤδη
1113 1014 1221 1041 κατα
1251 997 1412 1052 κράτος
1438 997 1662 1052 ἁλισκομέ-

205 1070 259 1112 40
289 1070 396 1104 νου,
437 1056 694 1109 παρεγένετο
737 1055 973 1124 βοηθήσων
1008 1061 1102 1105 τοῖς
1138 1053 1352 1127 Ὠρείταις
1393 1053 1662 1110 Τελεσφόρος

288 1113 366 1165 μὲν
395 1110 442 1154 ἐκ
472 1111 816 1165 Πελοποννήσου
845 1111 952 1184 μετὰ
979 1115 1092 1154 νεῶν
1120 1112 1257 1154 εἴκοσι
1285 1112 1356 1154 καὶ
1388 1115 1664 1179 στρατιωτῶν

287 1168 450 1237 χιλίων,
481 1167 657 1223 Μήδιος
687 1167 735 1210 δ’
764 1168 812 1211 ἐκ
840 1172 915 1222 τῆς
939 1167 1080 1218 Ἀσίας
1105 1167 1213 1223 ἔχων
1242 1171 1352 1219 ναῦς
1380 1165 1548 1211 ἑκατόν.
1589 1169 1663 1211 οὑ-

287 1239 357 1266 τοι
388 1221 430 1266 δ’
461 1222 650 1277 ὁρῶντες
679 1223 957 1294 ἐφορμούσας
991 1228 1054 1295 τῷ
1083 1224 1222 1279 λιμένι
1250 1241 1326 1273 τας
1353 1228 1434 1266 τοῦ
1464 1225 1663 1267 Κασσάν-

205 1292 258 1336 45
289 1281 400 1350 δρου
429 1285 561 1331 ναῦς,
600 1284 690 1334 πῦρ
719 1280 901 1336 ἐνῆκαν,
930 1281 1004 1323 καὶ
1031 1280 1236 1333 τέτταρας
1264 1280 1342 1336 μὲν
1376 1279 1662 1333 κατέκαυσαι,

286 1333 400 1389 παρ’
431 1336 581 1392 ὀλίγον
611 1337 657 1381 δὲ
685 1337 758 1380 καὶ
786 1338 926 1387 πάσας
957 1337 1236 1391 διέφθειραν·
1271 1341 1361 1386 τοῖς
1392 1334 1434 1380 δ’
1467 1337 1663 1380 ἐλαττου-

288 1393 437 1447 μένοις
466 1393 820 1461 παραγενομένης
857 1395 1066 1449 βοηθείας
1102 1393 1144 1445 ἐξ
1168 1392 1370 1449 Ἀθηνῶν
1397 1391 1663 1437 ἐπέπλευσαν

288 1451 332 1492 οἱ
357 1449 455 1502 περὶ
485 1449 775 1502 Κάσσανδρον
804 1453 1135 1505 καταφρονοῦσι
1163 1455 1253 1500 τοῖς
1281 1452 1512 1506 πολεμίοις.
1559 1462 1664 1520 συμ-

287 1505 495 1560 βαλόντες
535 1503 577 1548 δ’
619 1504 769 1557 αὐτοῖς
804 1508 910 1576 μίαν
946 1507 1024 1561 μὲν
1061 1506 1327 1558 κατέδυσαν,
1365 1512 1479 1560 τρεῖς
1510 1506 1553 1550 δ’
1586 1505 1662 1549 αὐ-

205 1576 257 1620 50
287 1562 503 1630 τάνδρους
532 1562 706 1633 ε’λαβον
759 1564 834 1606 καὶ
862 1579 914 1605 τα
945 1579 1025 1634 μεν
1053 1564 1302 1621 πραχθέντα
1342 1563 1440 1618 περὶ
1469 1579 1549 1620 την
1573 1563 1660 1607 Ἑλ-

286 1617 398 1662 λάδα
427 1619 500 1661 καὶ
529 1618 608 1662 τὸν
637 1618 811 1663 Πόντον
841 1617 1013 1662 τοιαῦτ’
1044 1622 1111 1676 ἡν.

202 1691 258 1732 76
396 1674 523 1718 Κατὰ
563 1676 609 1719 δε
646 1675 726 1732 τὴν
753 1674 940 1719 Ἰταλίαν
979 1680 1197 1731 Σαμνῖται
1236 1675 1314 1747 μὲν
1348 1675 1452 1731 μετά
1496 1678 1737 1745 πολλῆς378

286 1730 510 1802 δυνάμεως
537 1731 723 1788 ἐπῃεσαν
751 1737 1024 1787 πορθοῦντες
1052 1736 1140 1775 τῶν
1162 1731 1261 1775 κατ’
1285 1731 1468 1775 Ἰταλίαν
1491 1731 1660 1776 πόλεων

202 1804 256 1847 55
287 1787 388 1831 ὅσαι
424 1793 513 1839 τοῖς
553 1789 766 1840 ἐναντίοις
800 1791 1168 1844 συνηγωνίζοντο·
1215 1790 1258 1832 οἱ
1298 1788 1340 1832 δ’
1375 1788 1536 1832 ὕπατοι
1572 1793 1661 1831 τῶν

280 1843 504 1900 Ῥωμαίων
533 1846 638 1901 μετὰ
666 1845 962 1916 στρατοπέδου
981 1844 1330 1914 παραγενόμενοι
1358 1849 1661 1915 παραβοηθεῖν

289 1902 518 1955 ἐπειρῶντο
547 1907 639 1954 τοῖς
669 1901 977 1946 κινδυνεύουσι
1013 1906 1102 1946 τῶν
1130 1901 1375 1957 συμμάχων.
1435 1902 1663 1957 άντεστρα-

287 1957 606 2004 τοπεδεύσαντο
644 1958 691 2003 δὲ
718 1964 810 2012 τοῖς
837 1961 1056 2015 πολεμίοις
1084 1959 1185 2014 περὶ
1213 1961 1381 2003 Κίνναν
1409 1958 1556 2012 πόλιν,
1586 1959 1660 2003 καὶ

282 2138 339 2174 25.
379 2135 524 2185 Ἴασον]
549 2138 721 2174 ’Ῑασόνων
743 2139 831 2180 vw,
857 2140 930 2174 τῶν
950 2135 1123 2175 Ἰασόνων
1146 2140 1178 2174 Ε
1371 2138 1428 2172 26.
1475 2136 1522 2183 ἦν
1525 2137 1659 2194 α’)κασε

282 2186 553 2231 XVesselingius:
583 2186 664 2219 fibri
687 2184 904 2241 ἠναγκάσθη
1089 2185 1147 2221 ’8.
1193 2181 1424 2231 ὑπετάγησαν
1448 2189 1527 2228 post
1551 2181 1660 2220 οὖσαι

282 2232 380 2276 ponit
402 2233 432 2265 F
615 2232 672 2265 31.
728 2231 926 2276 συνέθετο]
962 2230 1160 2266 συιέθεντο
1188 2232 1271 2265 Bas.
1455 2231 1659 2276 συνελθιὸν]

282 2277 526 2316 συνειςελθων
549 2278 627 2311 FW
765 2277 822 2313 35.
869 2276 1098 2332 πραγμάτων
1118 2276 1251 2320 πάλιν]
1287 2277 1425 2310 inv-enit
1449 2278 1478 2309 F

280 2323 339 2358 37.
385 2321 533 2368 Ωρεὸν]
563 2322 714 2367 Ὠραιὸν
737 2325 820 2358 Bas.
982 2324 1038 2358 2⁸10.
1089 2321 1264 2366 Ὠρείταις
1288 2324 1330 2364 Ε,
1355 2323 1480 2356 caeteri
1503 2319 1660 2366 Ὠρίταις

465 2370 521 2405 43.
570 2368 829 2414 ἐφορμούσας]
851 2369 1074 2427 ἐφορμούσας
1099 2372 1181 2404 Bas.
1366 2369 1422 2401 Η.
1471 2369 1656 2414 τέτταρας]

281 2414 365 2448 libri
388 2415 566 2456 τέσσαρας
765 2416 821 2450 47.
869 2415 1113 2461 ἐπέπλευσαν]
1155 2414 1331 2450 ἔπλευσαν
1364 2415 1504 2457 F'wa

281 2463 560 2505 καταφρονοῦσι
579 2464 657 2502 τοῖς
671 2463 870 2506 πολεμίοις]
894 2463 1220 2518 καταφρονοῦντες
1239 2462 1311 2494 τῶν
1325 2460 1658 2506 πολεμίωνΕῼνΨ

463 2507 521 2541 48.
569 2507 812 2553 συμβαλόντες
837 2507 878 2543 δ’
904 2506 1058 2552 αὐτοῖς]
1103 2507 1165 2542 καὶ
1189 2508 1299 2550 QVW
1319 2508 1399 2541 Bas.
1600 2506 1658 2542 50.

281 2550 377 2596 περὶ]
403 2552 498 2587 κατά
521 2553 597 2586 Fw
756 2554 823 2589 τὸν
848 2554 995 2590 Πόντον
1020 2556 1050 2589 F
1053 2555 1117 2597 W
1153 2553 1282 2588 caeteri
1307 2552 1454 2589 Πόντον

281 2596 429 2633 τοιαῦτ’
452 2600 492 2638 F.
516 2602 642 2633 caeteri
666 2602 824 2635 τοιαῦτα

373 2645 453 2681 378.
476 2644 534 2678 53.
569 2658 636 2679 κατ
644 2644 676 2688 ’]
710 2645 804 2681 naz-o}
827 2643 893 2688 τὴν
916 2646 947 2679 F
1131 2643 1188 2678 57.
1235 2641 1657 2688 ἀντεστρατοπεδεύσαν-

283 2691 350 2734 το]
379 2687 834 2734 άντιστρατοπεδεύσαντες
856 2692 933 2727 Fw
1118 2692 1282 2736 Κίνναν]
1311 2693 1431 2727 Κίναν
1454 2691 1484 2725 Ε

282 2736 337 2769 58,
363 2737 425 2772 καὶ
448 2749 517 2772 om.
542 2739 584 2771 W
