1820 3249
551 158 674 199 121ss.
704 157 793 199 XX.
852 157 980 200 CAP.
1009 161 1075 200 60.
1392 158 1505 199 1513

124 271 243 325 μίοις
278 269 374 315 τότε
409 268 540 313 πάλιν
567 268 868 326 θαρρήσαντες
897 267 1128 324 ἀνέτρεχον
1157 269 1218 319 εἰς
1256 267 1337 325 τήν
1368 270 1504 323 προϋ-

121 327 375 398 πάρχουσαν
403 327 570 398 φιλίαν.

232 383 282 427 Ο
322 382 364 427 δ’
403 381 670 438 Ἀρχάγαθος
709 380 830 436 ὁρῶν
868 380 1176 450 διειλημμένην
1207 379 1382 423 ἅπασαν
1420 379 1502 435 τήν
1529 387 1585 425 60

124 438 297 496 Λιβύην
331 441 555 494 πολεμίοις
591 438 920 493 στρατοπέδοις,
960 438 1033 482 καὶ
1075 436 1204 488 αὐτὸς
1252 438 1380 480 διεῖλε
1420 436 1502 492 τήν

124 497 338 553 δύναμιν·
373 497 445 540 καὶ
481 495 614 565 μέρος
642 495 721 551 μὲν
749 494 982 564 ἐξέπεμψεν
1021 496 1083 544 εἰς
1115 494 1195 548 τὴν
1223 495 1501 548 παραθαλάτ-
1530 503 1585 540 70

123 564 243 606 τιον,
271 556 377 608 τῆς
400 550 443 595 δ’
473 551 605 611 ἄλλης
645 555 850 605 στρατιᾶς
891 550 946 619 ἣν
985 551 1063 606 μὲν
1090 551 1330 605 Αἰσχρίωνι
1359 561 1502 603 παρα-

124 585 243 660 δούς
267 608 521 663 ἐξέπεμψεν,
567 612 620 664 ῆς
667 608 709 652 δ’
752 607 883 658 αὐτὸς
921 606 1090 663 ἡγεῖτο,
1132 606 1381 650 καταλιπων
1424 606 1503 663 τὴν

125 664 280 734 ἷκανήν
319 665 523 736 φυλακὴν
560 665 629 708 ἐπὶ
665 668 747 708 τοῦ
781 664 984 720 Τύνητος.
1043 662 1269 706 τοσούτων
1300 664 1347 706 δὲ
1378 675 1502 716 στρα-

121 720 316 765 τοπέδων
345 721 415 765 ἐπὶ
443 726 519 776 τῆς
549 721 693 777 χώρας
722 737 919 790 πανταχῃ
949 719 1246 774 πλαζομένων,
1273 720 1348 763 καὶ
1376 735 1502 772 προς

61 806 68 808 ἡ
121 778 374 848 δοκωμένης
413 778 590 822 ἔσεσθαι
629 776 896 832 πραγμάτων
936 775 1198 846 ὁλοσχεροῦς
1245 779 1498 830 μεταβολῆς,
1530 780 1584 820 75

122 833 307 885 ἅπαντες
334 833 564 905 ηγωιίων,
593 838 954 905 καραδοκοῦντες
983 833 1032 876 τὸ
1070 833 1190 883 τέλος
1219 836 1305 875 τῶν
1335 832 1502 901 άποβη-

120 890 332 946 ’σομένων
380 889 553 934 Ἀννων
582 892 662 947 μὲν
693 893 775 934 οὐν
801 889 1049 946 ἡγούμενος
1077 893 1158 932 τοῦ
1188 889 1299 932 κατὰ
1325 888 1406 944 τήν
1435 906 1503 944 με-

121 947 294 1002 σόγειον
330 947 630 1000 στρατοπέδου
666 948 760 998 θεὶς
806 948 992 1001 ἐνέδραν
1030 951 1123 996 τοῖς
1162 946 1263 998 περὶ
1299 945 1379 988 τὸν
1418 947 1501 988 Αἰ-

120 1006 326 1059 σχρίωνα,
357 1005 432 1048 καὶ
465 1004 726 1059 παραδόξως
761 1003 1038 1058 ἐπιθέμενος,
1071 1002 1209 1045 άνεῖλε
1239 1001 1392 1054 πεζοὺς
1421 1003 1500 1057 μὲν

117 1062 318 1117 πλείους
328 1076 418 1103 των
432 1062 825 1131 τετρακιςχιλίων,
856 1061 997 1109 ἱππεῖς
1026 1059 1072 1102 δὲ
1101 1060 1207 1127 περὶ
1230 1060 1496 1109 διακοσίους,
1529 1063 1582 1103 80

117 1116 166 1158 ἐν
195 1119 262 1166 οἱς
289 1110 345 1171 ἦν
373 1116 446 1159 καὶ
476 1133 608 1167 αυτος
638 1134 662 1160 ο
692 1114 954 1184 στρατηγᾴς·
986 1119 1075 1158 τῶν
1106 1114 1147 1158 δ’
1179 1113 1324 1158 ἄλλων
1353 1133 1395 1158 οι
1419 1131 1497 1168 μεν

117 1141 315 1227 η’λωσαν,
349 1173 395 1216 οἱ
431 1172 478 1215 δὲ
507 1171 784 1244 διεσώθησαν
813 1173 924 1225 πρὸς
957 1170 1253 1226 Ἀρχάγαθον,
1283 1171 1497 1240 ἀπέχοντα

117 1230 323 1279 σταδίους
358 1231 685 1280 πεντακοσίους.
751 1227 946 1281 Ἰμίλκων
984 1227 1030 1298 6'
1068 1228 1137 1271 ἐπὶ
1173 1227 1276 1278 τοὺς
1307 1229 1397 1270 ἄνω
1427 1227 1496 1271 τό-

115 1300 229 1335 πους
269 1285 520 1355 στρατεύειν
550 1286 824 1356 ἀποδειχθεὶς
860 1284 909 1328 τὸ
951 1284 1030 1354 μὲν
1066 1287 1246 1338 πρῶτον
1284 1284 1496 1340 ἐφήδρευε

115 1357 168 1398 τη
198 1340 322 1384 πόλει
350 1340 460 1394 πρὸς
487 1341 566 1385 τὸν
586 1342 808 1411 Εὔμαχον,
834 1340 1127 1409 ἐφελκόμενον
1156 1340 1270 1411 βαρύ
1301 1342 1349 1383 τὸ
1372 1353 1497 1394 στρα-
1528 1343 1582 1384 85

39 1384 302 1440 451τὸπεδον
331 1397 404 1442 διὰ
436 1397 514 1449 τάς
541 1398 589 1442 ἐκ
618 1403 705 1442 τῶν
736 1396 938 1441 άλουσων
967 1397 1138 1457 πόλεων
1167 1397 1388 1453 ὠφελείας.
1430 1414 1499 1451 με-

116 1471 168 1497 τα
201 1453 248 1497 δε·
276 1458 414 1498 ταῦτα
442 1458 532 1497 τῶν
555 1454 774 1524 Ελλήνων
804 1452 1074 1505 ἐκταξάντων
1104 1454 1198 1509 τήν
1214 1454 1403 1509 δύναμιν
1424 1454 1499 1498 καὶ

115 1511 490 1565 προκαλουμένων
519 1513 578 1562 εἰς
607 1513 762 1568 μάχην,
781 1510 978 1566 Ἰμίλκων
1001 1511 1135 1578 μέρος
1163 1510 1241 1565 μὲν
1270 1515 1345 1566 τῆς
1375 1522 1501 1564 στρα-

114 1584 209 1618 τιας
244 1567 444 1611 κατέλιπε
484 1568 847 1638 διεσκευασμένον
878 1568 926 1610 ἐν
965 1571 1017 1623 τῇ
1047 1566 1191 1620 πόλει,
1223 1568 1497 1610 διακελευσά
1527 1570 1581 1610 90

113 1640 266 1680 μενος,
308 1624 416 1667 ὅταν
454 1624 587 1674 αὐτὸς
630 1623 834 1693 άναχωρῃ
883 1622 1262 1678 προςποιούμενος
1303 1622 1496 1693 φεύγειν,

114 1681 357 1732 ἐπεξελθεῖν
386 1685 479 1731 τοῖς
505 1680 840 1725 ἐπιδιώκουσιν·
872 1679 1004 1731 αὐτὸς
1035 1680 1081 1723 δὲ
1110 1679 1372 1734 προαγαγών
1393 1696 1498 1730 τους

113 1736 281 1791 ἡμίσεις
320 1754 409 1780 των
445 1742 722 1791 στρατιωτῶν
750 1738 825 1780 καὶ
862 1737 1022 1793 μικρὸν
1051 1735 1137 1789 πρό
1168 1741 1243 1791 τῆς
1276 1739 1497 1791 παρεμβο-

113 1797 190 1849 λῆς
229 1793 430 1844 συνάψας
467 1811 635 1864 μαχην,
674 1793 810 1845 εὐθὺς
837 1794 1021 1849 ἔφευγεν
1053 1793 1110 1843 ὠς
1138 1792 1495 1848 καταπεπληγμέ-

110 1852 304 1900 νος.οἷ
346 1850 393 1894 δε
420 1851 520 1902 περὶ
555 1850 634 1894 τὸν
665 1850 877 1907 Εὔμαχον
916 1849 1176 1903 ἐπαρθέντες
1210 1853 1264 1906 τῆ
1291 1852 1392 1905 νίκῃ
1423 1849 1495 1892 καὶ
1526 1851 1580 1891 95

112 1909 190 1961 τῆς
221 1899 391 1959 τάξεως
421 1905 553 1951 οὐδὲν
581 1910 896 1993 φροντίσαντες
933 1906 1119 1950 ἐδίωκον
1153 1906 1226 1949 καὶ
1255 1910 1496 1976 τεθορυβη-

113 1964 254 2033 μένως
289 1979 380 2006 των
419 1962 771 2032 ὑποχωρούντων
811 1963 1068 2018 ἐξήπτοντο·
1129 1961 1268 2031 α’φνω
1297 1963 1343 2006 δὲ
1382 1960 1492 2006 καθ’

114 2017 265 2072 ἕτερον
293 2021 423 2090 μέρος
454 2023 529 2075 τῆς
567 2018 733 2070 πόλεως
762 2021 1016 2076 ἐκχυθείσης
1050 2022 1126 2073 τῆς
1151 2017 1383 2091 δυνάμεως
1411 2035 1493 2061 κα-

110 2077 475 2144 τεσκευασμένης,
505 2077 579 2119 καὶ
606 2075 806 2133 πλήθους
830 2079 987 2119 ἱκανοῦ
1016 2076 1125 2130 πρὸς
1151 2077 1200 2119 ὲν
1229 2075 1493 2134 παρακέλευ-

113 2142 202 2187 σμα
239 2131 638 2184 συναλαλάξαντος,
684 2132 1030 2189 κατεπλάγησαν.
1087 2131 1366 2188 ἐμβαλόντων
1409 2135 1492 2175 οὐν
1524 2132 1604 2171 100

112 2205 199 2237 των
237 2188 477 2247 βαρβάρων
514 2191 575 2240 εἰς
612 2188 910 2242 ἀσυντάκτους
947 2190 1021 2234 καὶ
1051 2189 1389 2246 πεφοβημένους
1419 2187 1492 2233 διά

111 2317 168 2353 65.
195 2298 410 2365 οἲνέτρεχον]
439 2317 586 2375 ἔτρεχον
609 2320 674 2354 ΤΧ
698 2321 778 2355 Bas.
964 2319 1029 2362 εἰς]
1053 2318 1146 2362 πρὸς
1172 2320 1251 2353 FW
1435 2319 1492 2353 74.

109 2362 353 2422 ὁλοσχεροῦς]
382 2366 467 2400 libri
491 2363 696 2410 ὁλοσχεριῦν
889 2365 948 2400 77.
981 2364 1048 2410 τὴν
1072 2367 1248 2400 0111.an.
1435 2365 1492 2400 82.

109 2408 287 2454 Ἰμίλκων]
309 2409 481 2456 Ἀμίλκων
505 2413 584 2446 FW.
769 2412 827 2446 83.
853 2411 1062 2455 στρατεύειν
1086 2413 1151 2456 Q'l
1156 2413 1217 2446 ΧΥ
1242 2412 1314 2445 Bas
1317 2438 1339 2453 .‚
1364 2412 1492 2446 caeteri

111 2456 312 2504 στρατηγὸς
472 2458 531 2496 84.
554 2459 610 2493 89.
635 2459 691 2493 97.
725 2456 826 2493 πόλει
855 2478 890 2482 -
926 2456 1090 2502 πόλεως]
1117 2459 1330 2514 παρεμβολῇ
1353 2478 1397 2483 -
1421 2460 1492 2492 πα·

111 2473 294 2548 ρεμβολνς
317 2503 398 2537 Rois
402 2502 480 2538 hius
593 2505 708 2549 πρὸς]
741 2505 960 2546 προςδοκῶν
993 2506 1047 2538 τοὶ
1077 2502 1367 2560 προςδεχόμενος
1388 2503 1492 2539 Reis-

109 2549 189 2583 kius
325 2548 382 2584 85.
406 2547 652 2594 ἐφελκόμενον
675 2551 810 2591 FTW,
836 2549 1004 2586 caeterig
1007 2548 1229 2597 φελκόμενος

201 2593 281 2629 451.
327 2594 385 2630 87.
409 2597 583 2651 προκαλ]
615 2600 789 2654 προςκαλ.
823 2597 906 2632 Bas.
1089 2595 1351 2639 88;''I,u12.nmv]
1375 2592 1491 2638 Ἀμίλ-

111 2653 186 2676 κων
208 2640 286 2675 FW
469 2640 580 2686 μέρος
610 2643 705 2688 μὲν]
739 2641 806 2686 μὲν
837 2645 948 2685 μέρος
970 2643 1001 2677 F
1181 2643 1240 2678 92.
1263 2640 1491 2697 προαγαγών

112 2687 155 2728 Υ,
179 2686 309 2723 caetani
337 2684 512 2731 προάγων
693 2688 783 2730 τούς
817 2687 960 2732 ἡμίσεις
990 2700 1060 2722 om.
1083 2689 1115 2721 F
1297 2689 1355 2744 93.
1383 2699 1492 2730 εφευ-

110 2734 194 2786 γεν]
220 2731 355 2790 ἔφυγεν
379 2734 460 2768 Bas
640 2735 674 2773 1.
709 2732 961 2775 ἀσυντάκτους
986 2753 1027 2759 —-
1058 2731 1262 2778 Ἑλλήνων]
1290 2734 1354 2774 τὰς
1378 2731 1489 2767 ἀσυν-

110 2776 268 2820 τόκτους
292 2777 418 2813 αὐτῶν
443 2771 650 2836 φάλαγγας,
679 2795 767 2827 ταχυ
792 2794 935 2828 τροπην
959 2779 1092 2828 συνέβη
1117 2779 1290 2827 γενέσθαι
1313 2780 1387 2816 τῶν
1411 2775 1490 2816 Ελ-

110 2823 232 2871 λήνων
255 2825 525 2873 πεφοβημένων
548 2827 613 2871 QX
