1820 3249
433 141 866 188 12113.XV.0AP
897 144 965 184 62
996 144 1436 186 6:21005

63 274 149 310 τες,
181 255 319 327 ὅμως
327 253 594 310 ευλαβοῦντο
621 252 673 297 τὸ
702 251 839 307 βάρος
866 255 941 309 τῆς
970 252 1195 308 Σπάρτης,
1224 254 1299 297 καὶ
1327 251 1430 298 καθ’
1467 258 1521 301 85

65 313 228 364 αὐτούς
266 311 346 367 οὐχ
381 311 606 366 ὑπέλαβον
644 310 910 378 δυνησεσθαι
945 315 1036 359 τοῖς
1073 312 1439 366 Λακεδαιμονίοις

65 374 353 425 διαπολεμεῖν.
407 367 474 411 διὸ
526 367 599 411 καὶ
643 365 970 422 παραλαβόντες
1013 365 1231 419 Ἀργείους
1277 383 1321 410 τε
1366 369 1442 411 καὶ
1479 383 1482 385 ’

62 427 275 476 Ἠλείους,
313 425 372 468 τὸ
408 425 488 480 μὲν
516 427 694 479 πρῶτον
732 423 934 479 πρέσβεις
973 420 1228 466 άπὲστειλαν
1266 425 1326 473 εἰς
1362 425 1443 474 τάς

60 481 270 537 Ἀθήνας,
309 480 532 533 ἀξιοῦντες
578 482 825 550 συμμαχίαν
874 478 1145 534 ποιήσασθαι
1193 480 1303 522 κατὰ
1349 485 1440 522 τῶν

62 542 374 609 Σπαρτιατῶν·
406 537 466 588 ὥς
496 536 539 581 δ’
569 535 713 587 οὐδεὶς
743 535 894 587 αὐτοῖς
921 541 1136 605 προςεῖχε,
1164 537 1441 592 διαπρεσβευ-
1469 546 1525 584 90

62 596 244 665 σάμενοι
271 593 384 651 πρὸς
410 594 516 648 τούς
547 595 769 650 Θηβαίους
798 593 972 637 ἔπεισαν
1001 591 1166 643 αὐτούς
1193 595 1443 650 συμμαχίαν

62 651 308 696 συνθέσθαι
359 650 469 695 κατοὶ
517 655 608 694 τῶν
658 652 1032 719 Λακεδαιμονίων.
1087 648 1222 700 εὐθὺς
1272 651 1356 692 οὐν
1399 652 1444 693 οἱ

61 709 248 753 Βοιωτοὶ
276 707 354 764 τὴν
383 706 573 764 δύναμιν
601 707 792 764 ἐξῆγον,
811 706 1156 776 προςλαβόμενοι
1187 705 1444 762 συμμάχους

61 764 263 820 Λοκρούς
301 781 347 808 τε
385 765 459 808 καὶ
501 768 678 815 Φωκεῖς.
737 765 860 807 οὑτοι
900 780 988 834 μεν
1018 766 1100 807 οὐν
1136 768 1333 831 προῆγον
1372 763 1442 806 ἐπὶ

60 838 141 878 την
178 821 517 891 Πελοπόννησον
556 821 947 891 βοιωταρχούντων
978 818 1335 875 Ἐπαμεινώνδου
1366 820 1441 863 καὶ
1468 822 1525 864 95

63 880 339 923 Πελοπίδου·
389 878 562 929 τούτοις
589 877 673 933 γὰρ
715 880 759 921 οἷ
797 876 922 920 άλλοι
951 876 1219 946 βοιωτάρχαι
1247 893 1441 930 παρακε-

59 936 331 1005 χωρήκεισαν
359 934 568 985 ἑκουσίως
589 939 676 1004 τῆς
693 936 950 1001 στρατηγίας
979 934 1051 977 διά
1081 950 1125 978 τε
1154 934 1234 1004 τῆν
1265 932 1442 977 σύνεσιν

59 993 135 1037 καὶ
164 992 246 1063 τὴν
283 991 488 1050 άνδρείαν
525 995 613 1034 τῶν
651 990 840 1062 ἀνδρῶν.
891 1007 949 1041 ως
987 991 1033 1035 δε
1068 990 1356 1063 κατήντησαν
1373 990 1442 1034 ἐπι

59 1048 140 1119 τῆν
164 1046 420 1120 Ἀρκαδίαν,
456 1050 568 1104 ῆκον
605 1047 717 1102 πρὸς
755 1046 917 1097 αὐτοὺς
954 1049 1171 1119 πανδημεὶ
1203 1049 1249 1090 οἵ
1275 1064 1319 1090 τε
1345 1045 1440 1102 Ἀρ-

59 1104 190 1156 κάδες
224 1105 298 1149 καὶ
330 1103 494 1148 Ἠλεῖοι
528 1104 603 1148 καὶ
636 1103 820 1174 Ἀργεῖοι
860 1104 935 1149 καὶ
972 1106 1017 1148 οἱ
1055 1103 1179 1148 ἄλλοι
1219 1103 1439 1160 σύμμαχοι
1470 1110 1553 1149 100

60 1164 228 1213 πάντες.
256 1158 605 1230 ἁθροισθέντων
641 1160 687 1205 δὲ
724 1159 941 1205 πλειόνων
979 1161 1008 1218 ἢ
1045 1163 1438 1231 πεντακιςμυρίωυ,

63 1221 108 1263 οἱ
135 1235 214 1274 μεν
241 1215 453 1287 ἡγεμόνες
475 1217 622 1262 αὐτῶν
651 1217 1016 1272 συνεδρεύσαντες
1044 1218 1242 1274 ε’γνωσαν
1265 1216 1333 1260 ἐπ’
1365 1215 1441 1260 αὐ-

60 1276 141 1332 τῆν
178 1277 369 1330 βαδίζειν
407 1273 487 1331 τὴν
525 1274 738 1345 Σπάρτην
775 1275 849 1319 καὶ
888 1280 1032 1318 πᾶσαν
1067 1275 1147 1331 τὴν
1175 1273 1441 1344 Λακωνικὴν

60 1333 380 1401 πορθῆσαι.οῑ
408 1332 455 1375 δὲ
474 1330 847 1402 Λακεδαιμόνιοι,
877 1330 1068 1383 πολλους
1097 1332 1176 1387 μὲν
1205 1329 1440 1401 ἀποβεβλη-

61 1389 201 1451 κότεςδ
213 1392 303 1431 τῶν
330 1387 443 1431 νέων
469 1404 517 1431 εν
534 1405 596 1457 τη
626 1389 732 1458 περὶ
752 1393 954 1441 Λεῦκτρα
984 1390 1213 1458 συμφορᾷ,
1245 1387 1328 1431 οὐκ
1358 1388 1443 1432 ὀλί-

61 1461 170 1515 γους
210 1443 252 1487 6'
293 1444 341 1487 ἐν
381 1449 475 1495 ταῖς
514 1443 662 1495 ἄλλαις
702 1444 851 1500 ἥτταις
891 1444 1236 1496 ἀπολωλεκότες,
1277 1444 1351 1488 καὶ
1389 1443 1441 1488 τὰ

62 1500 255 1546 σύνολον
285 1502 344 1551 εἰς
374 1498 549 1556 ὀλίγους
577 1502 828 1553 πολιτικούς
857 1502 1124 1554 στρατιώτας
1151 1500 1240 1544 find
1271 1505 1352 1570 τῆς
1369 1501 1441 1545 τύ-

59 1574 163 1614 χης
158 1558 576 1627 συγκεκλεισμένοι,
621 1558 732 1613 πρὸς
771 1559 817 1603 δε
854 1557 1027 1609 τούτοις
1069 1562 1160 1602 τῶν
1202 1556 1443 1613 συμμάχων
1475 1569 1526 1608 10

60 1618 150 1658 τῶν
188 1629 267 1668 μεν
296 1610 627 1682 ἀφεστηκότων,
665 1619 754 1658 τῶν
795 1615 841 1659 δὲ
880 1615 952 1659 δια
994 1632 1072 1666 τας
1108 1614 1266 1671 ὁμοίας
1303 1616 1442 1666 αἰτίας

61 1668 466 1742 όλιγανδρούντων,
498 1672 557 1721 εἰς
568 1671 753 1739 πολλὴν
765 1671 1024 1743 αμηχανίαν
1053 1671 1249 1714 ἔπιπτον
1289 1670 1442 1740 διόπερ

58 1726 353 1800 ἠναγκάζοντο
381 1725 673 1797 καταφεύγειν
710 1728 781 1772 ἐπὶ
815 1729 896 1797 τῆν
935 1732 1024 1772 τῶν
1050 1727 1296 1798 Ἀθηναίων
1326 1727 1442 1783 βοή-

60 1789 214 1836 θειαν,
251 1780 316 1834 οἷς
342 1783 578 1836 τριάκοντα
605 1801 686 1853 μεν
713 1783 960 1840 τυράννους
989 1785 1038 1829 ἐν
1071 1789 1164 1836 τοῖς
1192 1784 1441 1856 ἔμπροσθεν

61 1837 238 1898 χρόνοις
276 1839 534 1909 ἐπέστησαν,
569 1841 624 1884 τοὶ
663 1841 710 1885 δὲ
745 1844 861 1898 τείχη
892 1846 968 1911 τῆς
1006 1840 1173 1892 πόλεως
1211 1840 1441 1885 ἐκώλυσαν
1470 1848 1525 1891 15

65 1898 333 1964 οικοδομεῖν,
374 1895 638 1968 ἐπεβάλοντο
677 1899 724 1942 δὲ
762 1900 837 1942 καὶ
864 1897 944 1969 τῆν
981 1897 1111 1942 πόλιν
1131 1897 1301 1969 ,ἄρδην
1311 1898 1439 1941 άναι-

64 1957 244 2008 ροῦντες
271 1952 352 2022 τῆν
374 1951 570 2024 Ἀττικήν
597 1959 776 2024 ποιῆσαι
803 1955 1062 2024 μηλόβοτον.
1115 1953 1225 1998 ἀλλὰ
1243 1955 1335 2028 γὰρ
1366 1952 1441 1998 ού-

0 2018 48 2061 52
65 2009 139 2054 δεν
169 2008 451 2065 ίσχυρότερόν
478 2009 595 2054 ἐστιν
627 2009 820 2069 ἀνάγκης
848 2013 921 2056 καὶ
947 2011 1100 2082 τύχηςὲ,
1131 2010 1195 2056 δι’
1226 2017 1290 2056 ὡν
1319 2011 1442 2068 εβιά-

63 2071 252 2138 σθησαν
272 2067 316 2110 οἱ
325 2066 687 2137 ’Λακεδαιμόνιοι
722 2073 814 2112 τῶν
849 2068 1186 2139 πολεμιωτάτων
1214 2071 1441 2141 δεηθῆναι.

65 2122 182 2179 ὅμως
210 2121 252 2168 δ’
284 2120 338 2167 οὗ
368 2123 664 2193 διεσφάλησαν
691 2142 781 2170 των
811 2125 1009 2169 ἐλπίδων.
1042 2124 1066 2170 ὁ
1094 2142 1179 2181 γαρ
1208 2142 1297 2170 των
1313 2124 1439 2194 Ἀθη-
1469 2135 1524 2177 20

62 2181 202 2224 ναίων
243 2172 402 2236 δῆμὀς,
439 2179 737 2253 μεγαλόψυχος
775 2181 840 2226 m'v
872 2183 946 2227 καὶ
976 2181 1316 2238 φιλάνθρωπος,
1357 2198 1441 2239 την

64 2236 144 2293 μὲν
167 2251 256 2280 των
294 2238 500 2292 Θηβαίων
528 2237 653 2308 ἰσχύν
683 2237 738 2283 οὐ
773 2238 1123 2309 κατεπλάγησαν,
1151 2244 1244 2291 τοῖς
1274 2241 1321 2283 δὲ
1351 2243 1442 2283 Λα·

63 2293 354 2348 κεδαιμονίοις
383 2293 492 2348 ὑπὲρ
531 2292 892 2352 ἀνδραποδισμοῦ
921 2294 1256 2340 κινδυνεύουσιν
1287 2296 1442 2366 εψηφί-

64 2360 197 2393 σαντο
227 2351 409 2404 βοηθεῖν
428 2353 661 2423 πανδημεί.
702 2355 776 2398 καὶ
805 2357 1069 2424 παραχρῆμα
1097 2352 1358 2432 στρατηγὸν
1367 2370 1443 2396 κα-

62 2404 349 2464 ταστήσαντες
387 2406 468 2452 τόν
499 2406 752 2469 Ἰφικράτην
788 2409 1030 2468 ἐξέπεμψαν
1064 2410 1142 2455 καὶ·
1176 2427 1284 2463 τους
1310 2409 1442 2463 νέους
1469 2414 1525 2457 25

63 2577 122 2614 96.
146 2576 390 2637 βοιωτάρχαι]
416 2579 637 2640 βοιώταρχοι
660 2583 723 2618 AF
879 2584 938 2620 98,
963 2581 1122 2631 άνδρίαν
1144 2584 1176 2618 F
1358 2582 1441 2618 100.

63 2624 198 2660 Ἠλεῖοι
219 2625 282 2661 καὶ
303 2624 471 2671 Ἀργεῖοι]
498 2625 654 2673 Ἀργεῖοι
677 2629 739 2666 και
760 2625 895 2666 Ἠλεῖοι
918 2631 948 2665 Ia
1130 2631 1167 2666 οἱ
1192 2625 1308 2674 αλλοι]
1335 2626 1441 2664 ἄλλοι

65 2671 96 2706 Α
255 2671 637 2726 1.πεντακιςμυρι’ων]
660 2688 781 2711 verum
805 2681 856 2711 est
880 2676 1170 2721 ἑπτακιςμυρίων
1313 2676 1346 2709 3
1372 2675 1440 2719 τήν

67 2713 259 2762 memv]
289 2715 467 2763 Σπάρτην
490 2724 520 2756 Α
642 2722 678 2760 9.
705 2724 1028 2770 συμεκλεισμένοι]
1054 2721 1390 2769 συγκεκλεισμένους
1402 2722 1437 2755 Π

155 2783 523 2824 52.18.010m.1·*
659 2790 718 2827 19.
744 2791 1009 2839 διεσφάλησαν]
1035 2790 1078 2829 δ’
1102 2791 1314 2839 ἐσφάλησαν
1337 2793 1368 2826 Α
