1820 3249
508 155 1486 199 LIB.XV.CAP.89.90.1¹}31

125 265 387 334 κατέστροφε
415 265 461 309 δ’
492 266 551 316 εἰς
578 264 657 321 τὴν
686 264 734 308 ἐν
752 265 997 322 Μαντινείᾳ
1013 263 1153 332 μάχην
1175 267 1247 308 καὶ
1269 268 1349 336 τὴν
1365 266 1486 311 Έπα-
1518 269 1570 311 40

126 322 368 394 μεινεόνδου
395 319 616 377 τελευτήν·
658 320 887 391 περιέλαβε
916 310 984 364 δὲ
990 319 1132 371 πάσας
1160 323 1312 376 σχεδὸν
1340 323 1416 375 τάς
1444 341 1488 368 τε

123 383 213 422 τῶν
240 376 456 448 Ἐλλήνων
483 378 556 422 καὶ
582 377 817 447 βαρβάρων
847 377 1020 446 πράξεις
1046 378 1092 420 ἐν
1092 380 1293 447 βίβλοις
1300 380 1484 424 δώδεκα·

131 437 332 486 Φίλιστος
358 434 404 478 δὲ
434 433 486 477 τά
515 435 613 488 περὶ
639 432 884 477 Διονύσιον
911 432 989 478 τὸν
1017 433 1230 488 νεώτερον
1261 431 1343 479 ὧδε
1371 438 1487 481 κατέ-

124 503 301 563 στροφε,
330 490 516 534 διελθών
545 491 616 546 ἔτη
645 489 768 534 πέντε
797 490 845 534 ἐν
876 491 1044 561 βίβλοις
1075 493 1215 534 δυσίν.

234 545 324 590 Ἐπ’
355 547 565 618 άρχοντος
594 545 638 591 δ’
660 546 871 615 Ἀθήνησι
898 546 1157 598 Μόλωνος’
1141 564 1187 591 εν
1202 545 1346 617 Ῥώμῃ
1370 565 1487 591 κατε-

122 603 348 661 στάθησαν
384 604 544 648 ὕπατοι
580 603 767 655 Λεύκιος
804 602 1044 654 Γενούκιος
1081 605 1154 648 καὶ
1197 604 1381 655 Κόϊντος
1408 609 1487 648 Σε-

122 664 326 731 ρουίλιος.
370 660 437 704 ἐπὶ
467 660 512 704 δὲ
540 661 708 731 τούτων
737 661 781 703 οἱ
806 677 888 716 την
914 659 1131 716 παράλιον
1160 662 1383 712 οἰκοῦντες
1411 666 1489 716 τῆς

119 717 263 769 Ἀσίας
290 714 535 772 ἀπέστησαν
563 716 649 761 α’πὸ
681 721 879 772 Περσῶν,
909 720 984 761 καί
1011 735 1125 768 τινες
1145 722 1233 761 τῶν
1254 722 1490 772 σατραπῶν

121 775 196 817 καὶ
243 778 493 844 στρατηγῶν
532 773 847 826 ἐπαναστάντες
881 773 1075 829 πόλεμον
1112 773 1342 844 ἐξήνεγκαν
1379 774 1491 829 πρὸς
1519 784 1572 825 50

118 829 411 903 Ἀρταξέρξην,
469 829 631 887 ὁμοίως
664 830 708 875 δὲ
736 829 910 882 τούτοις
937 831 1010 874 καὶ
1045 830 1195 887 Ταχως
1232 830 1256 875 ὁ
1286 831 1491 888 βασιλευς

119 890 210 930 τῶν
237 889 490 957 Αἰγυπτίων
517 889 668 942 κρίνας
697 892 900 943 πολεμεῖν
927 893 1021 939 τοῖς
1053 889 1272 942 Πέρσαις,
1301 892 1411 938 ναῦς
1444 903 1489 930 τε

120 943 406 988 κατεσκεύασε
430 944 508 988 καὶ
536 943 709 998 πεζικὰς
737 928 942 1000 δυνάμεις
968 944 1166 1017 η’θροισε.
1223 944 1412 995 πολλοὺς
1443 944 1489 987 δὲ

121 998 409 1057 ξενολογήσας
448 1000 496 1044 ἐκ
534 1005 623 1044 τῶν
646 999 906 1070 Ελληνίδων
933 1001 1104 1045 πόλεων
1133 1001 1270 1045 ἐπεισε
1299 1002 1370 1044 καὶ
1401 1006 1488 1043 Λα-

118 1059 428 1127 κεδαιμονίους
458 1062 716 1119 συμμαχεῖν·
747 1059 791 1101 οἱ
807 1056 891 1127 γάρ
908 1061 1179 1127 Σπαρτιᾶται
1207 1057 1317 1111 πρὸς
1345 1055 1486 1111 Ἀρτα·
1518 1068 1571 1107 55

120 1112 280 1183 ξέρξην
297 1111 532 1166 ἀλλοτρίως
561 1119 697 1183 εἰχον
707 1113 778 1158 διὰ
808 1112 858 1157 vd
888 1130 993 1165 τους
1016 1116 1294 1185 Μεσσηνίους
1324 1112 1488 1170 ὁμοίως

120 1176 212 1220 τοῖς
251 1167 400 1221 άλλοις
426 1169 604 1239 Ἐλλησι
606 1187 634 1214 ν
670 1169 758 1215 υπὸ
787 1174 871 1215 τοῦ
899 1171 1108 1226 βασιλέως
1137 1172 1196 1222 εἰς
1225 1170 1304 1227 τὴν
1333 1171 1488 1239 κοινὴν

119 1225 296 1295 εἰρήνην
332 1225 659 1282 κατατετάχθαι.
715 1227 973 1299 τηλικαύτης
1011 1227 1056 1272 δε
1096 1230 1342 1284 συνδρομῆς
1377 1226 1486 1270 κατά

118 1287 208 1327 τῶν
239 1287 425 1337 Περσῶν
461 1283 696 1353 γενομένης
727 1284 802 1327 καὶ
842 1281 866 1327 6
907 1285 1108 1355 βασιλεὺς
1145 1284 1487 1353 παρεσκευάζετο
1518 1295 1572 1333 60

119 1356 173 1383 τα
208 1340 320 1395 πρὸς
347 1340 424 1384 τὸν
452 1339 656 1397 πόλεμον.
713 1338 803 1384 υπὸ
832 1340 916 1396 γὰρ
947 1341 1025 1384 τόν
1053 1340 1190 1385 αὐτὸν
1219 1339 1376 1395 καιρὸν
1405 1340 1491 1384 ε’δει

121 1396 233 1466 πρός
261 1412 305 1440 τε
333 1397 412 1440 τόν
438 1400 529 1440 τῶν
557 1398 811 1468 Αἰγυπτίων
840 1397 1018 1467 βασιλέα
1046 1402 1249 1454 πολεμεῖν
1277 1398 1352 1440 καὶ
1381 1397 1492 1450 πρὸς

121 1454 197 1504 τὰς
233 1469 342 1496 κατα
384 1469 469 1522 την
487 1450 635 1520 Ἀσίαν
659 1451 909 1522 Ἑλληνίδας
937 1452 1084 1505 πόλεις
1112 1455 1186 1498 καὶ
1219 1455 1490 1510 Λακεδαιμο-

121 1511 246 1560 νίους
279 1508 353 1553 καὶ
390 1508 495 1558 τούς
521 1509 691 1552 τούτων
723 1508 974 1579 συμμάχους
1006 1510 1227 1565 σατράπας
1257 1511 1331 1554 καὶ
1366 1522 1488 1565 6²:905·

119 1565 299 1620 τηγούς,
336 1581 443 1616 τους
474 1582 686 1619 αρχοντας
714 1582 793 1620 μεν
821 1570 910 1609 τῶν
933 1569 1299 1637 παραθαλαττίων
1326 1566 1487 1619 τόπων,
1519 1572 1571 1613 65

120 1622 482 1693 συντεθειμένους
512 1623 557 1665 δὲ
589 1624 924 1692 κοινοπραγίαν·
967 1625 1030 1665 ὠν
1057 1617 1172 1678 ἦσαν
1200 1622 1492 1677 ἐπιφανέστα-

1515 528 1571 565 90

1517 583 1569 623 4
1547 598 1572 623 J

73 1681 77 1688 '
119 1694 188 1722 τοι
212 1676 549 1746 Ἀριοβαρζάνης
577 1678 656 1747 μὲν
685 1677 708 1722 ὁ
738 1682 812 1734 τῆς
844 1682 1040 1734 Φρυγίας
1070 1678 1311 1735 σατράπης,
1342 1678 1390 1730 ὂς
1419 1680 1492 1722 καὶ

120 1732 408 1792 Μιθριδάτου
445 1734 777 1804 τελευτησαντος
815 1751 891 1790 της
928 1736 1087 1779 τούτου
1124 1738 1343 1790 βασιλείας
1371 1752 1490 1779 κεκυ-

121 1791 305 1847 ριευκιὸς
333 1793 402 1858 ἦν,
432 1790 682 1841 Μαυσωλός
712 1791 757 1835 δε
781 1792 951 1843 Καρίας
980 1793 1261 1835 δυναστεύων
1289 1792 1360 1834 καὶ
1390 1797 1489 1835 πολ-

121 1852 213 1892 λῶν
256 1845 481 1902 ερυμάτων
519 1849 594 1891 καὶ
633 1846 805 1891 πόλεων
850 1847 1093 1902 άξιολογων
1131 1846 1373 1903 κυριεύων,
1429 1865 1490 1891 ων
1520 1858 1573 1896 70

121 1905 265 1949 ἑστίαν
296 1903 370 1948 καὶ
395 1903 663 1974 μητρόπολιν
690 1905 946 1958 συνέβαινεν
967 1910 1081 1948 εἰναι
1093 1921 1187 1977 την
1211 1904 1492 1959 Αλικαρνασ-

122 1961 223 2013 σόν,
272 1960 458 2029 ἔχουσαν
497 1959 737 2015 ἀκρόπολιν
769 1961 1004 2033 ἀξιόλογον
1036 1961 1108 2004 καὶ
1139 1961 1192 2004 τὰ
1221 1966 1295 2016 τῆς
1324 1965 1491 2017 Καρίας

121 1996 328 2088 βασίλεια,
358 2015 470 2067 πρός
497 2017 543 2060 δε
572 2016 744 2069 τούτοις
769 2016 976 2074 Ὀρόντης
1003 2034 1083 2074 μεν
1111 2022 1194 2090 τῆς
1217 2020 1395 2069 Μυσίας
1419 2030 1490 2060 σα-

121 2089 312 2130 τραπης,
341 2072 689 2130 Αὐτοφραδάτης
716 2074 762 2118 δὲ
790 2075 982 2125 Λυδίας·
1031 2078 1118 2117 τῶν
1147 2073 1194 2118 δ’
1221 2073 1376 2118 Ἰώνων
1405 2075 1489 2117 Λύ-
1522 2084 1573 2123 75

121 2133 211 2175 κιοί
236 2147 280 2173 τε
312 2131 386 2173 καὶ
421 2132 602 2173 Πισίδαι
632 2132 704 2174 καὶ
734 2132 994 2201 Παμφύλιοι
1028 2132 1101 2174 καὶ
1132 2132 1328 2183 Κίλικες,
1360 2131 1418 2175 ε’τι
1446 2132 1492 2174 δε

124 2188 198 2231 καὶ
226 2187 372 2242 Σύροι
411 2186 486 2229 καὶ
517 2187 720 2238 Φοίνικες
751 2188 823 2230 καὶ
854 2187 1007 2242 σχεδὸν
1035 2186 1194 2239 πάντες
1223 2190 1267 2231 οἱ
1295 2193 1491 2240 παραθα-

124 2243 300 2288 λάττιοι.
342 2245 597 2299 τηλικαύτης
627 2242 670 2287 δ’
703 2242 836 2300 οὔσης
862 2243 1150 2296 ἀποστάσεως,
1181 2246 1230 2287 τὸ
1259 2245 1339 2299 μὲν
1359 2245 1492 2301 ἥμισυ

123 2368 180 2403 40.
226 2366 266 2404 δε
296 2379 388 2410 σπι,
423 2367 613 2426 περιέλαβε
635 2381 714 2404 cum
738 2368 909 2413 τελευτήν
933 2369 1165 2414 coniungens,
1188 2371 1218 2403 F
1436 2371 1493 2405 41.

123 2413 344 2470 βαρβάρων]
383 2416 528 2462 βαρβαρ
532 2415 613 2455 ικοὶς
635 2417 665 2450 L
856 2416 911 2450 42.
959 2417 1121 2460 βίβλοις]
1154 2416 1311 2462 βιβλίοις
1333 2416 1380 2450 ΡΙ

213 2459 372 2504 δώδεκα]
397 2462 622 2497 δυοκαίδεκα
644 2463 691 2496 F1
874 2459 934 2504 τὰ]
957 2475 1032 2496 των
1058 2463 1115 2496 AF
1300 2462 1355 2497 43.
1390 2463 1492 2498 κατέ-

126 2507 283 2550 στροφε]
306 2506 525 2551 κατέστρεφε
547 2510 576 2542 Α
760 2506 819 2541 4-1.
865 2508 1036 2586 βίβλοις]
1060 2507 1215 2553 βιβλίςοι
1238 2509 1253 2542 1
1434 2509 1491 2542 59.

126 2551 341 2606 γενομένης]
378 2552 571 2598 γινομένης
601 2553 679 2588 Fffi
915 2554 936 2587 b,
991 2552 1038 2588 τὰ
1072 2565 1138 2587 mn.
1173 2555 1237 2587 FK
1435 2555 1491 2588 61.

127 2595 193 2632 τὸν
226 2609 295 2632 οιιι.
326 2598 382 2640 Κ,
430 2612 506 2634 των
541 2601 599 2635 Al·
783 2597 838 2633 62.
888 2597 979 2641 πρὸς
1000 2613 1045 2633 τα
1051 2599 1080 2642 ς]
1103 2597 1168 2651 τὰς
1190 2599 1286 2645 πρὸς
1308 2600 1403 2634 AFK

216 2643 274 2677 74.
317 2643 375 2677 Ἠ.
407 2643 562 2690 Ἰώνων]
586 2645 803 2679 scribendum
828 2645 963 2679 ιὶιίοίιιι·
986 2645 1052 2680 ἑθεν
1037 2647 1109 2680 »ὧν
1289 2645 1348 2691 75.
1388 2647 1477 2681 Πισ
1480 2666 1494 2670 -

127 2689 212 2742 δαι]
238 2690 401 2723 Πυσίδαι
425 2691 458 2724 Κ
638 2692 696 2726 76.
724 2691 862 2735 Σύροι]
892 2690 1024 2733 Σύριοι
1046 2693 1059 2725 Ι
1242 2691 1298 2725 77.
1322 2695 1495 2734 παραυα-

128 2731 291 2789 λάττιοι]
323 2735 619 2778 παραθαλάσσιοι
654 2749 773 2771 omues
802 2737 861 2770 hic
891 2742 924 2770 et
947 2738 1003 2771 87.
1157 2738 1211 2772 78.
1236 2735 1348 2783 ἠιιισυ
1373 2739 1493 2778 HLR,

128 2780 253 2815 caeteri
276 2780 406 2816 addunt
427 2781 549 2827 μέρος,
571 2782 736 2818 asterisco
758 2787 913 2818 notatum
938 2785 981 2818 ab
1006 2783 1183 2828 Stephano
