1820 3249
30 1706 85 1755 69*

473 195 597 235 LIB.
629 193 718 236 XV.
778 193 907 234 GAP.
936 196 1004 236 83.
1033 197 1100 237 84
1367 198 1476 238 1025

109 306 182 351 καὶ
210 305 313 358 τούς
338 302 630 374 γεγηρακότας
658 302 725 346 ἐπὶ
761 301 815 345 τὰ
842 301 942 374 τέγη
970 306 1059 346 τῶν
1089 304 1239 347 οἰκιῶν
1243 304 1475 373 α’νεβίβα-
1505 314 1557 355 9
1545 330 1558 353 2

111 374 172 414 σε,
200 364 274 406 καὶ
301 363 557 416 προςέταξεν
587 359 673 403 άπὸ
700 359 870 402 τούτων
902 359 1150 429 ἀμύνεσθαι
1176 359 1280 411 τούς
1310 365 1368 412 εἰς
1397 363 1476 417 τήν

110 418 241 462 πόλιν
269 417 571 487 βιαζομένους,
605 414 733 466 αὐτὸς
763 415 808 459 δὲ
837 432 942 466 τους
970 414 1238 469 ἀκμάζοντας
1266 423 1359 468 ταῖς
1386 418 1476 472 ἡλι-

109 477 224 525 κίαις
253 473 466 525 συντάξας
495 473 744 543 διεμέρισεν
760 473 820 522 εἰς
848 473 923 522 τὰς
952 472 1038 526 πρὸ
1077 477 1154 528 τῆς
1190 472 1354 524 πόλεως
1384 477 1477 524 ὁυς-

109 533 268 587 χωρίας
296 530 369 573 καὶ
397 529 642 584 παρόδους,
677 529 750 572 καὶ
778 526 944 579 πάντας
975 528 1079 580 τούς
1109 531 1379 585 δυναμένους
1410 530 1476 573 τό·
1509 538 1586 575 100

109 603 220 637 πους
249 585 455 638 δέξασθαι
484 587 637 628 δίοδον
664 583 948 655 ἐμφράξαςα
922 583 1099 640 ἀνέμενε
1128 586 1212 655 τήν
1241 590 1329 629 τῶν
1357 591 1479 629 πολε-

108 644 219 698 μίων
236 643 410 697 ἔφοδον.
464 640 828 711 Ἐπαμεινώνδας
839 639 882 684 6'
911 642 971 692 εἰς
999 644 1131 685 πλείω
1162 641 1269 698 μέρη
1292 643 1479 697 διελόμε-

108 715 185 768 νος
213 715 318 750 τους
348 697 635 769 στρατιώτας,
665 698 740 741 καὶ
767 696 909 754 πάντῃ
949 701 1228 752 προςπίπτων
1265 698 1374 741 κατὰ
1402 698 1479 741 τὸν

108 754 246 798 αὐτὸν
274 756 455 809 καιρόν,
496 753 554 805 ώς
584 752 668 824 εἶδε
694 753 793 822 τήν
813 758 902 797 τῶν
931 759 1222 809 Σπαρτιατῶν
1261 754 1479 806 σύνταξιν,

107 810 242 861 εὐθὺς
271 811 381 867 ἔγνω
412 811 716 881 μεμηνυμένην
745 809 822 866 τὴν
851 812 1027 864 πρᾶξιν’
1066 811 1184 867 ὅμως
1213 811 1258 854 δὲ
1286 828 1476 865 προςμα-
1506 816 1532 856 5

106 867 288 924 χόμενος
315 871 420 911 πᾶσι
453 868 562 912 κατὰ
592 868 723 936 μέρος
760 867 833 910 καὶ
861 872 954 917 ταῖς
991 869 1246 924 δυςχωρίαις
1282 868 1414 911 ἐλαττ-
1422 867 1478 910 ύ-

107 940 236 980 μενος
260 928 482 994 συνῆπτεν
511 926 570 975 εἷς
604 930 759 980 χεῖρας.
814 923 951 967 πολλοὶ
989 925 1035 968 δὲ
1072 927 1229 967 παθών
1257 926 1330 967 καὶ
1367 923 1478 978 δρά-

109 993 189 1031 σας
216 979 299 1024 οὐκ
329 979 487 1037 ἀπέστη
500 985 592 1051 τῆς
621 981 893 1036 φιλοτιμίας,
934 979 1014 1030 ἕως
1041 980 1090 1024 τό
1122 979 1363 1035 στράτευμα
1390 984 1479 1024 τῶν

107 1039 466 1106 Λακεδαιμονίων
494 1036 740 1093 ἐπανῆλθεν
769 1038 829 1087 εἰς
856 1035 936 1092 τήν
967 1036 1197 1093 Σπάρτην·
1231 1041 1404 1081 πολλῶν
1434 1037 1480 1081 δὲ
1511 1044 1563 1083 10

107 1091 397 1163 βοηθούντων
425 1097 517 1144 τοῖς
544 1092 958 1147 πολιορκουμένοις,
1002 1094 1076 1138 καὶ
1113 1098 1190 1151 τῆς
1218 1092 1377 1146 νυκτὸς
1405 1110 1480 1137 κα-

106 1149 400 1206 ταλαβούσης,
430 1149 553 1194 ἔλυσε
582 1149 662 1205 τήν
690 1151 959 1201 πολιορκίαν.

220 1209 482 1261 Πυθόμενος
527 1206 573 1249 δὲ
609 1222 729 1259 παρα
769 1210 859 1249 τῶν
897 1203 1180 1261 αἰχμαλώτων
1217 1204 1285 1249 ὅτι
1313 1209 1478 1249 Μαντι-
1506 1212 1564 1250 84

107 1266 197 1312 νεῖς
225 1263 437 1332 πανδημεὶ
462 1261 635 1330 πάρεισι
675 1265 945 1332 βοηθοῦντες
982 1267 1072 1313 τοῖς
1101 1264 1479 1330 Λακεδαιμονίοις,
1511 1266 1562 1306 15

106 1317 202 1362 τότε
231 1319 311 1373 μὲν
339 1318 622 1375 ἀναχωρήσας
654 1319 810 1388 μικρὸν
843 1316 929 1361 ἀπὸ
960 1322 1035 1374 τῆς
1063 1318 1227 1371 πόλεως
1255 1331 1482 1374 κατεστρα-

106 1374 354 1445 τοπέδευσέ’
395 1378 685 1430 παραγγείλας
715 1375 760 1419 δε
797 1377 1195 1425 δειπνοποιεῖσθαι,
1233 1375 1481 1419 καταλιπών

107 1435 197 1473 τῶν
245 1430 407 1474 ἱππέων
452 1433 598 1484 τινάς,
636 1430 809 1502 τούτοις
851 1432 929 1487 μὲν
965 1410 1252 1502 παρήγγειλεν
1291 1431 1482 1500 ἑωθινῆς

108 1491 308 1542 φυλακῆς
331 1503 457 1555 πυρα
486 1491 625 1532 καίειν
655 1487 701 1531 ἐν
739 1505 792 1544 τῃ
812 1491 1094 1559 παρεμβολη,
1137 1486 1268 1539 αὐτὸς
1294 1489 1345 1532 δὲ
1374 1505 1480 1544 μετα

107 1547 184 1599 τῆς
233 1541 456 1613 δυνάμεως
504 1542 764 1599 ἀφορμήσας
810 1544 1014 1587 ἔσπευσεν
1058 1543 1187 1599 α’φνω
1223 1550 1480 1615 περιπεσεῖν
1509 1550 1563 1589 20

107 1605 199 1649 τοῖς
227 1597 602 1654 άπολελειμμένοις
631 1600 676 1643 ἐν
689 1618 751 1668 τῃ
782 1602 1041 1657 Μαντινείᾳ.
1099 1617 1154 1657 τῃ
1195 1598 1234 1644 δ’
1273 1601 1481 1670 ὑστεραίᾳ

106 1655 271 1711 πολλην
299 1656 510 1707 διανύσας
542 1655 651 1700 ὁδόν
680 1655 806 1712 ἄφνω
847 1661 940 1707 τοῖς
966 1645 1269 1700 Μαντινεῦσιν
1310 1656 1480 1701 ἀνελπί-

104 1725 212 1763 στως
240 1711 488 1767 ἐπέῤῥαξεν,
532 1711 586 1756 ου’
617 1713 703 1769 μὴν
733 1710 937 1781 ἐκράτησε
966 1717 1042 1769 τῆς
1071 1713 1295 1782 ἐπιβολῆς,
1325 1715 1478 1768 καίπερ

109 1769 280 1812 ἅπαντα
306 1786 359 1838 τῃ
396 1770 630 1838 στρατηγία
666 1768 1048 1839 προνοησάμενος,
1088 1768 1196 1812 ἀλλὰ
1228 1769 1309 1839 τήν
1345 1769 1480 1827 τύχην
1508 1775 1564 1815 25

107 1826 257 1879 λαβών
291 1824 668 1879 ἀντιπράττουσαν
703 1824 960 1880 παραδόξως
999 1823 1187 1896 ἀπέβαλε
1223 1842 1305 1882 την
1339 1828 1481 1895 νίκην.

108 1880 208 1935 α’ρτι
234 1897 320 1936 γαρ
351 1881 490 1925 αὐτοῦ
520 1881 829 1950 πλησιάζοντος
859 1882 1003 1939 ἐρήμῳ
1032 1886 1086 1938 τῇ
1122 1881 1245 1926 πόλει
1272 1881 1482 1953 κατήντη-

109 1949 193 1981 σαν
232 1938 302 1981 ἐπὶ
347 1937 515 1993 θάτερα
557 1943 635 1994 τῆς
680 1941 952 1990 Mavnvecag
998 1940 1041 1982 οἱ
1085 1937 1383 2009 πεμφθέντες
1391 1937 1480 1983 υπὸ

106 1999 196 2038 τῶν
220 1992 464 2050 Ἀθηναίων
493 1999 751 2049 στρατιωται
766 1995 891 2068 πρὸς
927 1995 1007 2051 τὴν
1030 1997 1313 2066 συμμαχίαν,
1355 1994 1479 2047 ὄντες

107 2050 402 2106 έξακιςχίλιοι,
444 2052 684 2107 στρατηγὸν
731 2050 776 2095 6'
819 2052 987 2107 ἔχοντες
1030 2050 1288 2122 Ηγέλρχον,
1335 2051 1479 2106 α’νδρα
1506 2055 1561 2096 30

105 2123 196 2150 των
223 2107 342 2163 παρὰ
371 2112 463 2159 τοῖς
492 2111 687 2159 πολίταις
724 2107 1065 2162 ἐπαινουμένων.
1125 2109 1257 2159 οὑτος
1293 2108 1340 2152 δὲ
1376 2109 1480 2161 τοὺς

106 2164 283 2215 ἱκανοὺς
321 2165 381 2215 εἰς
408 2164 494 2235 τὴν
515 2165 645 2208 πόλιν
682 2181 1010 2233 παρειςαγαγων
1047 2163 1126 2221 τὴν
1174 2163 1309 2235 άλλην
1348 2164 1477 2209 δύνα-

105 2236 181 2277 μιν
217 2219 423 2273 ἐξέταξεν,
461 2219 521 2272 ώς
529 2220 663 2292 μάχῃ
693 2220 1104 2292 διακριθησόμενος.
1162 2220 1300 2271 εὐθὺς
1329 2221 1376 2265 δὲ
1404 2238 1479 2265 και

104 2277 443 2332 Λακεδαιμόνιοι
470 2277 545 2321 καὶ
573 2281 810 2329 Μαντινεῖς
838 2278 1129 2346 ἐπεφάνησαν,
1162 2278 1236 2321 καὶ
1265 2277 1374 2347 πρὸς
1397 2278 1479 2334 τῆν

103 2336 191 2376 τῶν
219 2333 335 2376 ὅλων
363 2335 506 2387 κρίσιν
535 2332 719 2385 ἅπαντες
745 2334 1120 2388 παρεσκευάζοντο
1149 2335 1223 2378 καὶ
1242 2334 1346 2391 τούς
1369 2350 1473 2378 παν-
1505 2336 1558 2378 35

105 2387 290 2445 ταχόθεν
315 2389 568 2447 συμμάχους
595 2389 929 2447 μετεπέμποντο.
989 2395 1081 2442 τοῖς
1117 2407 1198 2447 μεν
1241 2392 1326 2435 οὐν
1353 2394 1479 2435 Μαν-

108 2545 167 2580 95.
188 2545 271 2594 τέγη
293 2548 410 2592 AFK,
445 2551 572 2586 caeteri
595 2549 700 2594 στέγη
894 2547 927 2584 4.
952 2548 1232 2596 μεμηνυμὲνην]
1265 2548 1478 2595 μηνομένην

110 2592 145 2625 Κ
323 2595 356 2631 8.
379 2595 595 2642 στράτευμα]
621 2593 920 2641 στρατοπέδευμα
943 2607 1060 2630 omnes
1242 2596 1276 2630 9.
1299 2598 1480 2632 Λακεδαι-

108 2637 265 2683 μονίων]
293 2641 537 2685 Σπαρτιατῶν
560 2645 589 2679 L
768 2642 826 2679 2⁰.
860 2646 1093 2698 περιπεσεῖν]
1107 2639 1289 2677 ἐπιπεσεῖν
1313 2642 1397 2676 Rei.
1400 2642 1479 2676 kius

201 2684 258 2719 69.
281 2686 338 2720 27.
361 2687 523 2742 θάτερα]
549 2690 640 2734 μέρη
664 2688 759 2723 addit
782 2689 811 2722 L
1005 2689 1062 2722 30.
1085 2684 1296 2732 Ηγέλοχον]
1324 2685 1477 2742 Ηγήλω

110 2741 176 2775 χον
197 2730 277 2764 libri
345 2732 758 2780 των-ἐπαινουμένων
775 2734 858 2767 We
861 2733 1044 2778 selingius.
1067 2735 1148 2768 libri
1171 2731 1478 2769 τὸν-ἐπαινού-

110 2787 224 2819 μενον
255 2774 369 2820 (ἐπεν.
400 2780 450 2822 Κ)
631 2781 689 2816 33.
728 2780 1064 2824 διακριθησόμενος
1093 2778 1479 2835 Wesseli11gius:lib1i

111 2823 470 2869 διακριθησομένους
649 2826 707 2862 35.
730 2826 1069 2873 παρεσκευάζοντο]
1094 2824 1400 2868 κατεσκευάζοντο
1424 2826 1453 2859 Α

1151 2888 1208 2925 6ίί
