1820 3249
416 670 1225 734 PRAEFATIO.

126 960 229 1032 De
262 985 384 1031 libris
418 985 591 1047 scriptis
633 990 678 1032 et
713 983 841 1031 editis
869 981 1002 1029 huius
1036 981 1174 1044 partis
1206 996 1345 1041 quum
1380 994 1518 1040 prae-

126 1078 296 1124 fatione
333 1079 393 1124 ad
437 1078 672 1125 voluminis
717 1077 852 1139 primi
897 1082 1074 1138 partem
1112 1075 1301 1120 alteram
1345 1073 1520 1119 dictum

126 1171 206 1226 sit,
245 1169 341 1218 hoc
394 1170 503 1219 loco
544 1170 718 1232 placuit
763 1186 818 1225 ea
866 1184 984 1229 quae
1034 1167 1256 1230 superiori
1305 1164 1521 1212 volumini

127 1267 222 1324 aut*
247 1261 462 1310 addenda
509 1268 586 1310 aut
627 1262 674 1308 in
715 1277 772 1309 eo
825 1261 1097 1325 corrigenda
1139 1260 1395 1307 viderentur
1440 1270 1521 1303 ex-

122 1351 310 1417 ponere.

759 1480 814 1525 P.
848 1479 885 1524 1.

238 1589 408 1629 Praefat.
436 1590 576 1642 p.111.
616 1591 647 1630 C
666 1590 907 1631 Vaticanum
938 1589 1027 1630 dixi
1061 1567 1372 1641 bomiiycinum,
1402 1600 1526 1638 quum

125 1644 271 1685 vellem
315 1647 674 1687 membranaceum.
770 1648 877 1688 Vide
926 1647 1220 1702 praefationem
1274 1644 1527 1696 Wesselingii

123 1716 166 1756 p.
192 1703 385 1743 XXXIX.
415 1704 478 1743 ed.
509 1704 620 1757 Lips-

237 1761 281 1800 P.
306 1760 373 1799 IV.
410 1761 460 1800 In
487 1761 672 1800 Haenelii
701 1761 892 1813 catalogis
925 1760 1127 1800 librorum
1153 1738 1528 1811 manuscriptorum

124 1829 166 1868 Ρ.
193 1819 291 1860 844.
319 1825 567 1858 memmatur
591 1819 790 1858 ‘librorum
815 1819 993 1870 quinque
1022 1817 1244 1870 primorum
1273 1816 1403 1854 codex
1432 1816 1529 1854 olim

124 1873 486 1926 Meermannianus‚
509 1889 620 1915 nunc
638 1875 816 1915 'rhomae
835 1874 1017 1928 Philippi
1036 1874 1231 1923 Britanni,
1243 1873 1420 1926 scriptus
1443 1886 1530 1911 sae-

127 1930 219 1968 culo
245 1937 360 1970 sexto
388 1933 566 1983 decimo,
598 1946 679 1984 quo
708 1932 956 1986 typographi
981 1932 1044 1970 usi
1067 1931 1150 1969 sint
1177 1930 1223 1968 in
1245 1930 1528 1983 imprimendo.

124 1986 262 2040 Itaque
287 1987 368 2027 hoc
396 1995 456 2028 cst
486 1989 764 2054 apographum
795 1990 904 2043 quod
932 1989 1065 2041 operis
1094 1987 1265 2028 tradidit
1290 1986 1529 2040 Stephanus.

216 2045 281 2087 .P.
314 2045 376 2084 ed.
400 2048 524 2088 Wess.
549 2048 589 2089 3.
621 2047 806 2099 inscript.
853 2042 1066 2098 Διόδωρος
1096 2044 1140 2086 ἐν
1171 2047 1229 2100 τῷ
1255 2041 1430 2099 τετάρτῳ
1457 2047 1529 2084 Βι-

123 2101 362 2154 βλιοθηκων
397 2103 504 2145 dixit
539 2103 660 2142 etiam
699 2104 979 2144 Theodoretus
1020 2101 1098 2141 vol.
1139 2102 1208 2142 IV.
1242 2115 1284 2154 p.
1324 2106 1422 2145 767.
1461 2100 1527 2141 ed.

122 2157 310 2209 Schulz„
347 2160 419 2199 ubi
454 2160 624 2202 Vrsinus
661 2158 967 2215 Βιβλιοθήκης,
1008 2165 1048 2198 et
1082 2159 1254 2198 Ioannes
1289 2158 1530 2198 Laurentius

123 2214 175 2323 ge
201 2217 502 2268 magistratibus
537 2218 750 2257 Romanis
747 2232 802 2272 Ρ.
830 2221 899 2261 82.
951 2213 1163 2271 Διόδωρος
1187 2215 1234 2258 ἐν
1264 2215 1432 2273 δευτέρᾳ
1461 2219 1531 2256 Βι-

150 2275 382 2326 λιοθηκοῖν.
409 2312 427 2318 ,,

234 2330 281 2370 Ρ
300 2331 340 2374 4·
362 2330 430 2386 49.
469 2330 675 2384 αἶωνίαις]
707 2331 972 2372 Scribendum
1000 2343 1085 2371 esse
1113 2329 1299 2382 αἰωνίοις
1329 2328 1529 2369 monitum

123 2384 175 2424 ad
205 2387 286 2427 vol.
305 2387 356 2427 H.
383 2402 427 2440 p.
455 2389 552 2431 215
573 2388 646 2431 42.

198 2443 279 2483 P.
303 2446 431 2488 9.16.
462 2445 574 2484 Haec
595 2444 800 2498 spectavit
816 2445 981 2484 Tzetzes
1001 2443 1210 2485 Posthom.
1230 2457 1274 2487 v.
1292 2446 1392 2488 766.

235 2500 280 2540 Ρ.
306 2505 371 2545 17.
393 2502 462 2545 24·
492 2501 598 2544 ἔνιοι
620 2500 664 2543 δὲ
693 2506 775 2543 τῶν
804 2501 946 2556 ἱερέων
977 2502 1080 2554 φασὶ
1113 2517 1278 2556 πρωτον
1298 2499 1528 2554 Ἡφαιστου

123 2554 380 2610 βασιλεῦσαι]
418 2558 511 2598 Huc
539 2560 724 2628 respexit
750 2560 919 2598 loannes
952 2559 1192 2598 Laurentius
1221 2561 1250 2601 1.
1287 2573 1326 2599 c.
1361 2574 1401 2612 Ρ.
1428 2560 1525 2600 202.

122 2609 341 2709 Ἡΐαίστου
363 2618 440 2657 τοῦ
459 2632 623 2671 πρωτου
644 2613 958 2670 βασιλεύσαντος
985 2613 1198 2672 Αἰγύπτου
1230 2632 1332 2660 κατα
1363 2613 1432 2658 τὸν
1457 2617 1528 2655 Σι-

124 2681 169 2709 ne
194 2684 333 2722 ιωτην.

240 2725 376 2769 Ρ.24.
397 2729 464 2772 06.
496 2728 633 2770 Malim
653 2736 863 2784 receptum
881 2728 1040 2787 τοιῷδέ.
