1820 3249
14 315 17 331 1

14 333 17 360 l

14 367 17 397 l

506 92 1185 142 LlB.xvv111.cAP.60.61.
1418 101 1528 142 1315

161 206 272 279 κατὰ
299 204 379 263 την
407 205 626 262 βασιλείαν
656 206 835 248 διοικεῖν
864 203 1060 259 ἐνεργῶς
1118 205 1267 260 διόπερ
1289 205 1410 263 οἶμαι
1431 211 1522 254 δεῖν
1549 217 1604 257 20

162 264 210 308 ἐκ
237 267 312 337 τῆς
346 265 567 333 βασιλικῆς
601 260 731 316 γάζης
765 261 1086 305 κατασκευάσαι
1123 267 1315 318 χρυσοῦν
1343 265 1521 321 θρόνον,

164 320 212 364 ἐν
250 337 284 377 φ
321 319 521 370 τεθέντος
556 322 637 361 τοῦ
676 315 938 372 διαδηματος
976 319 1046 361 καὶ
1076 319 1312 390 σκήπτρου
1324 323 1397 365 καὶ
1427 336 1521 367 στε-

164 374 312 445 φάνου
351 376 425 420 καὶ
460 378 534 431 τῆς
574 373 704 444 ἄλλης
745 377 1010 442 κατασκευῆς
1048 375 1245 420 ἐπιθύειν
1283 375 1360 445 ἅμ’
1387 377 1524 446 ἡμέρα

86 431 330 486 303ποὶντας
356 430 478 490 αὐτῷ
508 429 623 484 τοὺς
629 429 851 500 ἡγεμόνας
867 463 878 482 ,
926 432 998 474 καὶ
1035 435 1218 500 πλησίον
1245 438 1325 477 τοῦ
1352 433 1523 505 θρόνου

167 477 460 544 συνεδρεύειν,
483 488 557 531 καὶ
586 485 638 530 τά
668 485 970 541 προςτάγματα
1001 488 1234 558 λαμβάνειν
1263 492 1309 534 ἐκ
1326 497 1406 534 τοῦ
1428 491 1523 536 ὀνό-
1551 499 1606 539 25

159 563 324 602 ματος
331 549 412 589 τοῦ
447 543 678 599 βασιλέως,
720 561 778 594 ως
815 547 973 596 ζωντος
1002 547 1073 586 καὶ
1103 547 1419 602 προεστηκότος
1447 553 1523 604 τῆς

160 603 272 652 ἰδίας
300 604 532 670 βασιλείας.
589 600 767 644 πάντων
797 597 844 642 δ’
877 599 1210 671 ἀποδεξαμένων
1230 604 1332 655 τους
1350 604 1521 660 λόγους,
1550 616 1603 655 61

159 658 318 727 ταχέως
349 656 519 701 ἅπαντα
556 656 878 712 κατεσκευάσθη
913 656 966 699 τὰ
998 658 1106 711 πρὸς
1142 659 1220 715 τὴν
1252 662 1419 714 χρείαν,
1464 679 1523 713 ως

158 713 214 757 ἂν
242 714 522 770 πολυχρύσου
551 718 625 770 τῆς
655 716 879 769 βασιλικῆς
909 712 1042 770 οὔσης
1073 713 1230 783 γάζης...
1274 715 1408 767 εὐθὺς
1438 724 1522 761 οὑν

157 773 578 841 κατασκευασθείσης
613 774 970 840 μεγαλοπρεποῦς
1018 777 1176 841 σκηνῆς
1211 769 1239 815 6'
1273 789 1317 815 τε
1355 772 1522 843 θρόνος
1550 786 1605 825 30

158 826 182 870 ἒ
205 823 268 874 ὠν
304 827 353 871 τὸ
395 826 583 884 διάδημα
618 827 692 870 καὶ
729 826 778 870 τὸ
815 831 1036 882 σκῆπτρον
1072 827 1197 896 ἐτέθη
1224 829 1298 871 καὶ
1326 830 1378 873 τοὶ
1409 829 1521 874 ὅπλα

159 899 225 935 οις
254 882 415 928 εἰώθει
425 888 634 940 χρῆσθαι·
683 883 757 927 καὶ
784 883 980 953 κειμένης
1008 882 1188 953 ἐσχάρας
1216 883 1395 955 ἐχούσης
1408 891 1519 955 πῦρ,

157 939 348 984 ἐπέθυον
376 940 423 985 ἐκ
451 942 660 996 κιβωτίου
685 945 855 1009 χρυσοῦ
884 940 1040 990 πάντες
1069 942 1114 983 οἱ
1139 939 1344 997 ἡγεμόνες
1372 941 1448 986 τόν
1475 960 1520 987 τε

155 995 399 1052 λιβανωτὸν
438 997 512 1041 καὶ
551 1000 639 1045 τῶν
678 996 821 1040 άλλων
860 995 1038 1039 εὐωὸων
1072 995 1124 1040 τὰ
1162 999 1518 1068 πολυτελέστατα,
1549 1013 1602 1054 35

153 1054 228 1097 καὶ
255 1052 556 1106 προςεκύνουν
586 1051 646 1104 ὦς
672 1052 782 1096 θεὸν
810 1052 887 1096 τὸν
912 1052 1202 1108 Ἀλέξανδρον.
1261 1053 1519 1108 ἀκολούθως

154 1109 200 1152 δὲ
227 1107 401 1160 τούτοις
429 1111 613 1178 δίφρων
630 1113 740 1152 πολλ
745 1126 806 1152 ων
833 1109 1061 1165 κειμένων,
1093 1109 1294 1163 ἐκάθιζον
1323 1113 1392 1155 ἐπι
1420 1114 1520 1156 τού-

151 1182 239 1209 των
268 1167 313 1210 οἱ
339 1166 414 1216 τὰς
449 1165 682 1236 ἡγεμονίας
718 1166 885 1221 ἔχοντες
917 1167 991 1208 καὶ
1025 1166 1359 1238 συνεδρεύοντες
1394 1170 1519 1241 ἐβου-

151 1221 334 1266 λεύρντο
363 1223 461 1277 περὶ
490 1239 578 1268 των
601 1221 673 1266 ἀεὶ
701 1220 1054 1276 κατεπειγόντων
1114 1221 1138 1266 6
1169 1221 1214 1267 6'
1245 1223 1447 1293 Εὐμένης
1470 1225 1518 1269 έν

151 1282 259 1330 πᾶσι
284 1283 377 1330 τοῖς
403 1279 780 1351 χρηματιζομένοις
813 1280 911 1322 ι’σον
941 1277 1099 1323 ἑαυτὸν
1127 1285 1218 1331 τοῖς
1248 1279 1396 1333 ἄλλοις
1410 1280 1515 1351 ἦγε
1545 1296 1601 1340 40

151 1336 281 1404 μόσιν
309 1333 444 1379 αποδε
447 1334 630 1386 ικνύων,
658 1336 730 1380 καὶ
757 1335 923 1386 πάντας
952 1341 1044 1385 ταῖς
1074 1337 1517 1409 φιλανθρωποτάταις

153 1391 344 1447 ὁμιλίαις
374 1394 665 1463 δημαγωγῶν,
703 1392 782 1435 τόν
810 1409 854 1435 τε
883 1389 990 1435 καθ’
1020 1391 1178 1436 ἑαυτοῦ
1199 1393 1387 1463 φθόνον
1416 1392 1518 1439 άπε-

151 1449 336 1500 τρίψατο
373 1450 446 1491 καὶ
468 1448 654 1518 πολλὴν
677 1448 856 1492 εὔνοιαν
886 1449 931 1492 έν
960 1453 1051 1500 τοῖς
1078 1447 1257 1518 ηγεμόσι
1285 1451 1394 1505 πρὸς
1423 1451 1520 1496 έαυ-

151 1505 233 1548 τὸν
257 1503 584 1549 κατεσκεύασεν.
625 1503 713 1560 ἅμα
743 1505 788 1548 δὲ
818 1505 889 1548 καὶ
918 1509 1002 1576 τῆς
1014 1505 1122 1548 κατὰ
1145 1506 1417 1560 τὸνβασιλέα
1438 1511 1517 1552 δει-

152 1563 425 1616 σιδαιμονίας
453 1561 744 1630 ἐνισχυούσης,
777 1559 957 1631 άγαθων
985 1561 1171 1605 ἐλπίδων
1195 1561 1379 1614 άπαντες
1394 1564 1516 1620 έπλη-
1545 1575 1599 1620 45

151 1635 253 1671 ρουτ
268 1635 329 1670 το
358 1617 555 1672 καθάπερ
584 1622 696 1662 θεοῦ
724 1635 841 1668 τινος
872 1616 1017 1661 αὐτων
1042 1616 1304 1673 ἡγουμένου.
1353 1620 1516 1675 ὁμοίως

112 1685 116 1692 ’
153 1674 198 1719 δε
226 1675 398 1725 τούτοις
426 1692 500 1718 και
525 1674 634 1728 πρὸς
661 1691 764 1725 τους
794 1672 1125 1729 αργυράσπιδας
1158 1676 1414 1726 Μακεδόνας
1441 1694 1515 1721 πο-

149 1730 425 1801 λιτευόμενος
467 1730 687 1787 ἀποδοχῆς
726 1731 913 1801 μεγάλης
954 1730 1158 1785 ἐτύγχανε
1200 1731 1307 1786 παρ’
1350 1731 1513 1787 αὐτοῖς,

151 1804 210 1839 ως
231 1786 358 1840 άξιος
386 1787 451 1831 ω’ν
478 1792 553 1844 τῆς
580 1792 668 1831 τῶν
696 1787 910 1858 βασιλέων
941 1790 1187 1842 φροντίδος.
1239 1791 1514 1860 προχειρισά·

149 1860 280 1899 μενος
306 1844 352 1888 δὲ
381 1848 469 1887 τῶν
498 1846 639 1913 φίλων
667 1843 772 1895 τούς
802 1842 1148 1896 εὐθετωτάτους,
1179 1845 1252 1887 καὶ
1280 1848 1383 1896 δοὺς
1411 1846 1513 1903 χρή·
1542 1860 1596 1902 50

148 1917 264 1970 ματα
287 1902 464 1969 δαψιλῆ
491 1899 601 1954 πρὸς
629 1900 724 1971 τήν
737 1902 1032 1971 ξενολογίαν,
1060 1901 1312 1970 ἐξέπεμψεν,
1362 1901 1513 1956 ὁρίσας

150 1953 402 2012 ἀξιολόγους
430 1957 630 2026 μισθούς.
677 1955 813 2008 εὐθυς
842 1955 883 2001 δ’
916 1959 960 2000 οἱ
986 1973 1066 2012 μεν
1095 1958 1155 2008 είς
1175 1956 1254 2013 τὴν
1278 1959 1513 2030 Πισιδικην

147 2013 220 2058 καὶ
249 2014 418 2056 Λυκίαν
456 2014 527 2057 καὶ
564 2031 649 2083 την
673 2012 975 2082 πλησιόχωρον
1010 2014 1298 2068 παρελθόντες
1325 2015 1512 2068 ἐξενολό-

148 2086 267 2140 γουν
287 2070 506 2125 ἐπιμελῶς,
537 2072 581 2113 οἱ
609 2070 655 2114 δε
683 2085 775 2141 την
789 2071 994 2113 Κιλικίαν
1021 2069 1356 2125 ἐπεπορεύοντο,
1388 2071 1510 2117 α’λλοι
1540 2085 1594 2127 55

149 2126 215 2176 δὲ
223 2124 317 2182 τὴν
330 2127 481 2195 κοίλην
510 2128 683 2182 Συρίαν
706 2126 780 2170 καὶ
812 2127 1035 2195 Φοινίκην,
1064 2126 1176 2177 τινὲς
1204 2127 1251 2170 δὲ
1279 2144 1355 2179 τας
1383 2128 1430 2172 έν
1457 2134 1511 2186 τῇ

149 2173 317 2250 Κύπρῳ
354 2182 512 2234 πόλεις.
572 2184 890 2253 διαβοηθείσης
922 2181 968 2226 δε
1006 2185 1082 2252 τῆς
1121 2183 1389 2238 ξενολογίας,
1436 2188 1511 2229 καὶ

149 2241 223 2293 τῆς
250 2243 527 2310 μισθοφορᾶς
559 2238 791 2310 ἀξιολόγου
820 2238 1148 2311 προκειμένης,
1172 2241 1326 2284 πολλοὶ
1360 2241 1433 2284 καὶ
1461 2242 1509 2286 έκ

149 2298 238 2337 των
269 2299 343 2351 τῆς
375 2294 577 2349 Ἑλλάδος
612 2295 784 2341 πόλεων
811 2295 1004 2341 ἐθελοντὶ
1041 2294 1263 2352 κατήντων
1298 2293 1372 2342 καὶ
1399 2313 1512 2358 προς

147 2450 229 2533 123018
250 2436 422 2499 ἐνεργῶς]
451 2453 614 2503 ἐναργῶς
636 2457 666 2492 V
689 2460 723 2493 et
744 2467 849 2502 supra
871 2464 1010 2490 versum
1031 2454 1062 2489 F
1244 2455 1300 2490 21.
1346 2456 1415 2492 τοῦ
1437 2468 1508 2494 om.

913 2543 988 2582 α’πο

238 2588 316 2625 303.
349 2589 406 2626 27
454 2589 494 2627 δ’
518 2590 821 2650 ἀποδεξαμένων]
847 2589 888 2629 δ’
911 2589 1211 2634 καταδεξαμένων
1234 2590 1266 2625 F
1446 2592 1503 2628 28.

149 2634 395 2679 κατεσκευάσθ
427 2638 440 2682 ]
464 2639 702 2677 κατεσκεύασε
723 2641 865 2685 1¹*va
1047 2637 1101 2671 29
1147 2634 1394 2682 πολυχρύσου]
1417 2640 1505 2674 πολ-

148 2682 218 2716 λου
239 2675 377 2726 χρυσοῦ
397 2650 429 2716 τέ
608 2687 665 2721 30.
713 2686 847 2733 σκηνῆς
829 2685 945 2729 ςνΨ
967 2685 1061 2722 Bas..
1089 2683 1216 2718 caeteri
1241 2685 1368 2726 σκευῆς

147 2727 205 2763 58.
252 2727 292 2764 ἐκ
313 2728 401 2772 τοῖν]
426 2742 498 2766 των
521 2729 559 2767 ἐκ
583 2742 700 2768 omnes
881 2729 1069 2773 ἐθελοντὶ]
1093 2727 1286 2767 ἐθελονταὶ
1307 2730 1413 2765 Fvw

1119 2783 1232 2832 84*
