1820 3249
342 148 454 188 1146
711 145 827 186 LIB.
857 145 969 186 XVI.
1027 146 1154 187 CAP.
1183 149 1250 189 11.
1280 149 1349 189 12.

340 260 705 307 πλεονεκτοῦντες
730 257 1045 312 ἐνεκαρτέρουν
1073 263 1164 309 τοῖς
1195 261 1365 310 δεινοῖς.
1425 257 1495 302 διό
1521 260 1594 302 καὶ
1614 259 1726 314 παρ’

341 312 608 369 αμφοτέροις
644 315 797 357 πολλοὶ
836 314 915 370 μὲν
944 314 1359 370 κατετιτροόσκοντο
1403 315 1486 359 οὐκ
1505 315 1654 386 ὀλίγοι
1679 306 1724 360 δ’

339 371 520 414 ἔπιπτον
553 372 751 421 ἐναντίας
780 371 1078 426 λαμβάνοντες
1107 373 1285 429 πληγάς
1336 373 1448 444 δμοῦ
1471 370 1515 416 6⁷
1537 376 1594 429 ἡν
1613 390 1725 416 κατα

339 428 416 478 τὰς
447 429 493 471 ἐν
523 434 613 478 τοῖς
643 427 779 483 αγῶσι
809 429 1064 484 συμπλοκάς
1093 431 1264 484 μυγμός
1291 431 1364 473 καὶ
1391 429 1473 485 βοὴ
1496 431 1570 472 καὶ
1589 446 1726 484 παρα-

255 488 307 530 35
338 484 585 539 κελευσμός,
616 485 736 539 παρὰ
767 486 846 540 μὲν
874 491 966 535 τοῖς
994 485 1222 548 ΝΙακεδόσι
1253 487 1310 543 μὴ
1341 491 1627 542 καταισχῦναι
1648 487 1727 537 τοὶς

335 541 706 598 προγεγενημένας
736 541 1053 597 ἀνδραγαθίας,
1083 542 1202 597 παρὰ
1234 544 1278 586 δὲ
1308 550 1401 594 τοῖς
1427 545 1636 598 Θηβαίοις
1667 543 1724 600 μὴ

333 602 547 652 περιιδεῖν
588 600 716 642 τέκνα
753 600 825 642 καὶ
863 605 1008 653 γονεῖς
1043 617 1154 672 υπερ
1189 599 1550 655 ανδραποδισμοῦ
1578 603 1726 644 κινδυ-

335 656 546 707 νεύοντας
578 657 651 699 καὶ
681 674 730 711 τ7
736 673 760 697 ν
791 658 979 709 πατρίδα
1011 660 1244 700 πανοίκιον
1272 657 1360 701 ὑπὸ
1390 658 1493 709 τοὺς
1523 656 1725 701 Μακεδό-

334 730 427 755 νων
465 714 638 767 θυιιούς
672 712 1006 765 ὑποπεσοῡσαν,
1037 719 1306 783 μνησθῆναι
1346 715 1391 758 δὲ
1421 732 1497 771 της
1527 714 1575 757 ἐν
1605 714 1723 757 Λεύ-
1736 725 1801 759 169

250 774 304 816 40
332 787 485 822 κτροις
521 770 595 812 καὶ
636 769 683 812 ἐν
714 772 959 826 Μαντινείᾳ
988 770 1122 826 μάχης
1154 773 1225 813 καὶ
1255 776 1342 814 τῶν
1371 772 1504 828 παρὰ
1518 775 1625 814 πᾶσι
1652 787 1724 814 πε-

334 825 554 899 ριβοητων
585 816 1008 897 ἀνδραγαθημάτων.
1069 828 1140 870 ἐπὶ
1169 827 1312 870 πολυν
1341 828 1419 882 μὲν
1450 830 1532 872 οὐν
1560 828 1724 884 χρόνον

333 883 574 939 ἰσόρῤοπος
611 886 666 938 ἠν
696 883 722 938 ἡ
754 882 865 940 μάχη
895 883 968 926 δια
998 884 1078 939 τὴν
1107 883 1359 956 ὑπερβολήν
1388 889 1463 940 τῆς
1492 889 1581 928 τῶν
1610 902 1722 940 αγω-

256 945 302 984 12
333 940 574 995 νιζομένων
604 939 826 993 ἄνδρειᾞας
867 941 972 996 μετὰ
1003 942 1049 984 δὲ
1076 945 1214 985 ταῦτα
1245 940 1269 984 6
1296 940 1575 996 Ἀλέξανδρος
1604 941 1724 997 ὁρῶν

249 1001 302 1042 45
334 997 439 1047 τούς
470 997 548 1053 μὲν
581 999 804 1053 Θηβαίους
833 997 1014 1053 ἑτοίμως
1042 997 1151 1068 ὑπερ
1182 1004 1258 1055 τῆς
1287 999 1539 1053 ἐλευθερίας
1568 1015 1723 1054 αγωνι-

335 1058 434 1108 ζομε
426 1054 556 1105 ’νους,
587 1056 691 1104 τοὺς
725 1055 770 1098 δε
800 1054 1065 1106 Μακεδόνας
1095 1073 1341 1110 καμνοντας
1361 1061 1415 1113 τῆ
1435 1055 1561 1112 μάχῃ,
1593 1072 1720 1109 προς-

333 1112 450 1162 έταξε
488 1110 591 1161 τούς
627 1111 695 1155 ἐπὶ
735 1116 811 1168 τῆς
851 1112 1076 1184 ἐφεδρείας
1112 1114 1400 1182 τεταγμένους
1438 1113 1720 1164 διαδέξασθαι

329 1167 408 1210 τὸν
437 1167 598 1222 αγώνα.
659 1171 702 1212 οἱ
731 1171 811 1224 μὲν
842 1175 924 1212 οὐν
954 1169 1213 1221 Μακεδόνες
1242 1170 1370 1224 ἄφνω
1401 1169 1718 1225 προςπεσόντες

247 1227 302 1269 50
331 1230 422 1276 τοῖς
467 1227 678 1280 Θηβαίοις
715 1226 981 1277 κατακόποις
1020 1231 1169 1297 βαρεῖς
1210 1228 1422 1270 ἐπέκειντο
1463 1232 1555 1277 τοῖς
1594 1232 1718 1270 πολε-

329 1285 447 1336 μίοις
477 1284 549 1325 καὶ
578 1283 771 1333 πολλούς
800 1282 1011 1338 ανῄρουν.
1073 1282 1127 1327 οὐ
1160 1285 1246 1340 μὴν
1277 1287 1320 1327 οἱ
1343 1287 1528 1340 Θηβαῖοι
1557 1288 1632 1339 τῆς
1654 1285 1717 1326 νί-

328 1356 408 1406 κης
436 1339 687 1394 ἐξεχώρουν,
719 1339 983 1385 τούναντίον
1014 1341 1060 1383 δὲ
1089 1345 1142 1397 τῇ
1174 1343 1399 1397 φιλοτιμίᾳ
1422 1341 1717 1396 προαχθέντες

327 1398 505 1439 πάντων
544 1414 634 1439 των
665 1400 823 1440 δεινῶν
853 1397 1171 1453 κατεφρόνουν.
1232 1399 1299 1441 ἐπὶ
1328 1402 1514 1440 τοσοῦτο
1546 1398 1591 1441 δε
1622 1403 1717 1448 ταῖς

328 1453 649 1508 ἀνδραγαθίαις
680 1455 935 1515 προεβησαν
966 1454 1066 1505 ω’ςτε
1098 1456 1245 1511 βοαν
1230 1456 1297 1498 ότι
1326 1454 1582 1505 Μακεδόνες
1612 1455 1716 1510 ὁμο-

243 1510 296 1550 55
325 1515 537 1565 λογούσιν
564 1510 722 1566 ἥττους
754 1517 866 1555 εῖναι
899 1515 1116 1568 Θηβαίων,
1149 1513 1222 1555 καὶ
1251 1516 1340 1555 τῶν
1369 1511 1514 1554 ἄλλων
1537 1528 1716 1555 παντων

327 1566 553 1611 εἰωθότων
583 1576 629 1611 εν
659 1574 753 1618 ταῖς
784 1572 1005 1642 διαδοχαις
1034 1585 1123 1612 των
1153 1572 1371 1624 πολεμίων
1402 1568 1589 1612 δεδιέναι
1608 1586 1715 1620 τους

326 1623 561 1677 ακεραίους
590 1629 680 1667 τῶν
710 1627 1039 1679 ἐφεδρευόντων
1069 1624 1193 1669 οὗτοι
1225 1626 1354 1680 μόνοι
1381 1625 1478 1668 τότε
1499 1625 1714 1681 θρασύτε-

326 1698 398 1733 ροι
436 1681 545 1736 πρὸς
585 1699 689 1733 τους
718 1684 953 1733 κινδύνους
981 1683 1178 1738 ὑπηρξαν
1207 1665 1286 1726 όθ’
1315 1685 1358 1727 οἱ
1385 1683 1585 1738 πολέμιοι
1621 1685 1715 1726 δια-

324 1737 461 1794 δοχήν
491 1739 734 1794 ἐξέπεμψαν
764 1747 856 1791 τοῖς
886 1740 1294 1794 καταπονουμένοις
1317 1739 1405 1783 ὑπὸ
1424 1744 1500 1795 τῆς
1520 1756 1712 1783 κακοπα-

240 1800 293 1838 60
322 1798 459 1845 θείας.
519 1794 852 1852 ανυπερβλητου
892 1798 938 1841 δὲ·
977 1801 1052 1851 τῆς
1095 1799 1344 1852 φιλοτιμίας
1381 1796 1638 1852 γινομένης,
1686 1796 1710 1868 6

323 1851 530 1908 βασιλευς
556 1853 833 1919 κατανοήσας
869 1871 967 1897 τινα
1003 1857 1166 1897 πυλίδα
1196 1854 1589 1923 καταλελειμμένην
1616 1852 1709 1898 ’ὑπὸ

323 1914 413 1951 τῶν
446 1909 682 1962 φυλάκων,
726 1911 988 1963 ἐξαπέστειλε
1019 1914 1269 1982 Περδίκκαν
1295 1927 1398 1966 μετα
1431 1915 1710 1966 στρατιωτῶν

323 1968 488 2010 ἱκανῶν
508 1966 834 2022 καταλαβέσθαι
852 1968 1016 2024 ταύτην
1035 1971 1108 2011 καὶ
1128 1973 1429 2022 παρειςπεσεῖν
1451 1970 1510 2019 εἰς
1531 1968 1610 2024 τὴν
1628 1967 1710 2012 πό-

238 2024 291 2066 65
323 2027 406 2065 λιν.
466 2024 628 2066 τούτου
660 2025 705 2067 δὲ
735 2026 843 2081 ταχὺ
872 2026 919 2068 τὸ
952 2026 1223 2080 προςταχθεν
1251 2023 1530 2095 ποιήσαντος,
1561 2027 1605 2068 οἱ
1628 2025 1708 2081 μὲν

322 2083 580 2130 Μακεδόνες
610 2081 682 2124 διὰ
718 2087 788 2138 τῆς
818 2085 1002 2133 πυλίδος
1021 2083 1333 2137 παρειςέπεσον
1367 2083 1427 2132 εἰς
1456 2098 1535 2137 την
1563 2082 1707 2135 πόλιν,
1741 2130 1746 2133 ,

324 2139 369 2180 οἵ
403 2138 449 2181 δὲ
475 2141 660 2193 Θηβαῖοι
679 2138 1082 2195 καταπεπονηκότες
1101 2140 1188 2211 μὲν
1201 2139 1281 2195 τὴν
1300 2136 1480 2194 πρώτην
1502 2138 1708 2194 φάλαγγα

321 2198 409 2237 τῶν
441 2194 738 2243 Μακεδόνων
788 2196 1116 2253 ἀντιταχθέντες
1147 2195 1188 2239 6'
1221 2195 1447 2250 εὐρώστως
1475 2212 1526 2254 τη
1559 2197 1707 2239 δευτέ-

238 2254 290 2293 70
322 2269 398 2308 ρα,
451 2250 671 2303 εὐέλπιδες
701 2250 815 2310 ησαν
843 2254 944 2306 περὶ
972 2271 1049 2310 της
1077 2255 1223 2324 νίκης
1273 2252 1331 2304 ὥς
1361 2252 1407 2296 δε
1435 2253 1706 2323 κατενόησαν

318 2310 453 2363 μέρος
481 2313 558 2364 τῆς
587 2311 753 2363 πόλεως
783 2311 1138 2366 κατειλημμένον,
1171 2308 1304 2360 εὐθὺς
1329 2308 1612 2382 ανεχώρησαν
1637 2310 1704 2352 ἐν-

317 2366 392 2416 τὸς
430 2382 520 2408 των
556 2382 719 2423 τειχων.
781 2368 871 2424 ἅμα
910 2369 956 2412 δὲ
994 2367 1170 2419 τούτοις
1197 2367 1512 2423 πραττομένοις
1551 2368 1594 2410 οἷ.
1623 2366 1704 2424 μὲν

314 2522 371 2558 35.
419 2525 689 2569 καταισχῦναι]
717 2524 972 2571 καταισχύνειν
995 2527 1054 2561 Fh
1236 2525 1295 2560 38.
1343 2524 1431 2567 τούς
1455 2545 1498 2553 -
1522 2523 1700 2571 Quande]

313 2571 384 2606 τοῦ
402 2590 444 2595 -—
464 2573 594 2613 θυμοῦ
619 2573 657 2607 L.
684 2577 717 2605 et
742 2573 802 2616 qui
825 2575 900 2608 τῶν
922 2577 975 2609 Μ’.
1001 2575 1033 2607 F

406 2617 485 2650 16⁴).
509 2616 565 2650 45.
601 2614 716 2662 ν’πὲρ]
742 2619 825 2663 περὶ
849 2621 878 2654 L
1014 2618 1071 2654 47.
1106 2617 1324 2675 ἐφεδρείας]
1350 2616 1528 2663 ἐφεδρίας
1551 2620 1635 2654 Bas,

404 2662 459 2697 53.
510 2666 695 2709 τοσοῦτο]
720 2667 901 2701 τοσοῦτον
923 2666 954 2699 F
1120 2665 1178 2699 55.
1228 2662 1349 2701 ἄλλων
1373 2664 1550 2709 πάντων]
1578 2663 1698 2700 ἄλλων

310 2706 386 2754 ἤδη
410 2709 562 2743 πάντων
587 2711 645 2744 FL
807 2712 863 2748 56.
908 2712 984 2747 τῶν
1005 2713 1212 2771 πολεμίων]
1245 2713 1430 2756 πολεμίων
1454 2713 1538 2747 Bas.

311 2755 370 2789 53.
420 2752 616 2800 υπῆρξαν]
643 2753 828 2802 α’ντῆρξαν
862 2759 891 2793 F
1092 2756 1163 2797 ὅθ’
1172 2759 1186 2803 ]
1219 2757 1280 2794 ὅτε
1302 2760 1331 2792 F
1527 2757 1584 2793 67.
1631 2769 1698 2801 μεν

312 2813 381 2835 nnn
408 2802 490 2837 Bae.
