1820 3249
274 147 384 187 1366
634 143 750 183 [AB.
780 143 885 184 xlx.
943 143 1074 185 GAP.
1105 147 1273 188 zum-30

275 270 387 306 πους
408 252 796 325 ὀνομαζομένους
814 254 888 299 καὶ
925 270 1030 306 τους
1065 255 1112 299 ἐκ
1141 271 1230 300 των
1261 254 1353 299 ἄνω
1387 253 1644 297 κατοικούν-

276 328 363 354 των
394 309 691 362 ὀκτακοσίους.
729 310 802 354 καὶ
829 310 878 355 τὸ
908 311 986 367 μὲν
1015 310 1245 381 εὐωνυμον
1274 312 1401 364 κέρας
1428 308 1516 353 ὑπὸ
1547 310 1644 354 τού·
1654 322 1722 356 340

197 373 251 411 80
280 384 369 436 των
407 368 648 424 ἐπληροῦτο
686 372 775 412 τῶν
812 368 998 421 ἱππέων,
1039 370 1101 411 ὠν
1130 367 1332 411 ἁπάντων
1364 366 1535 413 Πύθων
1562 365 1645 421 εἶχε

277 441 391 496 την
399 425 647 481 ηγεμονίαν.
701 428 790 468 τῶν
827 425 872 469 δὲ
910 429 1049 478 πεζῶν
1086 429 1252 479 πρῶτοι
1290 425 1367 480 μὲν
1405 422 1647 493 ἐτάχθησαν

280 498 323 524 οι
352 481 489 533 ξένοι,
525 482 698 531 πλείους
727 480 845 532 ὄντες
873 485 962 525 τῶν
990 482 1309 537 ἐνακιςχιλίων,
1349 479 1453 535 μετὰ
1483 480 1528 522 δὲ
1548 478 1647 522 τού-

277 554 381 587 τους
422 536 580 580 Λύκιοι
607 537 691 590 ικαὶ
728 537 987 594 Παμφύλιοι
1023 541 1268 593 τριςχίλιοι,
1299 536 1572 580 παντοδαποὶ
1602 534 1644 579 δ’

281 596 339 644 εἰς
367 610 419 636 τα
450 593 732 637 Μακεδονικὰ
758 594 1112 662 καθωπλισμένοι
1139 596 1312 644 πλείους
1340 609 1428 637 των
1458 591 1648 641 ὁκτακις-

197 647 251 690 85
279 651 446 720 χιλίων.
485 649 552 693 ἐπὶ
588 655 694 694 πᾶσι
724 651 768 694 δὲ
798 649 1051 701 Μακεδόνες
1081 647 1136 693 οὐ
1173 650 1287 693 πολὺ
1316 649 1518 699 ἐλάττους
1557 653 1648 691 τῶν

280 706 620 762 ὀκτακιςχιλίων,
662 705 739 758 οὒς
777 707 935 750 ἔδωκεν
962 705 1239 761 Ἀντίπατρος
1268 705 1375 750 καθ’
1409 705 1461 748 ὃν
1486 704 1648 777 καιρόν

278 763 526 832 ἐπιμελητὴς
570 763 802 820 ἀπεδείχθη
845 767 921 819 τῆς
964 764 1197 832 βασιλείας.
1269 778 1358 805 των
1395 761 1443 805 δ’
1482 761 1648 804 ἱππέων

277 823 442 887 πρῶτοι
481 819 560 874 μὲν
594 821 707 875 ἦσαν
745 819 812 862 ἐπὶ
848 822 930 863 τοῦ
968 821 1111 870 δεξιοῦ
1152 818 1331 873 κέρατος
1361 815 1650 868 συνάπτοντες

279 893 331 932 τῃ
372 875 562 930 φάλαγγι
605 875 876 930 μισθοφόροι
916 876 1189 919 παντοδαποὶ
1226 873 1525 924 πεντακόσιοι,
1535 873 1650 943 ἑξῆς

198 934 253 975 90
282 933 328 976 δὲ
338 935 526 1000 Θρᾷκες
552 932 703 998 χίλιοι,
731 931 848 986 παρά
887 932 933 976 δὲ
969 935 1058 975 τῶν
1088 930 1334 1001 συμμάχων
1359 927 1649 981 πεντακόσιοι,

281 986 475 1057 ἐχόμενοι
505 987 551 1030 δὲ
580 987 750 1030 τούτων
789 990 833 1031 οἱ
859 988 1280 1060 προςαγορευθέντες
1315 987 1476 1041 εταῐροι
1505 987 1649 1054 χίλιοι,

281 1043 535 1113 Δημήτριον
573 1044 740 1099 ἔχοντες
775 1043 968 1100 ἡγεμόνα
996 1044 1074 1089 τὸν
1103 1043 1377 1115 Ἀντιγόνου,
1391 1042 1500 1115 ,τότε
1528 1041 1648 1111 πρώ-

280 1117 364 1150 τως
399 1100 611 1155 μέλλοντα
634 1103 1009 1171 συναγωνίζεσθαι
1045 1104 1107 1158 τῷ
1134 1102 1277 1153 πατρί.
1335 1097 1402 1144 ἐπ’
1434 1098 1574 1154 α’κρου
1604 1097 1649 1143 δὲ

198 1157 253 1201 95
282 1160 362 1200 τοῦ
405 1157 586 1214 κέρατος
622 1159 678 1226 ἦν
721 1158 770 1200 τό
811 1158 956 1226 ἄγημα
989 1161 1078 1201 τῶν
1108 1158 1329 1211 [ἱππέων]
1370 1157 1647 1210 τριακοσίων,

282 1210 385 1268 μεθ’
419 1214 482 1255 ὠν
508 1213 581 1257 καὶ
611 1211 743 1265 αὐτὸς
772 1213 1044 1258 ἐκινδύνευε·
1074 1214 1320 1285 πρόταγμα
1331 1213 1377 1257 δὲ
1407 1211 1576 1255 τούτων
1600 1212 1648 1257 ἐκ

281 1273 371 1313 τῶν
400 1270 524 1312 ἰδίων
550 1271 721 1313 παίδων
760 1267 848 1317 ἶλαι
876 1275 990 1324 τρεῖς
1026 1269 1224 1325 υπῆρχον
1252 1270 1326 1312 καὶ
1353 1268 1530 1319 ταύταις
1557 1270 1648 1313 ’ίσοι

281 1325 575 1395 παράλληλοι,
616 1326 1027 1396 συναγωνιζομένων
1056 1326 1204 1376 αὐτοῖς
1236 1327 1517 1397 Ταραντίνων
1546 1324 1650 1367 ἑκα-

282 1381 370 1425 τόν.
428 1398 549 1450 παρα
590 1382 636 1425 δὲ
674 1382 724 1425 τὸ
767 1383 893 1451 κέρας
924 1398 1013 1426 παν
1052 1382 1213 1434 ἐξέταξε
1248 1398 1354 1433 τους
1391 1383 1648 1436 κρατίστους

175 1438 254 1479 100
282 1443 371 1481 τῶν
410 1436 657 1507 ἐλεφάντων
695 1438 956 1491 τριάκοντα,
1017 1438 1204 1508 ποιήσας
1243 1436 1537 1507 ἐπικάμπιον,
1574 1439 1648 1482 καὶ

279 1494 331 1537 τοὶ
364 1492 628 1550 διαστήματα
655 1496 823 1538 τούτων
854 1495 1158 1564 συνεπλήρωσε
1198 1500 1288 1545 τοῖς
1315 1499 1456 1545 ψιλοῖς
1485 1493 1647 1550 τάγμα-

280 1562 351 1594 σιν
378 1550 634 1602 ἐπιλέκτοις
668 1555 754 1594 τῶν
784 1550 825 1595 δ’
857 1551 999 1595 ἄλλων
1026 1553 1198 1621 θηρίων
1226 1568 1279 1595 τα
1306 1553 1437 1595 πλείω
1465 1568 1543 1606 μεν
1571 1555 1647 1606 τῆς

281 1605 504 1678 φάλαγγος
515 1608 811 1677 προέστησεν,
851 1607 975 1664 ὀλίγα
1013 1608 1059 1651 δε
1099 1624 1203 1664 μετα
1239 1624 1328 1650 των
1366 1607 1532 1651 ἱππέων
1560 1613 1646 1651 τῶν

226 1659 297 1702 5'
281 1680 328 1707 εν
355 1669 448 1714 τοῖς
475 1661 717 1716 εὐωνύμοις
744 1665 902 1721 μέρεσι.
960 1669 1120 1708 τοῦτον
1157 1664 1202 1708 δὲ
1230 1663 1307 1707 τὸν
1334 1663 1500 1719 τρόπον
1527 1663 1646 1708 ἐκτά-

280 1722 355 1771 ξας
383 1719 431 1763 τὸ
463 1719 776 1774 στρατόπεδον,
807 1720 1061 1792 κατέβαινεν
1089 1721 1157 1764 ἐπι
1184 1721 1287 1771 τοὺς
1315 1723 1550 1776 πολεμίους
1577 1726 1646 1765 λο-

282 1775 360 1843 ξῆν
396 1776 578 1832 ποιήσας
616 1777 694 1834 τὴν
732 1776 870 1829 τάξιν·
913 1777 963 1821 τὸ
1003 1778 1083 1833 μὲν
1111 1777 1200 1849 γὰρ
1242 1777 1381 1828 δεξιὸν
1416 1777 1568 1831 κέρας,
1609 1795 1644 1833 ῳ

281 1831 463 1888 μάλιστα
492 1833 706 1891 ἐπίστευε,
745 1834 1032 1902 προεβάλετο,
1071 1833 1120 1877 τό
1152 1833 1192 1878 6'
1225 1834 1371 1904 ἕτερον
1401 1833 1646 1878 ὑπεστείλα-

197 1919 253 1960 30
280 1905 351 1941 το,
380 1889 622 1960 διεγνωκώς
653 1891 687 1945 ᾧ
718 1890 796 1945 μὲν
825 1895 1120 1961 φυγομαχεῖν,
1147 1894 1185 1959 ᾠ
1216 1888 1259 1933 δ’
1291 1889 1587 1944 ἀγωνίζεσθαι.

389 1944 500 1989 Ἐπεὶ
540 1945 586 1989 δὲ
616 1934 829 2015 σύνεγγυς
859 1946 1060 2018 άλλήλΗων
1090 1946 1256 2001 ἐγένετο
1294 1946 1346 1990 τὰ
1377 1946 1644 2000 στρατόπεδα

280 2017 353 2044 και
390 2002 437 2044 τὸ
478 2000 701 2071 σύσσημον
739 2002 855 2058 ἤρθη
880 2003 997 2071 παρ’
1036 2003 1329 2074 ἀμφοτέροις,
1373 2003 1642 2059 ἐπηλάλαξαν

280 2074 358 2114 μεν
398 2059 444 2101 αἱ
489 2057 694 2127 δυνάμεις
735 2058 917 2111 ἐπαλλὰξ
958 2059 1210 2110 πλεονάκις,
1251 2057 1473 2130 ἐσήμηναν
1514 2060 1552 2103 δ’
1599 2061 1642 2103 οἱ

281 2115 534 2169 σαλπιγκταὶ
566 2114 615 2156 τό
647 2115 894 2170 πολεμικόν.
950 2131 1115 2168 πρωτοι
1145 2112 1263 2158 δὀἱ
1290 2132 1396 2170 μετα
1424 2115 1643 2167 Πύθωνος

199 2169 251 2214 15
281 2172 443 2223 ἱππεῖς,
473 2169 645 2225 στερεὸν
674 2187 753 2227 μεν
783 2171 913 2215 οὐδέν
941 2170 1043 2215 οὐδ’
1074 2170 1304 2227 ἀξιόλογον
1340 2171 1506 2227 ἔχοντες
1531 2172 1642 2229 πρό-

276 2348 333 2385 78.
379 2348 418 2384 ἐκ
440 2350 514 2384 ταῖν
537 2361 606 2384 om.
634 2351 716 2384 Bas.

366 2405 444 2440 340.
468 2406 525 2440 82.
556 2407 640 2442 libri
662 2406 838 2452 ἐννακιςχ.
973 2407 1031 2443 83.
1057 2406 1097 2443 δ’
1108 2410 1121 2454 ]
1147 2408 1188 2444 δὲ
1212 2409 1299 2445 021²*
1435 2409 1492 2444 90.
1515 2409 1637 2454 χίλιοι]

277 2451 444 2494 διςχίλιοι
466 2452 573 2486 Fvw
707 2454 766 2489 93.
796 2451 963 2507 πρώτως]
988 2455 1137 2512 πρῶτον
1154 2456 1184 2489 F
1320 2454 1377 2490 95.
1417 2455 1557 2491 ἱππέων
1581 2457 1640 2490 de-

278 2497 416 2530 lendum
441 2498 577 2532 videtur
731 2499 788 2535 96.
820 2497 1010 2544 πρόταγμα
1034 2499 1073 2536 δε
1095 2500 1238 2536 τούτων
1261 2502 1342 2535 Wes
1345 2501 1525 2545 selingius.
1559 2503 1639 2536 libri

278 2540 320 2576 τό
345 2541 463 2586 τάγμα
487 2542 527 2578 δε
550 2546 659 2579 τοῦτο
795 2546 852 2582 97.
899 2547 993 2590 ἴσοι]
1017 2557 1127 2580 nonne
1149 2547 1252 2582 fam?
1387 2546 1639 2606 παράλληλοι]

279 2587 523 2632 παραλλήλοις
545 2591 687 2635 FQVW
841 2590 897 2625 98.
927 2589 1045 2635 παρά]
1070 2593 1151 2627 libri
1175 2593 1255 2636 περὶ
1398 2594 1454 2626 99.
1463 2592 1637 2651 ἐξέταξε]

278 2632 381 2678 ἔταξε
403 2636 512 2669 Fvw
647 2637 727 2672 100.
751 2637 831 2671 libri
848 2637 1004 2682 ποιήσας
1026 2636 1066 2673 δ’
1202 2640 1236 2675 7.
1262 2637 1434 2683 ἐπίστευε]
1456 2637 1637 2675 ἐπίστευσε

276 2680 358 2715 Bas.
493 2680 550 2714 13.
583 2679 784 2728 ἐσήμηναν]
811 2651 997 2729 ἐσήμαναν
1020 2685 1049 2718 F
1159 2688 1313 2742 σαλπι)
1316 2686 1419 2728 maz]
1457 2683 1638 2731 σαλπηγή-

274 2737 335 2806 ἷὲιι
357 2726 459 2808 Basg,
474 2729 668 2808 σαλπιιγταὶ
691 2730 721 2764 F
874 2731 930 2765 14.
963 2727 1131 2777 στερεὸν]
1156 2728 1281 2778 ἕτερον
1305 2732 1382 2766 WY
1406 2731 1487 2767 Bas.

369 2784 414 2808 ου
481 2784 538 2808 om
606 2785 644 2809 as
