1820 3249
339 170 452 211 1124
678 161 786 206 121ss
818 161 1321 206 XV1.cA1’.91.92

342 275 392 322 τὸ
422 273 469 321 δ’
503 275 662 333 ἀληθὲς
691 271 771 345 οὐχ
799 272 938 325 οὕτως
968 271 1093 330 εἶχεν,
1124 272 1232 318 ἄλλα
1261 273 1522 321 τούναντίον
1546 276 1718 347 ἐσήμαι-

343 350 420 379 νεν
458 332 507 377 ἐν
546 330 788 388 πανηγύρει
825 331 900 374 καὶ
928 334 1046 374 θεῶν
1081 335 1258 383 θυσίαις
1282 332 1361 376 τὸν
1392 334 1610 376 Φίλιππον
1640 333 1720 384 ὥς·

346 408 425 444 περ
455 390 534 434 τὸν
562 393 729 443 ταῦρον
758 389 1015 443 ἐστεμμένον
1023 388 1359 456 σφαγήσεσθαι.
1419 389 1474 434 ου’
1498 407 1585 452 μην
1611 389 1717 433 ἀλλὰ

262 448 316 492 45
349 447 477 499 δόξας
519 449 756 515 συμμαχεῖν
795 444 913 499 αὐτῷ
953 444 1057 496 τούς
1097 447 1228 497 θεοὺς
1266 447 1498 516 περιχαρὴς
1533 452 1610 503 ἠν,
1661 463 1719 498 ως

346 510 423 561 τῆς
446 503 589 553 Ἀσίας
617 502 703 546 ὑπὸ
733 503 1014 553 Μακεδονίας
1032 502 1236 572 ἐσομένης
1255 503 1540 559 αἰχμαλώτου.
1585 502 1722 554 ευθύς

350 579 433 606 ουν
468 562 626 611 θυσίας
661 563 997 629 μεγαλοπρεπεῖς
1033 559 1215 602 ἐπετέλει
1242 567 1332 612 τοῖς
1361 566 1499 612 θεοῖς,
1546 561 1618 604 καὶ
1646 564 1723 615 τῆς

347 617 568 674 θυγατρός
596 615 880 689 Κλεοπάτρας
908 619 985 686 τῆς
1013 615 1055 667 ἐξ
1081 614 1373 672 Ὀλυμπιάδος
1411 618 1623 670 συνετέλει
1650 616 1726 672 γά-

266 684 319 727 50
350 693 483 747 μους,
537 674 610 717 καὶ
639 673 811 743 ταύτην
829 688 907 726 μεν
928 642 1194 741 Ἀλεξάνδρῳ
1227 675 1438 733 συνῴκισε
1467 680 1527 733 τῷ
1558 676 1729 743 βασιλεῖ

347 737 438 776 τῶν
463 730 755 784 Ἠπειρωτῶν,
787 727 964 784 ἀδελφῷ
994 729 1040 772 δὲ
1071 728 1166 772 ὄντι
1192 735 1357 790 γνησίῳ
1388 736 1464 788 τῆς
1489 721 1726 787 Ὀλυμπιά-

349 792 438 840 δος.
495 787 586 843 ἅμα
618 788 663 830 δε
691 791 784 837 ταῖς
813 789 900 828 τῶν
920 789 1037 828 θεῶν
1055 792 1210 841 τιμαῖς,
1243 777 1508 857 βουλόμενος
1535 806 1593 840 ως
1612 789 1726 831 πλεί-

351 859 480 896 στους
511 848 599 887 τῶν
623 842 844 898 Ελλήνων
873 848 1104 915 μετασχεῖν
1124 848 1199 900 τῆς
1226 843 1431 901 εὐωχίας,
1480 845 1654 901 ἀγῶνας
1682 860 1727 887 τε

349 900 588 958 μουσικοὺς
629 905 970 955 μεγαλοπρεπεῖς
1009 902 1143 944 ἐποίει
1180 902 1255 944 καὶ
1292 901 1490 956 λαμπρὰς
1517 902 1727 953 ἑστιάσεις

268 967 322 1009 55
351 964 440 1003 τῶν
477 960 619 1014 φίλων
657 957 730 1000 καὶ
769 957 914 1009 ξένων.
976 956 1126 1013 διόπερ
1157 956 1199 1009 ἐξ
1226 957 1396 1015 απάσης
1426 964 1501 1015 τῆς
1525 958 1728 1009 Ελλάδος

353 1015 640 1084 μετεπέμπετο
677 1012 782 1064 τούς
822 1012 1081 1066 ἰδιοξένους,
1138 1015 1214 1057 καὶ
1251 1020 1343 1067 τοῖς
1381 1016 1542 1060 ἑαυτοῦ
1581 1019 1729 1072 φίλοις

351 1073 608 1128 παρήγγειλε
635 1068 994 1126 παραλαμβάνειν
1021 1075 1111 1114 τῶν
1139 1070 1226 1114 απὸ
1254 1076 1329 1129 τῆς
1359 1074 1479 1130 ξένης
1497 1075 1730 1129 γνωρίμων

355 1147 415 1180 ως
453 1131 692 1180 πλείστους.
763 1128 939 1182 σφόδρα
984 1146 1067 1184 γαρ
1111 1129 1401 1184 ἐφιλοτιμεῖτο
1443 1134 1730 1199 φιλοφρονεῖ-

357 1193 463 1230 σθαι
499 1185 609 1240 πρὸς
645 1184 747 1236 τοὺς
775 1185 988 1240 Ελληνας
1024 1186 1096 1229 καὶ
1127 1185 1200 1229 διὰ
1228 1186 1305 1238 τοὶς
1334 1189 1570 1257 δεδομένας
1610 1185 1730 1243 αὐτῷ

271 1250 325 1289 60
354 1248 430 1300 τῆς
469 1241 571 1299 ὅλης
609 1241 841 1313 ἡγεμονίας
875 1242 1000 1296 τιμὰς
1038 1242 1358 1311 προςηκούσαις
1394 1243 1580 1314 ὁμιλίαις
1608 1244 1732 1312 ἀμεί-

269 1307 325 1345 92
356 1304 525 1357 βεσθαι.
582 1299 705 1350 τέλος
744 1299 791 1342 δε
827 1303 1002 1342 πολλῶν
1037 1298 1312 1370 πανταχόθεν
1346 1302 1456 1356 πρὸς
1493 1301 1573 1358 τήν
1600 1298 1810 1356 armni-152

354 1373 489 1427 γυριν
515 1355 817 1412 συρρεόντων,
859 1357 933 1399 καὶ
968 1359 1058 1399 τῶν
1092 1355 1276 1412 ἀγώνων
1303 1358 1377 1401 καὶ
1404 1375 1558 1428 γαμων
1587 1371 1734 1402 συντε-

356 1413 584 1469 λουμένων
627 1413 674 1456 ἐν
712 1414 866 1468 Αἰγαῖς
904 1416 979 1468 τῆς
1014 1414 1420 1466 Μακεδονίας,ού
1458 1414 1598 1470 μόνον
1634 1411 1734 1459 κατ’

359 1471 501 1524 ἄνδρα
537 1473 627 1512 τῶν
666 1469 893 1523 ἐπιφανῶν
931 1469 1239 1523 ἐστεφανωσαν
1276 1470 1412 1516 αὐτὸν
1439 1477 1618 1528 χρυσοῖς
1646 1483 1737 1515 στε-

273 1531 328 1574 65
359 1543 532 1589 φανοις,
567 1525 675 1570 αλλα
705 1528 778 1570 καὶ
807 1531 895 1569 τῶν
926 1525 1166 1582 ἀξιολόγων
1196 1527 1367 1572 πόλεων
1396 1531 1444 1572 αἱ
1467 1531 1657 1580 πλείους,
1687 1528 1737 1572 ἐν

359 1588 427 1636 αἱς
464 1587 520 1639 ἠν
557 1584 631 1627 καὶ
668 1580 695 1638 ἡ
733 1588 823 1626 τῶν
847 1582 1105 1654 Ἀθηναίων.
1162 1583 1547 1641 οἷναγορευομένου
1583 1585 1630 1630 δε
1656 1588 1738 1629 τοῦ

359 1640 593 1711 στεφάνου
610 1639 771 1684 τούτου
801 1640 874 1684 δια
903 1657 984 1684 του
1013 1640 1220 1696 κήρυκος,
1249 1643 1299 1686 τό
1329 1647 1576 1687 τελευταῖον
1605 1641 1738 1694 εἶπεν,

362 1699 417 1743 ἄν
464 1715 529 1748 τις
578 1696 893 1753 ἐπιβουλεύσας
943 1701 1146 1758 Φιλίππῳ
1194 1703 1256 1757 τῷ
1299 1703 1470 1755 βασιλεῖ
1503 1699 1738 1757 καταφύγη

274 1766 331 1806 70
360 1754 469 1809 πρὸς
493 1753 766 1810 Ἀθηναίους,
797 1744 1128 1810 παραδόσιμον
1133 1753 1244 1800 εἶναι
1272 1760 1447 1800 τοῦτον.
1506 1757 1580 1801 διοὶ
1600 1759 1645 1800 δὲ
1663 1762 1740 1812 τῆς

362 1811 746 1882 αὐτοματιζούσης
775 1812 936 1882 φήμης
951 1811 1089 1866 ὥςπερ
1121 1815 1222 1856 θεία
1257 1814 1343 1856 τινὶ
1375 1816 1566 1884 προνοίᾳ
1596 1814 1740 1870 διεσή-

360 1885 489 1926 μαινε
527 1868 576 1912 τό
618 1867 849 1939 δαιμόνιον
886 1868 968 1925 τήν
1005 1857 1217 1938 ἐσομένην
1245 1870 1482 1941 ἐπιβουλήν
1516 1871 1651 1922 εὐθυς
1679 1873 1740 1927 τῷ

362 1927 579 1985 Φιλίππῳ.
637 1923 898 1977 ἀκολούθως
929 1926 976 1969 δε
1003 1925 1179 1977 τούτοις
1207 1928 1280 1970 καὶ
1303 1927 1444 1983 ἕτεραί
1464 1945 1577 1980 τινες
1599 1929 1740 1981 ω’ςπερ

361 1972 648 2036 ἐνθεαζουσαι
674 1982 894 2055 ἐγένοντο
908 1983 1052 2052 φωναὶ
1073 1986 1377 2040 προδηλοῦσαι
1406 2002 1487 2040 την
1513 1989 1595 2028 τοῦ
1624 1987 1744 2053 βασι-

278 2043 333 2087 75
363 2041 471 2091 λέως
497 2041 819 2111 καταστροφήν.
878 2039 925 2084 ἐν
957 2057 1045 2109 γαρ
1072 2045 1132 2097 τῷ
1162 2044 1372 2100 βασιλικῷ
1403 2041 1522 2097 πότῳ
1552 2040 1744 2085 Νεοπτό-

363 2102 492 2150 λεμος
533 2095 557 2140 6
591 2096 838 2165 τραγῳδός,
878 2095 1115 2168 πρωτεύων
1153 2102 1207 2153 τῇ
1245 2088 1556 2155 μεγαλοφωνίᾳ
1587 2098 1661 2142 καὶ
1690 2101 1744 2154 τῇ
1791 2133 1794 2136 .

365 2155 495 2211 δόξη,
526 2153 847 2206 προςταξαντος
876 2153 995 2211 αὐτῷ
1025 2158 1104 2197 τοῦ
1137 2156 1361 2199 Φιλίππου
1392 2156 1744 2210 προενέγκασθαι

368 2215 457 2254 τῶν
494 2211 856 2280 ἐπιτετευγμένων
893 2211 1151 2267 ποιημάτων
1185 2212 1258 2255 καὶ
1299 2212 1482 2268 μαλιστα
1511 2229 1600 2255 των
1621 2211 1745 2283 ἀνη-

285 2277 339 2317 80
369 2268 543 2312 κόντων
579 2267 690 2320 πρὸς
725 2269 804 2325 τὴν
833 2286 942 2312 κατα
972 2273 1061 2312 τῶν
1091 2271 1276 2323 Περσῶν
1307 2270 1559 2322 στρατείαν,
1610 2267 1634 2313 ὁ
1665 2269 1745 2325 μὲν

365 2327 555 2383 τεχνίτης
593 2327 748 2382 κρίνας
789 2327 954 2370 οἰκεῖον
990 2324 1389 2383 ὑποληφθήσεσθαι
1418 2325 1468 2371 τό
1499 2327 1666 2384 ποίημα
1692 2329 1747 2384 τῇ

366 2494 423 2530 44.
471 2497 695 2551 συμμαχεῖν]
733 2497 994 2540 συμμετασχεῖν
1023 2497 1057 2530 Χ
1117 2504 1120 2506 ·
1256 2496 1314 2532 45.
1361 2493 1623 2539 Μακεδονίας]
1667 2492 1750 2528 libri

368 2541 617 2582 Μακεδόναςε
638 2544 675 2576 in
697 2544 898 2577 servitutem
923 2542 1148 2578 Macedoniae
1172 2543 1381 2579 trahendam
1399 2545 1533 2588 Cospus
1691 2538 1748 2572 53·

368 2589 678 2633 μεγαλοπρεπεῖς]
705 2589 790 2623 libri
812 2590 874 2625 καὶ
899 2592 1184 2635 μεγαλοπρεπεῖς
1367 2590 1425 2626 57.
1473 2591 1538 2634 τῆς
1563 2586 1666 2629 ξένης
1687 2585 1748 2618 FL

373 2636 475 2674 Bas,
508 2636 636 2668 caeteai
661 2633 766 2679 ξένης
831 2647 837 2671 i

467 2681 546 2715 15⁴2..
577 2681 635 2714 63.
681 2672 826 2725 Αἰγαῖς]
851 2680 994 2725 Az'js'ong
1017 2683 1049 2726 Q
1175 2683 1179 2686 ’
1232 2683 1289 2718 66.
1337 2679 1564 2725 Ἀθηναίων]
1587 2674 1752 2721 Ἀθηνων

374 2728 403 2761 L
588 2728 645 2761 69.
681 2729 815 2762 τοῦτον
839 2733 919 2761 ante
941 2727 1202 2773 παραδόσιμον
1226 2729 1323 2773 ponit
1345 2729 1376 2762 F
1559 2724 1619 2758 77.
1661 2735 1753 2765 προ·

375 2773 617 2817 ενέγκασθαι]
664 2774 981 2831 πρρςξνέγκρισθαι
1013 2787 1132 2812 omnes
1339 2774 1396 2811 78.
1449 2769 1753 2817 ἐπιτετευγμένων

374 2820 479 2864 FLQ,
505 2820 633 2855 caeteri
655 2819 946 2867 ἐπιτεταγμένων
