1820 3249
304 153 345 181 ιν
718 140 1272 187 PRAEFATIO.

421 259 465 300 P.
492 261 561 302 36.
583 261 622 302 6.
651 257 698 296 In
723 257 982 296 annotatione
1012 257 1121 296 dele:
1157 256 1267 308 quod
1288 277 1345 286 —-
1362 270 1516 298 verum.

421 316 464 353 P.
487 317 553 358 56,
582 315 621 358 4.
651 315 699 354 In
724 314 980 353 annotatione
1009 314 1160 352 scribe:
1202 327 1302 364 quae
1329 314 1457 352 forma
1483 321 1543 353 est
1571 315 1690 355 etiam

305 372 349 409 in
375 372 641 426 inscriptione
669 373 837 413 Tzetzae
865 371 966 410 Hist.
999 371 1121 415 CXII.
1152 376 1192 409 et
1220 384 1301 410 uno
1329 371 1412 410 eius
1445 371 1491 409 in
1515 372 1617 410 libro
1648 387 1690 414 v.

419 487 464 528 P.
487 485 555 528 57.
579 485 648 528 45.
677 481 759 538 ὧν]
790 485 1009 537 Receptum
1035 484 1159 522 velim
1187 479 1249 523 οὗ.

417 544 461 582 Ρ.
487 546 555 586 81.
581 546 647 585 69.
695 538 976 596 ἁμαρτήμασι]
1026 540 1289 578 scribendum
1321 553 1403 578 esse
1437 538 1691 593 ἇμαρτήσασι

302 599 510 653 probabile
534 599 668 638 reddit
689 607 777 638 tum
813 599 1045 651 proximum
1077 593 1366 648 εὐεργετήσασι,
1397 611 1478 635 uno
1513 599 1557 635 in
1586 599 1692 637 libro

305 652 590 710 εὐεργετήμασι
616 657 826 708 scriptum,
849 661 887 693 et
915 654 1026 706 quod
1048 654 1128 693 vol.
1149 653 1198 691 II.
1221 668 1262 704 p.
1285 658 1380 697 322.
1397 657 1464 696 73.
1491 654 1695 697 ἐπιθεῖναι,

303 718 388 764 τοῖς
411 710 631 764 ἀδικήσασι
652 711 738 765 τήν,
758 713 875 764 δίκην
898 711 996 749 item
1024 716 1083 748 est
1110 710 1281 749 varietas
1310 707 1543 764 ἀδικήμασι,

418 772 464 810 Ρ.
483 775 551 813 97.
574 775 614 813 2.
649 767 721 823 ὧν]
754 771 875 807 Recte
903 768 996 806 libri
1027 766 1096 818 qui
1127 764 1166 806 δι’.

410 828 455 866 Ρ.
484 831 579 869 103.
601 830 669 870 81.
706 824 807 878 πρὸς
837 823 904 865 τὸν
935 820 1235 875 ἀσφαλέστατον
1262 827 1343 864 τῶν
1380 824 1525 876 τοίχων
1560 819 1695 876 ὄρθήν

308 884 440 925 ἴστᾶσι
469 881 546 935 τήν
568 880 764 937 λάρνακα]
795 884 870 921 Pro
896 879 1212 931 ἐπιφανέστατον
1235 881 1302 917 vel
1330 877 1694 931 καταφανέστατον,

307 956 407 993 quae
434 940 586 979 Reiskii
621 941 876 979 coniecturae
906 944 1023 986 sunt,
1054 937 1177 975 scribi
1203 943 1336 987 potest
1371 937 1491 975 etiam
1523 936 1698 988 ἐμφανέ-

306 1011 473 1048 στατον,
505 997 613 1049 quod
636 1011 731 1049 cum
755 997 824 1038 illo
853 1000 1105 1049 permutatur
1132 994 1240 1045 apud
1258 993 1446 1045 Xenoph.
1475 994 1697 1032 Comment.

304 1055 375 1093 III.
402 1058 439 1098 8.
464 1059 529 1097 10.
557 1055 704 1093 collato
728 1054 896 1092 Stobaeo
923 1052 1005 1091 vol.
1030 1051 1095 1090 111.
1123 1065 1165 1102 p.
1197 1053 1291 1092 193.
1324 1049 1385 1088 ed.
1413 1051 1536 1092 Gaisf.
1595 1051 1698 1088 Cae-

306 1118 439 1151 terum
478 1111 618 1150 similis
659 1110 737 1150 fuit
776 1109 1025 1149 consuetudo
1068 1109 1342 1145 Romanorum
1381 1107 1425 1145 in
1459 1107 1698 1157 imaginibus

306 1170 505 1208 maiorum
530 1168 778 1222 exponendis
806 1166 915 1219 apud
943 1165 1154 1216 Polybium
1185 1164 1251 1203 VI.
1270 1165 1339 1206 52.
1362 1164 1401 1206 4.
1433 1164 1592 1204 τιθέασι
1623 1161 1699 1216 τήν

307 1222 448 1267 εἰκόνα
473 1228 547 1266 τοῦ
578 1221 892 1278 μεταλλάξαντος
913 1223 986 1270 ἐἰς
1011 1219 1084 1262 τόν
1117 1219 1435 1272 ἐπιφανέστατον
1468 1216 1596 1262 τόπον
1625 1223 1701 1273 τῆς

307 1283 461 1331 οἰκίας,
493 1279 637 1331 ξύλινα
664 1283 802 1325 ναΐδια
822 1277 1113 1337 περιτιθέντες.
1701 1310 1704 1311 .

420 1341 462 1380 P.
487 1340 579 1382 105.
602 1343 670 1383 33.
709 1335 938 1392 Ζάμολξιν]
969 1335 1108 1375 Scribe
1133 1332 1349 1388 Ζάλμοξιν.
1492 1333 1562 1379 35.
1588 1329 1700 1384 Ἰαῶ]

303 1398 424 1436 Recte
456 1397 488 1434 D
516 1393 623 1439 Ἰαῶ.
1530 1423 1536 1427 -
1700 1433 1706 1441 .

417 1454 460 1495 P.
487 1457 580 1497 113.
602 1457 638 1495 1.
669 1447 745 1495 οὖν
777 1451 913 1491 omisit
941 1451 1059 1489 etiam
1086 1448 1346 1488 Florentinus
1375 1461 1411 1488 a.
1440 1445 1564 1491 1427.
1594 1444 1702 1484 scri-

302 1517 399 1564 ptus
429 1511 538 1562 apud
567 1511 811 1549 Bandinium
838 1509 921 1549 vol.
944 1508 993 1546 ΙΙ.
1021 1522 1069 1559 p.
1092 1509 1189 1549 690.

417 1568 461 1606 Ρ.
489 1571 580 1609 116.
602 1568 670 1610 46.
699 1568 843 1606 Verior
869 1570 1058 1603 accentus
1084 1568 1143 1601 est
1172 1562 1312 1615 ἰχθῦν.

417 1626 459 1665 Ρ.
483 1628 576 1666 130.
602 1627 667 1666 16.
703 1623 822 1674 ναῦς]
853 1622 992 1661 Scribe
1019 1622 1129 1672 νῆες.
1291 1637 1296 1642 ’
1323 1632 1325 1639 ’
1390 1666 1393 1669 ¹

418 1681 464 1720 P·
491 1684 584 1724 140.
607 1684 675 1723 61.
706 1677 938 1732 ἐξεύρηντο]
969 1675 1260 1728 Recipiendum
1286 1669 1470 1726 εὕρηντο.

420 1739 466 1778 P.
492 1739 588 1782 141.
612 1741 683 1781 93.
719 1740 794 1777 τοῦ
821 1736 944 1788 θεοῦ]
975 1734 1045 1774 καὶ
1074 1735 1147 1773 τοῦ
1176 1734 1383 1785 ποταμοῦ,
1415 1741 1517 1781 quae
1546 1727 1706 1769 addunt

306 1802 388 1835 tres
417 1794 534 1843 libri,
564 1808 648 1832 non
677 1793 901 1846 spernenda
929 1791 1129 1831 videntur.

421 1853 464 1890 P·
497 1851 591 1894 164.
619 1850 688 1894 42.
738 1850 967 1889 Articulum
1001 1847 1171 1886 eundem
1204 1843 1401 1882 continuo
1428 1842 1489 1881 bis
1524 1841 1706 1894 positum

317 1909 389 1960 qui
409 1908 650 1960 supparibus
670 1907 847 1946 Diodoro
864 1904 1131 1958 scriptoribus
1150 1902 1398 1940 vindicatum
1417 1899 1539 1947 volet,
1568 1903 1707 1935 utatur

315 1966 407 2004 1000
438 1965 644 2004 Strabonis
674 1979 717 2017 p·
741 1967 807 2007 82.
827 1967 895 2008 21.
921 1963 983 2002 ed.
1009 1961 1118 2000 Falo.
1144 1956 1190 2000 τό
1221 1954 1455 1998 ἀκόλουθον
1485 1952 1529 1995 τὸ
1555 1952 1602 1995 τό
1629 1949 1708 1995 αὖ·

314 2021 360 2065 τὸ
388 2020 500 2073 ’ὕψος
534 2022 649 2074 ἔχειν.
708 2021 839 2069 Quem
867 2026 1002 2059 tamen
1032 2013 1152 2058 ταύτὰ
1179 2022 1281 2067 puto
1309 2012 1527 2065 scripsisse.

429 2080 472 2118 P·
504 2083 601 2123 169.
632 2079 699 2121 57.
749 2079 879 2128 διφυῆ
913 2073 1120 2130 βοτάνην]
1161 2071 1388 2122 Legendum
1429 2075 1490 2108 est
1525 2068 1709 2119 ἰδιοφυῆ.

312 2137 413 2176 Nam
433 2137 543 2188 quod
567 2134 675 2187 apud
691 2134 939 2187 Appuleium
960 2133 1081 2174 Herb.
1094 2131 1162 2173 47.
1181 2129 1307 2167 herba
1326 2127 1495 2180 diphyes
1507 2138 1710 2164 memora-

311 2201 404 2243 tur,
432 2193 536 2230 nihil
561 2192 736 2244 pertinet
765 2191 817 2230 ad
845 2191 980 2230 fictam
1006 2186 1190 2228 Iambuli.
1758 2182 1761 2184 ’

424 2250 469 2288 Ρ.
497 2253 592 2292 171.
617 2249 657 2291 4.
686 2249 735 2286 In
754 2249 1012 2287 annotatione
1038 2244 1189 2299 scribe:
1210 2239 1375 2293 ἀνέδην]
1408 2235 1593 2290 οἷναίδην.

424 2307 469 2346 P·
492 2309 585 2348 187.
610 2308 678 2348 79.
708 2306 913 2357 Σιμμίαν]
946 2302 1213 2342 Scribendum
1242 2312 1324 2338 esse
1356 2297 1506 2350 Σιμίαν
1537 2295 1628 2335 dixi
1656 2294 1709 2335 ad

312 2363 506 2415 Xenoph.v
542 2363 761 2401 Comment.
777 2362 807 2402 Ι.
828 2365 867 2402 2.
888 2362 957 2403 48.
1271 2382 1285 2391 ·-
1327 2364 1333 2369 '
1462 2398 1464 2400 ,

424 2421 469 2459 P·
496 2423 591 2462 191.
613 2422 683 2462 72.
719 2414 856 2469 φύσις]
887 2416 1108 2456 Addendus
1138 2414 1303 2454 videtur
1333 2409 1541 2454 articulus.
1619 2433 1627 2450 ,ι
1709 2433 1714 2449 2

424 2478 471 2516 Ρ.
492 2479 589 2520 210·
619 2478 658 2518 6.
696 2473 864 2527 ἐξῆγον]
895 2475 955 2512 Ita
980 2470 1157 2526 ἐξαγωγή
1186 2468 1512 2510 dixitAretaeus
1542 2479 1586 2517 p.
1610 2467 1706 2508 301.

313 2534 378 2573 ed.
398 2534 506 2586 [ἀρε.
623 2535 692 2574 16.
722 2529 913 2585 μηδικην]
950 2530 1174 2570 Accentum
1203 2527 1380 2582 μηδίκην
1403 2522 1604 2578 praecipit
1631 2521 1707 2560 Ar-

315 2590 453 2630 cadius
478 2605 521 2643 p.
544 2593 640 2632 107.
665 2591 730 2631 10.

427 2648 470 2686 P.
492 2650 591 2689 212.
621 2648 659 2687 1.
695 2645 745 2683 111
765 2643 1024 2682 annotatione
1043 2642 1193 2681 scribe:
1223 2639 1318 2679 libri
1338 2631 1665 2691 κατειλημμένος.

424 2704 467 2743 P·
488 2705 585 2746 219.
607 2706 674 2745 97.
703 2704 777 2753 τῆς
804 2697 930 2741 πάλιν
952 2698 1100 2751 ῥύμης]
1129 2698 1308 2737 luuctim
1335 2693 1593 2733 scribendum
1618 2702 1711 2728 cum

312 2762 346 2802 A
363 2757 634 2815 παλιρῤύμης.
667 2759 768 2800 Vide
788 2757 994 2799 Plutarchi
1016 2756 1184 2798 Flamin.
1203 2768 1238 2795 c.
1253 2758 1320 2799 10.
1339 2748 1594 2805 PolybiiXV·
1609 2749 1650 2790 7.
1675 2750 1711 2789 1.
