1820 3249
328 165 438 204 1378
691 162 804 203 Llss.
835 161 943 204 Xlx.
1000 161 1126 203 GAP.
1154 165 1220 205 40.
1255 165 1322 204 41.ἰ

325 272 445 323 υἱός,
483 271 703 342 ἀπόγονος
741 270 782 315 δ’
814 271 912 323 ένὸς
945 278 1034 316 τῶν
1069 272 1172 317 ἑπτά
1204 276 1387 324 Περσῶν
1414 276 1505 317 τῶν
1534 283 1767 328 ‹wrm-349

324 329 546 373 θελόντων
582 327 661 372 τόν
700 326 843 399 μάγον
873 329 1086 385 Σμέρδιν,
1125 329 1234 385 ἀνηρ
1265 329 1441 387 ἀνδρείᾳ
1471 331 1692 384 διαφέρων

325 386 398 428 καὶ
434 386 730 455 τεθραμμένος
764 385 811 428 έκ
845 386 1000 437 παιδὸς
1039 391 1362 441 στρατιωτικῶς
1413 385 1497 441 πρὸ
1537 387 1582 430 δὲ
1611 390 1693 430 τοῦ

244 447 297 488 85
325 441 503 496 κέρατος
541 441 704 492 παντὸς
740 441 883 494 ἔταξεν
924 443 970 486 ἐν
1006 443 1247 514 ἐπικαμπίῳ
1296 443 1398 494 τοὺς
1434 444 1695 495 κρατίστους

324 502 410 541 τῶν
440 497 683 567 ἐλεφάντων
712 496 934 554 ἑξήκοντα,
964 500 1036 542 καὶ
1065 499 1118 542 τὰ
1133 484 1403 569 διαστήματα
1431 504 1521 550 τοῖς
1549 504 1694 550 ψιλοῖς

323 554 491 622 διέλαβε
521 553 718 624 τάγμασι.
747 558 836 598 τῶν
866 556 912 599 δὲ
942 558 1079 608 πεζῶν
1107 554 1307 610 πρώτους
1335 572 1414 627 μεν
1442 556 1559 606 ἔταξε
1589 554 1695 606 τούς

321 609 617 662 ὑπασπιστάς,
652 616 743 654 εἰτα
771 610 875 662 τούς
904 610 1249 666 ἀργυράσπιδας,
1280 613 1349 655 ἐπὶ
1378 616 1484 656 πᾶσι
1516 611 1561 655 δε
1589 610 1694 662 τούς

324 667 474 718 ξένους
511 668 584 710 καὶ
612 672 700 711 τῶν
729 667 872 710 ἄλλων
902 684 1006 718 τους
1048 669 1107 717 εἰς
1148 668 1202 711 τὰ
1230 668 1515 712 Μακεδονικά
1543 673 1695 712 καθω-

240 735 296 774 90
323 723 608 779 πλισμένους,
648 724 720 768 καὶ
748 724 836 778 πρὸ
864 722 1033 766 τούτων
1061 723 1296 795 ἐλέφαντας
1331 726 1404 768 καὶ
1431 729 1521 768 τῶν
1551 729 1695 775 ψιλῶν

323 780 428 831 τούς
467 780 660 831 ἱκανούς.
717 780 787 823 ἐπὶ
825 778 871 822 δὲ
907 779 955 823 τό
999 780 1141 831 δεξιόν
1177 780 1306 833 κέρας
1344 779 1473 832 τάξας
1509 786 1597 824 τῶν
1628 783 1694 824 ἴπ-

321 835 440 879 πέων
469 837 542 880 καὶ
569 853 658 880 των
688 834 935 891 έλεφαντων
973 852 1078 887 τους
1107 835 1446 889 ἀσθενεστέρους
1477 837 1694 889 ἀπέδειξεν

319 892 516 948 ἡγεμόνα
553 897 640 936 τῶν
669 892 847 935 πάντων
877 894 1115 936 Φίλιππον·
1145 891 1287 963 τούτῳ
1318 893 1365 936 δὲ
1395 892 1694 937 διεκελεύσατο

320 954 595 1004 φυγομαχεῖν
625 949 699 992 καὶ
735 948 816 1019 τὴν
856 947 940 992 ἀπὸ
978 949 1170 1007 θατέρου
1211 949 1382 1021 μέρους
1400 951 1544 1003 κρίσιν
1583 947 1695 993 ἀπο-

319 1010 521 1057 θεωρεῖν.
570 1006 615 1048 οἱ
653 1005 699 1049 δὲ
742 1004 986 1060 σύμπαντες
1027 1008 1139 1075 ἦσαν
1185 1005 1273 1061 μετ’
1315 1004 1544 1061 Εὐμένους
1582 1005 1694 1049 κατὰ

237 1064 291 1107 95
321 1065 483 1104 τοῦτον
530 1060 610 1105 τόν
655 1061 813 1116 καιρὸν
857 1063 977 1114 πεζοὶ
1019 1062 1098 1118 μὲν
1139 1060 1386 1131 τριςμύριοι
1425 1062 1694 1117 έξακιςχίλιοι

322 1117 595 1170 ἑπτακόσιοι,
637 1119 779 1169 ἱππεῖς
812 1117 881 1161 δὲ
895 1117 915 1161 έ
918 1120 1166 1174 ξακιςχίλιοι
1192 1118 1480 1175 πεντήκοντα,
1517 1119 1695 1175 ἐλέφαν-

319 1189 388 1225 τες
419 1175 465 1217 δὲ
495 1173 650 1217 ἑκατὸν
676 1176 1064 1243 τετταρεςκαίδεκα.

237 1237 291 1275 41
434 1230 614 1284 Μικρον
653 1230 700 1274 δὲ
735 1230 821 1286 πρὸ
860 1234 937 1286 τῆς
975 1230 1249 1285 παρατάξεως
1273 1230 1512 1287 Ἀντιγένης
1549 1230 1573 1275 ὁ
1602 1233 1693 1273 τῶν

212 1294 292 1334 100
322 1285 661 1341 ἀργυρασπίδων
691 1287 930 1356 στρατηγὸς
966 1287 1151 1342 ἔπεμψεν
1188 1287 1265 1330 ἕνα
1301 1292 1390 1330 τῶν
1417 1285 1693 1330 Μακεδόνων

319 1343 486 1386 ἱππέων
515 1343 584 1386 ἐπὶ
608 1342 687 1398 τὴν
717 1343 918 1412 φάλαγγα
946 1360 1034 1387 των
1063 1344 1294 1401 ἐναντίων,
1324 1341 1563 1398 προςτάξας
1590 1347 1695 1413 πλη-

320 1402 419 1442 σίον
446 1399 802 1472 παραγενόμενον
831 1398 1088 1470 ἀναβοῆσαι.
1137 1401 1266 1451 οὗτος
1296 1399 1341 1443 δὲ
1369 1399 1694 1457 προςιππεύσας

318 1456 464 1528 μόνος
483 1457 542 1507 εἰς
572 1460 722 1523 φωνῆς
753 1454 892 1510 ἀκοὴν
920 1456 1026 1500 καθ’
1059 1455 1084 1500 δ
1111 1455 1244 1512 μέρος
1272 1453 1313 1527 ἡ
1330 1454 1504 1524 φάλαγξ
1524 1458 1580 1513 ἦν
1603 1460 1693 1499 τῶν

319 1511 425 1567 παρ’
452 1510 687 1569 Ἀντιγόνῳ
718 1511 994 1557 Μακεδόνων
1010 1512 1266 1582 ἀνεβόησεν
1303 1511 1395 1556 Ἐπὶ
1429 1529 1532 1564 τους
1561 1512 1694 1555 πατέ-

266 1571 292 1610 5
323 1585 427 1621 ρας,
466 1569 500 1610 ὠ
539 1569 671 1612 κακαὶ
699 1570 907 1624 κεφαλαί,
947 1568 1049 1620 τοὺς
1085 1570 1213 1638 μετὰ
1220 1569 1442 1612 Φιλίππου
1479 1569 1553 1612 καὶ
1588 1567 1695 1612 Ἀλε-

321 1625 514 1679 ξάνδρου
543 1624 596 1668 τὰ
622 1625 702 1669 ὅλα
731 1626 1134 1697 κατειργασμένους,
1158 1624 1238 1677 οὓς
1257 1624 1354 1681 μετ’
1383 1623 1534 1695 ὀλίγον
1561 1623 1694 1679 όψον-

321 1698 392 1725 ται
435 1681 508 1725 καὶ
545 1697 634 1724 των
661 1681 886 1752 βασιλέων
924 1682 998 1725 καὶ
1035 1686 1126 1725 τῶν
1152 1681 1482 1751 προγεγονότων
1511 1680 1693 1750 ἀγώνων

320 1736 480 1790 ἀξίους.
515 1738 588 1781 καὶ
616 1736 700 1793 γάρ
732 1737 968 1807 ἐτύγχανον
995 1737 1105 1791 κατὰ
1133 1743 1293 1781 τοῦτον
1320 1738 1399 1782 τόν
1427 1738 1581 1792 καιρόν
1603 1742 1692 1781 τῶν

322 1792 663 1849 ἀργυρασπίδων
701 1795 746 1837 οἱ
771 1793 987 1838 νεώτατοι
1023 1793 1102 1850 μὲν
1138 1796 1236 1848 περὶ
1272 1794 1325 1838 τὰ
1363 1793 1568 1864 ἑξήκοντα
1605 1794 1690 1851 ἔτη,

238 1853 291 1895 10
319 1855 409 1894 τῶν
439 1850 478 1894 δ’
511 1850 655 1894 ἄλλων
687 1852 732 1894 οἱ
758 1851 934 1902 πλείους
964 1867 1042 1921 μεν
1069 1852 1167 1905 περὶ
1196 1850 1250 1894 τὰ
1280 1850 1600 1922 ἑβδομήκοντα,
1631 1868 1690 1893 τι-

320 1907 392 1958 νὲς
433 1907 479 1951 δὲ
516 1908 589 1951 καὶ
617 1907 925 1977 πρεσβύτεροι,
964 1906 1121 1958 πάντες
1157 1907 1202 1952 δε
1231 1912 1324 1958 ταῖς
1351 1907 1590 1978 ἐμπειρίαις
1617 1909 1690 1951 καὶ

317 1968 412 2014 ταῖς
443 1963 608 2019 ῥώμαις
638 1963 953 2007 ἀνυπόστατοι·
993 1962 1184 2034 τοσαύτη
1211 1965 1308 2018 περὶ
1347 1962 1506 2014 αὐτοὺς
1535 1968 1591 2020 ἡν
1621 1961 1690 2007 εύ-

318 2021 455 2076 χειρία
484 2020 557 2064 καὶ
585 2019 721 2076 τόλμα
749 2019 823 2063 διὰ
850 2020 930 2078 τὴν
959 2020 1183 2077 συνέχειαν
1210 2025 1300 2065 τῶν
1336 2019 1569 2065 κινδύνων.
1615 2036 1687 2076 γε-

320 2188 379 2222 81.
426 2186 465 2224 δὲ
489 2188 522 2222 Τ
545 2189 615 2223 Bas
630 2215 640 2231 ‚
663 2188 790 2223 omisso
812 2187 913 2230 ἑνὸς,
933 2189 1024 2233 quod
1047 2189 1140 2223 deest
1159 2188 1259 2222 libris
1283 2189 1441 2223 omnibus
1465 2200 1498 2232 p.
1521 2187 1601 2223 118.
1628 2188 1686 2224 33.

320 2234 551 2278 similiterque
583 2236 702 2269 Curtio
724 2236 782 2269 lv.
817 2235 873 2269 12.
907 2234 942 2268 8.
985 2235 1122 2268 Orsines
1151 2240 1315 2279 praeerat
1351 2247 1375 2269 a
1411 2240 1539 2279 septem
1575 2234 1688 2268 Persis

320 2282 507 2360 ἓξιιηὲὶὲἓς
530 2286 581 2318 est
597 2281 633 2316 in
650 2281 768 2317 Photii
792 2281 971 2326 Excerptis
993 2292 1026 2325 p.
1049 2280 1128 2315 517.
1151 2281 1208 2316 76.
1358 2280 1433 2316 ‘ccliv
1455 2300 1501 2306 --
1527 2280 1689 2324 Σμέρδιν

410 2383 492 2418 349.
527 2381 584 2416 86.
631 2384 777 2428 ψιλοῖς]
808 2385 930 2419 malim
953 2385 1132 2428 ψιλικοῖς,
1157 2385 1196 2416 ut
1218 2383 1323 2417 solet.
1361 2384 1451 2417 conf.
1483 2383 1526 2417 ad
1558 2383 1627 2416 vol.
1658 2384 1688 2418 1.

320 2439 354 2472 p.
376 2429 456 2462 658.
477 2428 534 2462 3⁰.
692 2430 749 2463 90
797 2429 838 2465 δε
861 2429 917 2474 τό]
942 2429 982 2466 τὸ
1003 2431 1032 2463 F
1191 2428 1248 2462 92.
1295 2426 1428 2476 τούτω]
1455 2431 1588 2464 τοῦτον
1612 2429 1642 2461 F

412 2476 488 2509 τῶν
510 2472 659 2510 πάντων
682 2477 715 2510 Τ
737 2477 837 2515 Bas„
872 2476 999 2511 caeteri
1020 2473 1170 2510 πάντων
1193 2473 1259 2508 τὸν
1449 2475 1506 2510 95.
1552 2486 1687 2510 τουτον

319 2517 409 2563 τὸν]
433 2518 498 2555 τὸν
522 2517 637 2555 αὐτόν
655 2522 684 2555 F
820 2522 877 2557 96.
927 2520 1158 2565 ἑπτακόσιοι]
1184 2519 1367 2563 ἑξακόσιοι
1389 2522 1422 2565 Q
1446 2522 1528 2556 Bas.

321 2565 446 2609 ἱππεῖς
467 2586 512 2592 --
536 2566 762 2611 πεντήκοντα
787 2579 857 2602 om.
879 2569 960 2603 Bas.
1141 2566 1393 2611 πεντήκοντα]
1434 2565 1686 2612 ἑβδομήκοντα

322 2612 370 2645 W
540 2612 596 2646 97.
643 2626 839 2658 τετταρεςκ.
852 2614 865 2658 ]
891 2616 929 2649 ιδ
948 2615 1043 2655 Bas„
1069 2613 1325 2658 δεκατέσσαρες
1347 2615 1389 2655 F,
1414 2613 1541 2647 caeteri
1562 2617 1683 2647 tsi-566²-

324 2669 418 2702 ρὲςκ.
600 2658 633 2692 1.
680 2661 834 2705 πλησίον
852 2661 917 2694 ΤΧ
938 2661 1025 2698 Bas.
1038 2684 1048 2703 ‚
1080 2660 1209 2694 caeteri
1232 2639 1455 2718 praemit’tunt
1478 2661 1553 2693 τῶν
1577 2657 1685 2692 ἐναν-

324 2705 428 2746 τίων,
452 2714 540 2747 quae
562 2706 724 2740 asterisco
728 2674 878 2741 ηηοῐεινίῑ
902 2706 1097 2748 Stephanus
1261 2706 1296 2741 3.
1341 2703 1555 2751 Ἀντιγόνῳ]
1578 2703 1686 2740 Ἀντι-

324 2749 435 2794 γόνου
460 2753 533 2783 Bas.
715 2753 771 2788 12.
817 2752 901 2799 περὶ
922 2750 1084 2791 αὐτους]
1105 2749 1202 2794 παρ’
1224 2749 1352 2791 αυτοῖς
1374 2752 1451 2786 FW
1630 2747 1688 2785 εύ-

325 2797 466 2842 χειρία]
493 2794 648 2842 §maela
668 2797 750 2833 Bas.
932 2799 989 2834 13.
1036 2797 1178 2843 τόλμα]
1202 2796 1315 2843 τόλμη
1340 2798 1371 2831 F
