1820 3249
493 165 603 207 LIB.
630 164 720 208 XX.
777 164 910 207 GAP.
938 167 976 209 1.
1004 168 1045 209 2.
1338 169 1450 212 1455

82 296 143 338 χω
178 277 342 338 σώματι
367 278 685 346 παραπλήσιον,
713 270 769 321 οὗ
795 276 844 320 τὸ
873 277 953 334 μὲν
981 278 1306 351 ἐσπαραγμένον
1334 279 1450 324 ἐστέ-

6 343 73 380 407
87 354 213 396 ρηται
241 343 316 394 τῆς
351 339 534 408 ψυχικῆς
561 333 760 406 χάριτος,
793 334 844 378 τὸ
882 337 929 379 δὲ
956 336 1038 393 τήν
1072 335 1313 393 ἀναγκαίαν
1342 337 1450 381 σύν-
1479 345 1534 384 30

82 402 211 440 θεσιν
239 395 339 451 ἕχον
361 392 573 448 εὐκαίρως
575 391 815 465 τετήρηται
841 393 916 436 καὶ
942 397 1003 449 τῷ
1034 399 1225 464 συμφυεῖ
1249 399 1326 465 τῆς
1332 395 1451 462 ὅλης

83 455 352 523 περιγραφῆς
390 450 593 505 ἐπιτερπῆ
621 451 694 492 καὶ
731 453 861 518 σαφῆ
881 437 1113 520 παρίστησι
1145 451 1226 522 τὴν
1255 448 1451 520 ἀνάγνω-

84 521 168 553 σιν.
215 507 271 552 οὐ
301 509 388 564 μήν
415 509 636 557 παντελῶς
667 521 714 561 γε
732 505 861 577 Ητοϋς
881 507 1140 578 ῥητορικοὺς
1168 507 1328 564 λόγους
1346 505 1452 552 ἀπο-
1480 514 1508 553 2

83 565 389 620 δοκιμάζοντες
424 562 688 634 ἐκβάλλομεν
726 563 773 606 έκ
810 566 884 619 τῆς
912 566 1131 620 ἱστορικῆς
1165 566 1455 621 πραγματείας
1484 569 1538 611 35

83 623 132 666 τό
161 621 382 676 παράπαν.
442 619 701 691 ὀφειλούσης
732 622 813 676 γὰρ
849 624 926 676 τῆς
955 623 1148 691 ἱστορίας
1182 626 1235 679 τῇ
1263 624 1457 679 ποικιλίᾳ

82 682 400 734 κεκοσμῆσθαι,
445 676 547 720 κατ’
585 677 731 728 ἐνίους
767 677 931 745 τόπους
967 676 1134 751 ἀνάγκη
1154 666 1457 750 προςλαμβά-

81 740 237 779 νεσθαι
265 735 338 779 καὶ
371 734 475 785 τούς
503 733 735 805 τοιούτους
763 733 953 789 λόγους·
994 738 1068 779 καὶ
1096 732 1255 791 ταύτης
1284 740 1361 790 τῆς
1392 733 1458 778 εὐ-

80 793 253 846 καιρίας
303 789 402 835 οὐδ’
454 790 511 834 ἂν
568 792 757 846 ἐμαυτὸν
813 790 1107 861 ἀποστερῆσαι
1158 793 1453 848 βουληθείην·

80 847 193 900 ὥςθ’
234 848 343 892 ὅταν
380 849 434 891 τὰ
472 850 546 903 τῆς
583 847 869 918 περιστάσεως
909 847 1070 906 ἀπαιτῇ
1111 851 1384 918 πρεσβευτοῦ
1421 848 1452 918 η“
1482 852 1537 896 40

78 905 334 961 συμβούλου
364 905 636 961 δημηγορίαν
664 905 692 961 ἢ
720 909 809 948 τῶν
836 905 980 949 ἄλλων
1008 922 1051 949 τι
1078 910 1307 958 τοιοῦτον,
1337 903 1363 949 ὁ
1394 905 1454 961 μή

77 963 406 1034 τεθαρρηκότως
427 964 798 1032 συγκαταβαίνων
827 963 936 1016 πρὸς
962 962 1067 1013 τούς
1105 963 1152 1006 ἐν
1186 967 1279 1014 τοῖς
1307 961 1455 1033 λόγοις

78 1017 250 1075 ἀγῶνας
278 1020 352 1063 καὶ
381 1017 514 1069 αὐτὸς
541 1017 741 1069 ὑπαίτιος
770 1017 825 1062 οἷν
858 1020 935 1074 εἴη
995 1017 1080 1063 οὐκ
1108 1018 1258 1075 ὀλίγας
1285 1019 1370 1075 γὰρ
1398 1018 1455 1062 άυ

76 1092 141 1126 τις
172 1077 309 1126 αἰτίας
337 1074 480 1128 εὕροι,
509 1072 616 1117 καθ’
649 1074 700 1125 ἃς
733 1091 845 1119 κατα
874 1077 1014 1120 πολλὰ
1043 1076 1288 1131 ἀναγκαίως
1316 1091 1453 1130 παρα

74 1131 344 1202 ληφθήσεται
374 1131 428 1174 τά
456 1134 530 1186 τῆς
559 1131 798 1200 ρητορείας.
839 1129 866 1187 ἢ
894 1131 980 1187 γάρ
1008 1136 1184 1176 πολλῶν
1215 1133 1454 1202 εἰρημένων
1482 1133 1538 1176 45

73 1188 290 1258 εὐστόχως
323 1188 398 1232 καὶ
423 1191 568 1239 καλῶς
607 1185 660 1230 οὐ
693 1188 1011 1242 παραλειπτέον
1040 1186 1101 1232 δι’
1131 1187 1375 1260 ὀλιγωρίαν
1398 1206 1452 1233 τα

73 1244 243 1302 μνήμης
271 1243 370 1298 ἀξια
387 1244 462 1288 καὶ
488 1248 542 1302 τῇ
571 1245 742 1317 ἱστορίᾳ
769 1244 1040 1316 κεκραμένην
1069 1245 1222 1301 ἔχοντα
1239 1263 1321 1302 την
1344 1245 1454 1318 ὠφέ-

73 1306 217 1354 λειαν,
255 1302 284 1359 ἢ
314 1301 513 1357 μεγάλων
547 1302 621 1344 καὶ
650 1305 862 1357 λαμπρων
890 1317 979 1344 των
1009 1300 1269 1346 υποθέσεων
1303 1302 1452 1347 οὐσῶν

76 1357 131 1402 οὐ
160 1358 445 1430 περιορατέον
465 1356 671 1401 ἐλάττονα
694 1361 780 1400 τῶν
809 1358 950 1412 ἔργων
980 1363 1178 1430 φανῆναι
1196 1359 1275 1403 τόν
1296 1357 1450 1431 λόγον
1483 1361 1538 1402 50

74 1414 163 1459 ἔστι
192 1414 234 1459 6'
263 1414 335 1458 ὅτε
364 1430 483 1470 παρα
512 1416 781 1469 προςδοκίαν
801 1419 880 1457 τοῦ
919 1413 1071 1466 τέλους
1105 1415 1313 1487 ἐκβάντος
1353 1416 1457 1460 α’να-

73 1470 418 1528 γκασθησόμεθα
438 1475 529 1522 τοῖς
547 1475 623 1526 τῆς
647 1470 901 1521 ὑποθέσεως
931 1469 1094 1527 λόγοις·
1107 1472 1355 1542 χρήσασθαι
1369 1472 1458 1544 χά-

76 1544 148 1582 ριν
175 1533 255 1572 τοῦ
283 1532 412 1572 λῦσαι
444 1544 524 1600 την
553 1527 751 1599 ἀλογίαν.
787 1526 896 1570 ἀλλὰ
923 1528 1023 1582 περὶ
1053 1528 1133 1585 μὲν
1161 1527 1333 1574 τούτων
1362 1529 1458 1582 ἅλις

72 1584 178 1641 ἡμῖν
207 1584 356 1641 ἐχέτω·
394 1586 495 1638 περὶ
523 1583 571 1628 δὲ
607 1588 695 1628 τῶν
703 1583 1025 1654 ὑποκειμένων
1053 1586 1255 1639 πράξεων
1285 1586 1458 1657 ρητέον,

71 1644 351 1714 παραθέντας
378 1643 597 1696 πρότερον
635 1640 741 1692 τούς
770 1643 960 1692 οἰκείους
987 1644 1042 1699 τῇ
1069 1647 1223 1714 γραφῇ
1251 1643 1454 1713 χρόνους.
1486 1644 1541 1687 55

71 1698 121 1742 έν
145 1698 228 1769 μὲν
265 1693 349 1743 οὐν
376 1704 470 1750 ταῖς
507 1697 859 1769 προηγουμέναις
894 1700 1069 1769 βίβλοις
1092 1699 1457 1769 ἀναγεγράφαμεν

72 1753 161 1799 ἀπὸ
197 1771 286 1799 των
316 1755 616 1827 ἀρχαιοτάτων
653 1753 828 1825 χρόνων
864 1754 942 1806 τάς
980 1755 1156 1810 πράξεις
1184 1757 1261 1809 τάς
1290 1770 1348 1800 τε
1365 1774 1457 1801 των

66 1810 292 1881 Ελλήνων
306 1813 387 1856 καὶ
416 1811 656 1883 βαρβάρων
685 1812 766 1862 ἕως
795 1812 865 1855 ἐπὶ
895 1811 975 1856 τὸν
981 1813 1344 1885 προηγούμενον
1373 1814 1458 1859 ἔνι-

73 1869 212 1912 αυτόν
226 1872 315 1938 τῆς
341 1867 658 1923 Ἀγαθοκλέους
696 1869 922 1924 στρατείας
956 1869 1016 1921 εἰς
1042 1887 1124 1928 την
1152 1868 1353 1944 Λιβύην,
1394 1873 1455 1926 εἰς

69 1941 127 1979 ην
156 1923 241 1969 ἀπὸ
275 1928 438 1978 Τροίας
468 1924 667 1976 ἁλώσεως
695 1925 767 1996 ε’τη
799 1925 1033 1998 συνάγεται
1059 1928 1174 1987 τρισὶ
1202 1932 1333 1978 πλείω
1365 1936 1454 1978 τῶν
1483 1934 1539 1979 60

71 1980 341 2025 ὀκτακοσίων
370 1981 693 2038 ἑβδομήκοντα·
724 1982 772 2026 ἐν
799 1984 937 2055 ταύτῃ
968 1986 1015 2030 δε
1042 1988 1092 2032 τό
1118 1989 1298 2045 συνεχες
1324 2006 1454 2044 προς-

68 2037 261 2089 τιθέντες
280 2042 358 2110 τῆς
386 2040 580 2094 ἱστορίας
609 2036 830 2096 ’ἀρξόμεθα
858 2058 938 2095 μεν
968 2042 1054 2088 ἀπὸ
1083 2049 1162 2101 τῆς
1190 2048 1250 2098 εἰς
1280 2049 1455 2120 Λιβύην

69 2094 331 2166 διαβάσεως
332 2094 678 2165 Ἀγαθοκλέους,
708 2097 1006 2170 καταλήξομεν
1035 2101 1078 2145 6’
1108 2105 1169 2154 εἰς
1195 2104 1276 2148 τόν
1309 2105 1453 2149 ἐνιαυ-

68 2149 148 2194 τὸν
175 2150 286 2196 καθ’
315 2150 369 2196 ὃν
400 2155 444 2196 οἱ
480 2155 693 2226 βασιλεῖς
705 2156 1094 2226 συμφρονήσαντες
1129 2165 1262 2218 κουνῇ
1291 2163 1450 2206 διαπο-
1480 2160 1535 2204 65

69 2211 213 2260 λεμεῖν
241 2207 430 2264 ἤρξαντο
467 2210 579 2307 πρὸς
601 2209 854 2267 Ἀντίγονον
885 2213 964 2258 τὸν
994 2218 1240 2274 Φιλίππου,
1276 2223 1451 2277 περιλα-

69 2262 220 2335 βόντες
248 2265 368 2334 ἕτη’
349 2266 490 2312 εννέα.

162 2388 242 2424 407.
287 2391 345 2426 30.
379 2391 601 2438 τετήρηται]
633 2406 671 2431 τε
701 2394 847 2440 εἴρηται
874 2396 1054 2434 Rois-laius
1183 2401 1240 2436 34.
1266 2401 1451 2449 ἱστορικῆς

68 2437 318 2538 πραγιὲαξείας
338 2440 503 2484 FQ'I'XY
525 2442 619 2485 Bas„
643 2442 770 2478 caeteri
793 2442 958 2489 ἱστορίας
1093 2446 1152 2482 38.
1174 2446 1447 2500 ἀποστερῆσαι]

67 2525 276 2572 ἀποστῆσαι
297 2528 328 2562 F
399 2529 477 2566 ⁴⁰
501 2534 741 2589 πρεσβευτου]
767 2546 980 2580 πραγματευ
983 2537 1089 2572 τικοῦ
1095 2537 1220 2584 λόγον
1241 2538 1366 2587 (λόγου
1381 2543 1445 2586 W)

67 2574 160 2617 QW,
180 2577 450 2619 πραγματικοῦ,
469 2580 700 2623 suprascripto
722 2593 777 2626 γρ,
800 2583 1040 2626 πρεσβευτοῦ,
1056 2584 1113 2617 F
1183 2587 1240 2624 41.
1262 2601 1299 2624 τι
1321 2591 1448 2625 τοιοῦ·

66 2631 134 2654 τον
155 2620 278 2665 BQW,
296 2623 423 2656 meteri
434 2624 700 2661 τῶντοιούτων
725 2653 729 2657 «
813 2628 872 2663 44.
895 2630 1114 2674 παραληφθ·
1125 2630 1204 2666 FW
1214 2633 1308 2677 Bas„
1316 2635 1445 2670 caeteri

66 2668 304 2710 παραλειφθ..
397 2668 454 2703 45.
477 2669 684 2728 ῥητορείας]
708 2672 875 2717 ἱστορίας
898 2674 929 2708 F
1031 2677 1089 2710 47.
1113 2680 1340 2725 κεκραμένην
1365 2682 1445 2715 Ste-

66 2713 219 2756 phanue.
245 2713 326 2748 libri
349 2717 619 2775 κεκρατημένην
709 2719 767 2755 48.
791 2719 1060 2766 ω’φέλειανοπι.
1073 2723 1116 2757 Χ
1207 2726 1264 2761 61.
1288 2725 1448 2772 ἑβδομή-

65 2756 466 2842 novaWesselsszgius:
490 2763 571 2799 [ibn
588 2761 817 2813 ὀγδοήκοντα
919 2766 977 2804 64.
988 2768 1330 2846 συμφρονήσαντες]
1353 2785 1444 2820 συμ-

67 2817 173 2851 φωνη
198 2817 303 2848 αντες
