1820 3249
345 151 455 192 1382
700 144 814 185 LIB.
842 143 950 187 XIX.
1010 147 1142 188 CAP.
1171 149 1240 190 44.
1270 150 1337 191 45.

267 266 321 304 30
351 257 393 305 δ’
432 258 478 303 ἐν
513 261 606 309 τοῖς
644 256 926 327 τραυματίαις
963 255 1228 326 αἰχμάλωτος
1256 258 1330 301 καὶ
1360 257 1384 301 6
1413 257 1490 310 τὰς
1519 260 1712 315 ἱστορίας

351 315 669 383 συνταξάμενος
692 311 947 384 Ἱερώνυμος
977 312 1000 357 ὁ
1031 314 1306 367 Καρδιανός,
1350 313 1401 366 ὂς
1429 314 1508 358 τόν
1536 316 1613 371 μὲν
1643 317 1712 372 ἔμ-

349 378 545 443 προσθεν
570 369 731 444 χρόνον
750 367 827 413 ὑπ’
854 369 1079 443 Εὐμένους
1100 371 1341 426 τιμώμενος
1360 371 1577 425 διετέλεσε,
1607 373 1711 429 μετά

350 431 397 473 65
425 430 500 472 τὸν
530 428 698 472 ἐκείνου
726 426 923 472 θάνατον
950 425 1032 470 υπ’
1058 426 1309 484 Ἀντιγόνου
1337 426 1539 498 ἐτύγχανε
1547 435 1711 499 ρφιλαν-

258 484 319 530 '35
346 487 547 557 θρωπίας
563 484 635 528 καὶ
652 486 841 534 πίστεως.
872 483 896 527 6
916 481 959 527 6'
953 483 1220 554 Ἀντίγονος
1236 485 1315 539 τὴν
1334 483 1525 555 δύναμιν
1540 484 1712 529 ἅπασαν

348 541 582 611 ἀναλαβών
611 546 670 593 εἰς
697 542 878 597 Μηδίαν
907 539 1037 591 αὐτὸς
1066 542 1145 596 μὲν
1174 541 1220 584 ἔν
1248 558 1333 598 τινι
1361 540 1492 611 κώμῃ
1523 544 1714 598 παρεχεί-

348 613 484 655 μασεν
515 598 626 655 οὔσῃ
655 599 840 654 πλησίον
866 595 1162 666 Ἐκβατάνων,
1194 598 1241 640 έν
1271 599 1298 654 ἠ
1328 602 1404 654 τῆς
1433 598 1574 653 χώρας
1602 599 1713 642 ἐκεί-
1725 604 1792 639 352

348 672 432 726 νης
454 656 541 698 ἐστὶ
570 658 623 698 τά
653 657 869 710 βασίλεια,
900 653 1004 704 τούς
1033 654 1079 696 65
1108 654 1373 707 στρατιώτας
1402 656 1628 726 ἐπιδιεῖλεν
1656 656 1715 706 εἷς

349 713 521 755 ἅπασαν
550 728 630 767 την
660 711 948 764 σατραπείαν,
994 709 1067 752 καὶ
1102 708 1285 765 μάλιστα
1315 713 1373 762 εἰς
1400 711 1479 767 τὴν
1509 711 1716 767 ἐπαρχίαν

267 769 321 812 40
349 769 428 824 την
466 767 911 841 προςαγορευομένην
947 765 1103 822 Ῥάγας
1122 799 1133 818 ,
1171 766 1199 822 ἢ
1246 767 1408 837 ταύτην
1441 768 1542 838 τήν
1589 783 1717 837 προς-

347 827 532 881 ηγορίαν
562 826 682 893 έσχεν
710 822 795 866 άπὸ
826 826 915 866 τῶν
943 823 1188 892 γενομένων
1215 824 1313 876 περὶ
1343 822 1492 892 αὐτήν
1501 823 1716 895 ἀτυχημά-

348 898 437 925 των
475 882 521 924 ἐν
556 886 646 932 τοῖς
685 880 932 935 ἔμπροσθεν
960 878 1146 949 χρόνοις.
1203 881 1407 930 πλείστας
1443 878 1525 952 γὰρ
1553 881 1717 950 ἔχουσα

350 938 495 988 πόλεις
524 941 611 981 τῶν
640 937 687 980 ἐν
716 937 898 987 ἐκείνοις
925 940 1017 987 τοῖς
1046 935 1197 987 τόποις
1224 937 1297 980 καὶ
1318 935 1489 992 μάλιστ’
1509 935 1720 1007 εὐδαιμο-

271 996 325 1038 45
354 994 539 1045 νούσας,
578 992 861 1065 τηλικούτους
889 991 981 1064 ἔσχε
1009 992 1212 1064 σεισμους
1242 991 1342 1044 ὥςτε
1370 993 1444 1036 καὶ
1471 992 1547 1044 τὰς
1575 992 1722 1044 πόλεις

351 1051 426 1094 καὶ
463 1067 569 1100 τους
608 1053 888 1100 ἐνοικοῦντας
918 1049 1115 1101 ἅπαντας
1144 1047 1468 1121 ἀφανισθῆναι,
1520 1049 1719 1094 καθόλου

353 1106 398 1150 65
417 1106 496 1162 τήν
525 1105 671 1162 χώραν
692 1105 990 1162 ἀλλοιωθῆναι
1017 1107 1092 1150 καὶ
1112 1107 1334 1162 ποταμοὺς
1355 1105 1452 1150 ἀντὶ
1474 1110 1563 1150 τῶν
1583 1110 1720 1163 προῦ-

353 1166 612 1232 παρχόντων
639 1163 796 1214 άλλους
826 1166 1020 1233 φανῆναι
1049 1179 1122 1207 και
1145 1165 1315 1232 λίμνας.

269 1226 325 1267 45
465 1219 588 1263 Κατα
628 1220 673 1263 δὲ
709 1219 895 1270 τούτους
938 1236 1042 1270 τους
1080 1218 1275 1289 χρόνους
1317 1219 1478 1275 συνέβη
1519 1219 1722 1275 γενέσθαι

270 1282 323 1325 50
352 1276 449 1331 περὶ
489 1277 567 1332 τὴν
604 1280 695 1319 τῶν
726 1274 905 1320 Ροδίων
940 1275 1072 1320 πόλιν
1106 1276 1185 1319 τὸν
1221 1276 1371 1330 τρίτον
1402 1276 1722 1333 κατακλυσμόν,

353 1332 402 1384 ὃς
431 1331 622 1383 πολλους
650 1348 739 1375 των
765 1332 1057 1376 ἐνοικούντων
1077 1332 1339 1402 ᾇιέφθειρεν.
1384 1334 1447 1375 ὠν
1468 1332 1491 1375 6
1511 1333 1589 1387 μὲν
1604 1337 1723 1403 πρῶ-

352 1406 427 1439 τος
459 1387 581 1444 ὀλίγα
611 1394 704 1439 τοῖς
733 1388 986 1443 ἀνθρώποις
1015 1388 1267 1459 ἐνώχλησεν,
1297 1405 1357 1439 ως
1387 1389 1443 1432 ὂὶν
1465 1392 1539 1458 τῆς
1558 1387 1722 1441 πόλεως

353 1445 489 1502 οὔσης
524 1447 797 1497 νεοκτίστου,
849 1446 922 1488 καὶ
961 1445 1034 1489 δια
1073 1461 1204 1490 τουτο
1239 1445 1410 1516 πολλήν
1449 1443 1723 1501 εὐρυχωρίαν

270 1508 324 1551 55
354 1503 546 1558 ἐχούσης.
606 1500 630 1544 6
672 1501 718 1545 65
755 1499 954 1554 δεύτερος
989 1504 1145 1558 μείζων
1182 1501 1349 1558 ἐγένετο
1378 1502 1450 1545 καὶ
1480 1505 1611 1546 πλείω
1641 1503 1723 1547 σώ-

351 1575 465 1614 ματα
495 1559 758 1614 διέφθειρεν.
818 1557 841 1602 6
873 1558 918 1602 65
948 1563 1189 1610 τελευταῖος
1219 1560 1422 1603 ἐπέπεσεν
1440 1559 1580 1628 ξεάρος·
1598 1558 1722 1616 ἄρχο-

351 1615 512 1684 μένου,
560 1613 917 1685 καταρραγέντων
954 1615 1157 1672 ἐξαίφνης
1197 1615 1395 1672 μεγάλων
1413 1614 1613 1687 ὄμβρων
1647 1617 1724 1659 καὶ

351 1670 533 1744 χαλάζης
561 1670 747 1716 ἀπίστου
773 1672 822 1715 τὸ
850 1672 1056 1726 μέγεθος·
1086 1677 1267 1727 μνααῖαι
1296 1689 1379 1727 γαρ
1410 1671 1603 1725 ἔπιπτον,
1631 1673 1724 1716 ἔστι

354 1727 394 1772 6'
428 1728 499 1772 ὅτε
528 1728 600 1772 καὶ
629 1729 813 1784 μείζους,
845 1727 948 1778 ω’ςτε
978 1728 1140 1779 πολλὰς
1169 1729 1249 1785 μὲν
1277 1745 1368 1772 των
1398 1730 1549 1772 οἰκιῶν
1571 1731 1724 1784 συμπί-

271 1794 327 1835 60
354 1800 476 1829 πτειν
505 1784 578 1828 διὰ
605 1785 654 1828 τὸ
684 1785 833 1842 βάρος,
867 1782 947 1828 οὐκ
978 1783 1151 1856 ὀλίγους
1179 1786 1226 1829 65
1255 1785 1330 1828 καὶ
1357 1801 1445 1828 των
1475 1784 1724 1839 ἀνθρώπων

356 1840 645 1885 ἀπόλλυσθαι.
711 1843 1020 1895 θεατροειδοῦς
1059 1840 1103 1885 δ’
1119 1840 1273 1911 οὔσης
1310 1845 1387 1896 τῆς
1424 1839 1600 1894 P66ov,
1648 1843 1724 1886 καὶ

356 1915 433 1949 τας
465 1899 670 1954 ἐγκλίσεις
699 1914 787 1941 των
815 1897 991 1941 ὑδάτων
1018 1897 1129 1942 κατά
1159 1897 1208 1941 τό
1240 1902 1441 1942 πλεῖστον
1471 1900 1530 1950 εἰς
1560 1899 1637 1942 ἕνα
1653 1898 1722 1942 τό-

354 1970 441 1999 πον
477 1955 761 2024 ποιουμένης,
811 1953 955 2024 ἐὐθὺς
983 1954 1037 1998 τά
1074 1970 1254 1999 ταπεινα
1290 1958 1366 2009 τῆς
1401 1954 1565 2006 πόλεως
1601 1948 1724 2026 ἐπλη-

356 2015 511 2065 ροῦτο,
558 2015 646 2054 τῶν
684 2012 762 2066 μὲν
801 2009 960 2065 ὀχετων
999 2011 1072 2053 δια
1110 2011 1160 2054 τὸ
1199 2014 1345 2060 δοκεῖν
1373 2011 1731 2067 παρεληλυθέναι

273 2070 327 2113 65
356 2067 434 2110 τὸν
471 2083 657 2123 χειμωνα
696 2067 1076 2135 κατημελημένων,
1112 2079 1206 2110 των
1233 2066 1292 2110 δ’
1330 2068 1377 2110 έν
1411 2073 1504 2118 τοῖς
1542 2070 1722 2122 τείχεσιν

357 2123 594 2195 ὀβελίσκων
633 2121 1021 2192 συμφραχθέντων.
1079 2127 1158 2167 τοῦ
1196 2122 1241 2167 δ’
1268 2122 1428 2174 ὕδατος
1467 2124 1723 2195 παραδόξως

358 2178 688 2234 ἀθροιζομένου,
718 2184 802 2230 πᾶς
832 2196 881 2232 μ
866 2195 910 2222 εν
940 2178 963 2222 6
992 2180 1089 2235 περὶ
1119 2179 1167 2223 τὸ
1198 2182 1370 2252 δεῖγμα
1368 2180 1449 2223 καὶ
1477 2180 1527 2224 τὸ
1558 2182 1722 2225 Διονύ-

305 2268 309 2271 -
357 2249 455 2281 σιον
493 2237 625 2286 τόπος
666 2233 966 2304 ἐπεπλήρωτο,
1017 2236 1129 2290 πρὸς
1161 2237 1207 2280 65
1244 2237 1292 2282 τὸ
1319 2235 1613 2307 ᾈσκληπιεῖον
1622 2238 1724 2299 ἥδη

272 2310 328 2350 70
356 2298 438 2339 τοῦ
466 2292 743 2350 λιμνάζοντος
772 2292 911 2337 τόπου
940 2292 1219 2348 προςιόντος,
1254 2293 1476 2350 ἐκπλαγεῖς
1503 2294 1582 2350 μὲν
1610 2299 1723 2352 ησαν

353 2463 410 2498 30.
456 2466 722 2509 τραυματίαις]
756 2463 932 2500 ἑαλωκόσι
955 2464 1094 2507 1²*va
1285 2463 1343 2498 31.
1388 2460 1476 2508 τὴν]
1511 2463 1578 2507 τὴν
1600 2462 1668 2508 μὲν
1690 2467 1721 2500 1³·

443 2509 523 2545 352.
555 2510 612 2543 38
661 2511 906 2556 σατραπείαν]
929 2509 1102 2566 στρατιάν
1126 2510 1155 2543 1³·
1299 2510 1357 2545 43.
1403 2509 1551 2554 μάλιστ’
1574 2512 1605 2545 F
1626 2513 1725 2554 Bas„

355 2556 481 2589 caeteri
503 2555 662 2598 μάλιστα
853 2555 1031 2591 &kz-1511
1053 2553 1228 2601 Ῥοδίων]
1258 2551 1410 2591 Ροδίων
1435 2557 1516 2592 Bas.
1663 2557 1721 2592 52.

353 2605 431 2641 τοῖς
455 2599 694 2659 ἅνθρωποις]
729 2616 818 2644 τους
839 2601 1067 2647 ἀνθρώπους
1090 2603 1118 2636 F
1299 2601 1357 2637 55.
1405 2600 1595 2649 ἐπέπεσεν]
1621 2602 1722 2640 ἔπεσε

354 2647 395 2688 V,
419 2648 545 2682 caeteri
570 2647 717 2684 ἐπέπεσε
739 2662 804 2693 μεν
987 2648 1045 2684 58.
1092 2649 1269 2693 μνααῖαι]
1305 2651 1437 2693 μναῖαι
1459 2649 1539 2684 Bas

353 2693 412 2727 60.
460 2694 522 2728 καὶ
545 2704 612 2730 om.
635 2696 716 2729 Bas.
907 2694 964 2731 65.
1010 2695 1183 2739 τείχεσιν]
1217 2694 1356 2738 τοίχοις
1389 2694 1468 2729 FW
1662 2694 1719 2729 6⁷.

353 2737 395 2773 τὸ
421 2737 623 2775 Διονύσιον
647 2742 704 2782 W,
731 2740 871 2775 caeteri
880 2738 1082 2776 Διονύσιον
1236 2740 1295 2775 68.
1332 2739 1586 2786 ἐπεπλήρωτο]
1612 2738 1720 2785 ἐπλη-

355 2788 473 2828 ροῦτο
497 2787 538 2827 F,
563 2785 598 2820 iu
622 2797 734 2833 mar-g
761 2798 888 2832 ponens
910 2800 963 2833 γρ.
987 2785 1222 2832 ἐπεπλήρωτο
