1820 3249
316 161 402 203 970
689 161 810 203 LIB,
845 160 934 203 XV.
993 161 1122 205 CAP.
1152 166 1219 206 26.
1249 166 1315 208 27.

314 269 456 314 τεύειν
484 271 545 322 εἷς
581 288 662 328 την
696 276 932 328 Βοιωτίαν,
978 275 1055 320 ἐάν
1093 279 1121 333 ᾑ
1150 276 1283 332 χρεία.
1334 275 1357 319 ὁ
1389 276 1436 319 δὲ
1463 279 1692 330 Δημοφῶν

315 327 539 382 συντόμως
582 334 675 380 ταῖς
723 329 842 383 ὁδοῖς
889 332 1158 403 χρησάμενος
1202 332 1458 387 παραδόξως
1497 332 1691 387 ἐπεφάνη

212 388 285 426 100
313 388 406 434 τοῖς
450 388 670 440 Θηβαίοις.
729 387 891 441 ὁμοίως
931 391 978 433 δὲ
1014 390 1086 433 καὶ
1127 389 1172 433 ἐκ
1211 393 1297 432 τῶν
1339 388 1484 433 ἄλλων
1522 388 1690 432 πόλεων

311 443 400 482 τῶν
429 442 537 485 κατά
566 444 646 511 τὴν
666 446 881 489 Βοιωτίαν
909 451 1083 490 πολλῶν
1113 457 1387 500 στρατιωτων
1417 444 1688 500 συνδραμόν-

310 513 420 547 των,
475 498 582 553 ταχὺ
634 501 795 568 μεγάλη
843 502 1029 558 δύναμις
1073 501 1297 557 η’θροίσθη
1333 507 1426 552 τοῖς
1466 504 1688 558 Θηβαίοις.

311 553 482 598 ὁπλῖται
526 555 603 610 μὲν
641 558 726 611 γάρ
770 564 991 615 συνῆλθον
1031 558 1115 602 οὐκ
1154 559 1355 609 ἐλάττους
1395 562 1483 602 τῶν
1520 559 1690 626 μυρίων

311 611 386 652 καὶ
426 614 663 666 διςχιλίων,
702 616 841 667 ἱππεῖς
879 617 926 688 δὲ
961 619 1139 666 πλείους
1175 631 1262 658 των
1300 617 1528 685 διςχιλίων.
1585 613 1690 657 πάν-

256 660 282 701 5
311 683 399 709 των
451 669 496 711 δὲ
541 670 786 739 προθύμως
833 672 903 716 ἐπὶ
952 673 1033 729 τὴν
1085 672 1345 726 πολιορκίαν
1388 670 1690 742 ὁρμησάντων,

312 723 554 780 διελόμενοι
583 725 635 769 τὰ
670 728 817 784 πλήθη
855 728 932 780 τὰς
965 728 1212 785 προςβολάς
1250 727 1296 772 ἐκ
1335 730 1540 784 διαδοχῆς
1579 727 1691 771 ἐποι-

311 784 471 828 οῦντο,
516 789 941 852 προςκαρτεροῦντες
990 791 1081 836 τοῖς
1125 784 1349 836 κινδύνοις
1391 788 1578 841 συιεχῶς
1617 784 1691 828 καὶ

227 843 282 882 27
310 835 417 880 καθ’
457 835 623 894 ἡμέραν
651 842 726 884 καὶ
754 842 926 893 νυκτός.
985 860 1027 885 οι
1055 840 1097 885 δ’
1135 842 1183 885 ἐν
1210 845 1265 899 τῇ
1292 844 1490 912 Καδμείᾳ
1519 844 1690 887 οἰκοῦν-

230 903 280 939 [O
309 911 378 945 τες
414 898 762 964 παρακληθέντες
799 899 886 943 υπὸ
925 903 1014 942 τῶν
1053 897 1297 968 ἡγεμόνων
1317 897 1546 952 εὐρώστως
1581 897 1689 967 η’μύ-

306 967 437 994 νοντο
467 952 570 1003 τούς
599 957 852 1026 πολεμίους,
895 955 1138 1010 ἐλπίζοντες
1167 954 1391 1025 συντόμως
1428 956 1545 1011 ἥξειν
1582 971 1688 1005 τους

304 1011 682 1069 Λακεδαιμονίους
716 1012 821 1067 μετά
852 1012 1039 1085 μεγάλης
1069 1011 1307 1067 δυνάμεως.
1366 1013 1447 1064 ε’ως
1486 1028 1564 1067 μεν
1603 1013 1687 1055 οὐν

310 1062 425 1120 εἶχον
460 1083 632 1134 τροφας
677 1069 851 1121 ἱκανάς,
899 1069 1211 1125 ἐνεκαρτέρουν
1250 1073 1343 1120 τοῖς
1395 1072 1574 1122 δεινοῖς,
1613 1068 1688 1112 καὶ

309 1121 498 1173 πολλους
525 1128 614 1166 τῶν
637 1125 995 1199 πολιορκούντων
1013 1127 1264 1171 ἀπέκτεινον
1292 1126 1367 1170 καὶ
1397 1123 1688 1180 κατετραυμά-

235 1178 280 1220 15
310 1183 440 1232 τιζον,
473 1183 686 1249 συνεργὸν
714 1183 880 1239 ε’χοντες
908 1201 989 1257 την
1016 1188 1091 1240 τῆς
1119 1181 1396 1239 ἀκροπόλεως
1425 1182 1685 1240 ὀχυρότητα

309 1251 368 1286 ως
398 1234 439 1279 δ’
476 1235 506 1305 ἡ
537 1238 615 1292 μὲν
644 1257 733 1283 των
770 1240 1020 1296 ἀναγκαίων
1050 1240 1204 1292 σπάνις
1243 1241 1478 1290 επέτεινεν,
1519 1241 1563 1282 οἱ
1596 1243 1688 1282 Λα-

308 1292 581 1363 κεδαιμόνιοι
623 1296 668 1339 δὲ
711 1298 810 1350 περὶ
857 1298 935 1349 τάς
973 1296 1277 1371 παρβασκευάς
1291 1296 1414 1348 ὅντες
1451 1295 1688 1353 ἐχρόνιζοντ

308 1348 561 1404 εστασίαζον
599 1353 709 1408 πρὸς
738 1353 1068 1410 ἀλλήλους.οἱ
1110 1355 1188 1411 μὲν
1226 1353 1310 1411 γὰρ
1348 1354 1688 1407 Λακεδαιμόνιοι

225 1412 278 1450 20
307 1422 432 1461 μεχρι
467 1408 669 1453 θανάτου
707 1417 932 1465 καρτερεῖν
978 1411 1118 1471 ῳόντο
1150 1413 1348 1482 δεῖν,οῑ
1383 1411 1429 1454 δὲ
1475 1410 1561 1453 ἀπὸ
1599 1412 1688 1451 τῶν

308 1466 589 1520 συμμαχίδων
627 1467 799 1511 πόλεων
839 1446 1265 1522 συστρατεύσαντες,
1289 1467 1409 1518 ὄντες
1442 1463 1689 1510 πολλαπλά-

305 1531 416 1569 σιοι,
455 1523 749 1576 παραδιδόιαι
778 1541 858 1579 την
888 1528 1114 1580 Καδμείαν
1154 1524 1464 1595 ἀπεφήναντο·
1501 1534 1686 1593 συνηνα-

302 1577 560 1633 γκάσθησαν
593 1581 639 1624 δὲ
668 1582 742 1624 καὶ
773 1584 817 1626 οἱ
850 1581 891 1635 ἐξ
922 1581 1054 1652 αὐτῆς
1075 1585 1158 1653 τῆς
1188 1581 1416 1651 Σπάρτης,
1447 1579 1571 1630 ὄντες
1602 1578 1688 1623 ὀλί-

302 1650 398 1688 φοι,
441 1641 768 1710 παραχωρῆσαι
796 1642 872 1693 τῆς
914 1637 1213 1695 ἀκροπόλεως
1255 1637 1406 1691 διόπερ
1447 1633 1570 1680 οὗτοι
1609 1652 1687 1703 μεν

224 1694 277 1737 25
305 1689 577 1737 ὑπόσπονδοι
607 1693 711 1738 καθ’
744 1693 983 1751 ὁμολογίαν
1013 1696 1249 1753 ἀφεθέντες
1277 1697 1336 1745 εἰς
1364 1694 1442 1750 τὴν
1472 1692 1689 1736 Πελοπόν-

306 1759 453 1820 ιζΙησον
486 1748 808 1807 ἀπηλλάγησαν.
878 1769 921 1795 οι
971 1753 1017 1797 δὲ
1063 1751 1406 1808 Λακεδαιμόιιοι
1453 1750 1689 1805 δυνάμεσιν

307 1802 551 1861 ἀξιολόγοις
585 1808 834 1862 προςιόντες
874 1809 943 1852 επὶ
981 1809 1058 1861 τὰς
1100 1809 1270 1879 Θήβας,
1310 1826 1384 1852 και
1421 1806 1560 1879 βραχυ
1600 1810 1688 1849 τῶν

307 1877 476 1915 καιρων
513 1864 850 1934 ὑστερήσαντες,
891 1866 1116 1919 ἄπρακτον
1160 1866 1286 1935 ε’σχον
1335 1865 1416 1922 τὴν
1466 1863 1687 1919 ἐπιβολήν.

225 1928 277 1967 30
307 1917 410 1969 τοὺς
441 1921 485 1963 δὲ
515 1921 729 1977 ἡγεμόνας
757 1928 832 1979 τῆς
868 1928 1069 1978 φρουρᾶς
1107 1929 1220 1976 τρεῖς
1261 1922 1390 1972 ὄντας
1427 1921 1689 1990 μετέστησαν

307 1977 366 2025 εἰς
396 1979 562 2032 κρίσιν,
598 1980 671 2022 καὶ
699 1981 803 2029 τοὺς
831 1997 911 2036 μεν
941 1980 1022 2023 δύο
1053 1983 1341 2024 κατεδίκασαν
1369 1976 1569 2033 θανάτῳ,
1608 1975 1688 2020 τόν

306 2032 453 2086 μέντοι
482 2037 630 2088 τρίτον
657 2036 853 2107 τοσούτῳ
886 2037 1042 2093 πληθει
1071 2036 1304 2092 χρημάτων
1334 2035 1438 2087 ω’ςτε
1467 2052 1525 2091 μη
1557 2034 1689 2078 615⁷!oe-

308 2093 413 2133 σθαι
442 2092 519 2142 τὴν
551 2091 708 2136 οὐσίαν
737 2092 874 2138 αὐτοῦ
903 2098 1095 2137 τοσαῦτα
1124 2093 1318 2150 χρήματα
1351 2093 1528 2136 εκτῖσαι.
1580 2090 1686 2146 μετά

308 2146 354 2189 δὲ
393 2152 530 2192 ταῦτα
575 2148 799 2220 Ἀθηναῖοι
845 2168 924 2206 μεν
962 2151 1214 2206 ἐπανῆλθον
1260 2152 1319 2201 εἰς
1362 2165 1441 2206 την
1485 2149 1685 2202 πατρίδα,
1738 2182 1743 2185 .

228 2204 278 2245 55
311 2206 496 2262 Θηβαῖοι
546 2206 591 2249 δὲ
638 2209 823 2258 Θεσπιὰς
872 2209 1243 2278 πολιορκήσαντες
1290 2206 1513 2260 α’πρακτον
1562 2205 1688 2259 ε’σχον

308 2269 388 2326 τὴν
425 2263 646 2322 ἐπιβολην.
705 2265 795 2321 ἅμα
842 2265 894 2310 δὲ
926 2265 1099 2317 τούτοις
1136 2264 1451 2321 πραττομένοις
1482 2262 1689 2318 Ρωμαῖοι

307 2419 365 2454 98.
390 2414 595 2457 συντόμως]
620 2414 733 2448 sex-Hm
758 2414 953 2459 συντόμοις
1113 2415 1147 2449 7.
1173 2414 1350 2458 συνεχῶς]
1375 2414 1535 2458 συνεχεῖς
1558 2412 1588 2444 F

308 2465 369 2501 καὶ
393 2477 462 2500 om.
486 2463 549 2496 FK
663 2462 696 2495 S.
721 2459 821 2508 καθ’]
849 2462 957 2495 immo
980 2459 1073 2506 μεθ’
1188 2461 1220 2494 9.
1248 2461 1451 2502 οἰκοῦντες]
1477 2468 1687 2511 φρουρουν-

308 2511 391 2552 teg?
537 2508 594 2542 1⁶2..
619 2520 661 2551 με
666 2521 684 2541 ν
710 2503 799 2552 οὖν]
825 2521 891 2551 μεν
926 2509 955 2541 Α
1100 2507 1155 2541 13.
1191 2505 1323 2548 ἱκανάς
1354 2506 1520 2540 asterisco
1552 2503 1688 2538 notavit

307 2559 505 2612 Stephanus
690 2552 963 2598 ἐνεκαρτέρουν]
991 2552 1213 2597 ἐκαρτέρουν
1241 2554 1272 2586 F
1441 2552 1497 2585 H.
1524 2549 1687 2584 ἀπέκτει-

308 2605 397 2647 νον]
436 2599 655 2637 ἀπέκταινον
690 2601 739 2642 F,
774 2602 834 2644 qui
872 2600 981 2634 videri
1005 2605 1119 2644 potest
1144 2598 1341 2635 ἀπέκτενον
1372 2597 1541 2632 voluisse:
1574 2608 1609 2632 v.
1641 2595 1687 2630 ad

310 2665 343 2696 p.
368 2650 446 2684 118
475 2648 528 2684 15.
712 2647 768 2680 20.
795 2647 1139 2702 συστρατεύσαντες]
1164 2643 1469 2689 συστρατεύοντες
1491 2644 1518 2677 L

309 2699 366 2733 22.
405 2694 443 2731 δε
485 2694 570 2738 καὶ]
608 2692 668 2727 καὶ
704 2694 767 2726 FK
960 2694 1016 2727 31.
1051 2691 1201 2749 μέντοι]
1235 2691 1372 2749 μέντοι
1397 2703 1434 2734 γε
1466 2689 1495 2722 L

309 2745 368 2779 3’.
394 2740 481 2783 ὦςτε
504 2739 554 2786 μὴ
577 2740 657 2783 AL,
689 2741 817 2775 caeteri
841 2738 928 2781 ὥςτε
953 2740 1015 2776 καὶ
1037 2738 1089 2786 μή
1272 2738 1333 2773 83.
1361 2735 1578 2782 Ἀθηναῖοι]
1609 2735 1687 2779 Θη-

312 2793 414 2838 βαῖοι
438 2790 468 2823 F
