1820 3249
316 109 428 151 1448
662 106 776 148 Lm.
804 105 912 149 XIX.
971 105 1099 148 CAP.
1129 108 1226 150 108
1256 111 1351 150 109.

320 214 514 287 ἐτόλμων
542 205 783 274 διαβαίνειν
813 214 997 272 ἁθρόοις
1026 215 1327 270 στρατιώταις,
1357 216 1438 268 ἕως
1468 233 1574 261 οτου
1604 232 1691 261 πα·-

236 273 291 316 25
321 272 508 328 ράλογός
536 291 602 325 τις
638 275 756 316 αἰτία
784 274 1094 328 προεκαλέσατ’
1127 275 1291 326 αὐτούς
1329 277 1389 325 είς
1417 274 1494 317 τὸν
1524 273 1692 330 ὁλοσχε-

321 335 378 387 ρῆ
406 332 628 375 κίνδυνον.
686 346 776 373 των
812 331 896 387 γαρ
930 331 1109 400 Λιβύων
1137 331 1486 401 κατατρεχόντων
1513 332 1591 387 τὴν
1619 347 1693 374 πο-

321 390 495 458 λεμίαν,,
532 386 799 458 Ἀγαθοκλῆς
837 387 1106 444 παρωξύνθη
1142 388 1192 431 τὸ
1230 387 1534 460 παραπλήσιον
1563 391 1692 443 ποιῆ-

321 457 406 488 σαι.
467 443 666 498 αγόντων
705 445 752 488 δὲ
790 447 911 489 λείαν
950 449 1039 488 τῶν
1074 444 1313 516 Ἑλληνων,
1354 447 1428 488 καί
1466 461 1566 488 τινα
1602 460 1694 488 των

323 499 408 544 ἀπὸ
447 505 524 556 τῆς
560 502 838 557 παρεμβολῆς
865 501 1113 557 ὑποζυγίων
1150 500 1485 570 ἀπαγαγόντων,
1523 501 1696 568 ἐπεξῆλ-

239 565 294 605 30
323 563 411 600 θον
440 557 487 601 ἐκ
515 562 597 601 τοῦ
629 561 720 601 τῶν
748 561 1065 615 Καρχηδονίων
1094 559 1282 627 χάρακος
1312 561 1355 602 οἱ
1383 557 1565 608 τούτους
1594 557 1697 601 διιό-

324 615 483 666 ξοντες.
541 613 564 659 ὁ
608 613 656 659 δ’
691 612 958 671 Ἀγαθοκλῆς
998 613 1289 668 προϊδόμενος
1324 615 1373 658 τὸ
1410 617 1581 686 μέλλον
1605 615 1698 658 1'3'68-

324 676 455 725 σθαι,
483 670 602 726 παροὶ
630 670 709 714 τόν
736 673 934 729 ποταμὸν
963 671 1120 725 ἔθηκεν
1148 672 1328 724 ἐνέδραν
1358 671 1535 726 ἄνδρων
1564 671 1699 716 ἐπιλέ·

324 745 441 771 κτων
477 734 572 779 ταῖς
612 727 799 783 αρεταῖς.
858 730 982 771 οὑτοι
1021 728 1090 780 δέ,
1130 733 1219 770 τῶν
1250 730 1564 784 Καρχηδονίων
1592 729 1698 779 τούς

324 783 404 839 τὴν
432 786 553 828 λείαν
582 784 769 840 ἄγοντας
798 783 1118 828 ἐπιδιωκόντων
1147 801 1219 828 και
1236 785 1493 853 διαβάντων
1522 785 1598 828 τὸν
1616 802 1698 828 πο-

242 846 295 886 85
325 840 489 896 ταμόν,
520 841 806 911 ἐξανέστησαν
842 841 888 885 ἐκ
918 845 993 897 τῆς
1022 841 1199 894 ἐνέδρας
1227 839 1377 898 α’φνω,
1409 842 1483 885 καὶ
1508 857 1699 894 προςπε-

326 898 475 948 σόντες
514 898 714 948 ἀτάκτοις
764 899 926 956 ῥαδίως
965 897 1213 953 ἐτρέψαντο.
1294 898 1605 953 φονευομένων
1652 898 1699 941 δε

324 971 414 998 των
442 954 679 1024 βαρβάρων
706 956 782 998 καὶ
817 954 928 1009 πρὸς
954 971 1035 1024 την
1063 957 1180 998 ἰδίαν
1184 955 1488 1025 παρεμβολὴν
1517 953 1702 1010 φευγόν-

325 1028 435 1062 των,
468 1010 737 1067 Ἀγαθοκλῆς
771 1014 978 1082 νομίσας
992 1010 1115 1067 ἥκειν
1144 1011 1222 1055 τόν
1250 1011 1405 1066 καιρόν
1435 1015 1514 1055 τοῦ
1544 1014 1700 1067 διαγω-

242 1077 296 1119 40
324 1070 556 1120 νίσασθαι,
586 1080 734 1111 πασαν
768 1068 901 1125 η’γαγε
929 1085 1010 1124 την
1039 1068 1239 1140 δύναμιν
1256 1069 1324 1112 ἐπὶ
1334 1068 1433 1138 τὴν
1460 1085 1550 1112 των
1579 1072 1701 1111 πολε-

324 1126 438 1196 μίων
488 1126 834 1180 στρατοπεδείαν.
904 1126 1158 1180 προςπεσων
1196 1123 1239 1170 δ’
1289 1123 1439 1176 αὐτοῖς
1482 1123 1701 1196 ἀπροςδου

325 1182 488 1235 κήτως,
526 1182 600 1225 καὶ
641 1181 746 1238 ταχὺ
787 1182 918 1251 μέρος
957 1187 1031 1238 τῆς
1057 1199 1244 1254 ταφρου
1285 1183 1449 1238 χώσας,
1488 1181 1702 1225 ἀνέσπασε

324 1239 404 1282 τόν
437 1238 608 1294 χάρακα
634 1240 707 1283 καὶ
738 1237 995 1293 βιαζόμενος
1032 1240 1091 1289 εἰς
1120 1256 1200 1295 την
1229 1238 1506 1308 παρεμβολὴν
1534 1253 1705 1293 παρεις-

327 1293 489 1338 ἔπεσεν.
550 1312 594 1339 οι
627 1295 673 1339 δὲ
702 1294 998 1351 Καρχηδόνιοι
1029 1294 1102 1338 διά
1130 1311 1175 1338 τε
1204 1294 1253 1338 τό
1284 1295 1536 1348 παράδοξον
1565 1311 1705 1337 κατα-

242 1361 296 1404 45
326 1352 623 1420 πεπληγμένοι
641 1353 715 1395 καὶ
742 1353 854 1406 πρὸς
883 1353 1053 1404 ἔκταξιν
1082 1350 1136 1395 οὕ
1166 1350 1403 1406 δυνάμενοι
1430 1354 1582 1421 λαβεῖν
1605 1367 1706 1394 ανα-

327 1410 548 1466 στροφήν,
591 1408 650 1459 ὡς
679 1408 798 1479 ἔτυχε
832 1414 924 1460 τοῖς
953 1410 1172 1464 πολεμίοις
1201 1407 1404 1464 ἀπηυτων
1434 1410 1507 1452 καὶ
1535 1406 1705 1464 η’γωνί-

325 1469 465 1518 ζοντο.
523 1466 623 1520 περὶ
653 1465 699 1510 δὲ
729 1467 808 1535 τῆν
835 1465 1010 1522 τάφρον
1045 1465 1305 1521 ἀμφοτέρων
1335 1466 1588 1521 ἐρρωμένως
1616 1481 1706 1508 κιν-

324 1521 626 1574 δυνευόντων,
664 1539 772 1579 ταχυ
807 1527 891 1574 πᾶς
931 1522 954 1566 ὁ
991 1525 1176 1579 πλησίον
1211 1522 1344 1574 τόπος
1379 1526 1548 1577 νεκρῶν
1575 1537 1708 1566 κατε-

324 1577 516 1650 στρώθη.
574 1580 622 1622 οι’
664 1595 710 1622 τε
748 1596 831 1650 γαρ
881 1596 971 1623 των
996 1581 1328 1651 Καρχηδονίων
1372 1578 1708 1635 ἐπιφανέστατοι

243 1640 298 1685 50
327 1653 422 1709 την
436 1635 718 1708 παρεμβολὴν
756 1634 944 1690 ὁρωντες
981 1634 1271 1707 ἁλισκομένην
1308 1636 1630 1706 ἐβοήθουν,οἵ
1662 1651 1708 1678 τε

327 1693 428 1748 περὶ
458 1693 537 1737 τὸν
558 1691 823 1765 Ἀγαθοκλέα
851 1697 913 1750 τῷ
940 1692 1234 1750 προτερήματι
1262 1692 1602 1764 τεθαρρηκότες,
1633 1692 1708 1735 καὶ

327 1751 577 1821 νομίζοντες
615 1749 680 1794 ἐνὶ
708 1738 901 1806 κινδύνῳ
930 1752 1190 1794 καταλύσειν
1219 1749 1362 1793 πάντα
1391 1751 1470 1795 τόν
1499 1748 1705 1804 πόλεμον,

219 1813 299 1853 109
327 1805 541 1851 ἐνέκειντο
570 1811 661 1858 τοῖς
687 1794 942 1863 βαρβάρόις.
978 1807 1002 1851 ὁ
1034 1805 1074 1851 δ’
1101 1805 1301 1877 Ἀμίλκας
1331 1806 1448 1861 ὁρων
1476 1817 1707 1861 κατισχυο-

243 1871 299 1912 55
327 1863 489 1919 μένους
516 1862 622 1914 τούς
652 1863 835 1915 εαυτοῦ,
863 1864 938 1908 καὶ
966 1867 1055 1907 τῶν
1080 1863 1300 1935 Ἑλλήνων
1330 1864 1395 1908 ἀεὶ
1423 1865 1600 1913 πλείους
1628 1878 1710 1905 πα-

327 1922 655 1990 ρειςπίπτοντας
682 1923 743 1971 εἰς
771 1937 852 1976 την
881 1921 1187 1976 παρεμβολήν,
1219 1921 1422 1976 ἐπέστησε
1450 1921 1553 1971 τούς
1582 1932 1709 1988 σφεν-

327 1977 514 2046 δονήτας
554 1982 656 2027 τους
701 1977 749 2021 ἐκ
789 1980 878 2021 τῶν
917 1979 1198 2049 Βαλιαριδων
1234 1977 1404 2033 νήσων,
1453 1976 1583 2027 ὄντας
1623 1974 1706 2018 οὐκ

326 2032 533 2084 ἐλάττους
569 2038 659 2076 τῶν
695 2034 860 2089 χιλίων.
920 2039 1047 2077 οὑτοι
1083 2034 1130 2077 δὲ
1170 2040 1361 2090 συνεχεῖς
1388 2034 1462 2077 καὶ
1493 2030 1707 2104 μεγάλους

327 2092 485 2141 λίθους
515 2088 716 2143 ἀφιέντες
743 2088 932 2141 πολλους
941 2107 1041 2159 μεν
1068 2090 1390 2161 ἐτραυμάτιζον,
1421 2087 1505 2133 οὐκ
1535 2090 1709 2144 ὀλίγους

245 2150 300 2191 60
330 2148 379 2191 δε
407 2164 482 2191 και
510 2163 599 2190 των
628 2146 898 2216 βιαζομένων
927 2145 1192 2199 ἀπέκτεινον,
1222 2151 1310 2190 τῶν
1341 2147 1387 2190 δὲ
1414 2148 1624 2190 πλείστων
1651 2145 1705 2188 τὰ

330 2205 598 2258 σκεπάζοντα
635 2208 725 2247 τῶν
754 2203 905 2248 ὅπλων
935 2205 1211 2259 συνέτριβον·
1251 2206 1295 2247 οἱ
1329 2220 1428 2274 γαρ
1444 2202 1601 2257 ἄνδρες
1630 2197 1706 2245 οὗ·

329 2277 399 2304 τοι
427 2262 642 2329 μνααίους
679 2262 836 2312 λίθους
868 2259 1044 2318 βάλλειν
1082 2259 1285 2312 εἰωθότες
1309 2259 1485 2331 μεγάλα
1514 2258 1705 2315 συμβάλ-

330 2321 482 2361 λονται
513 2315 626 2371 πρὸς
654 2319 789 2388 νίκην
810 2318 858 2361 ἐν
887 2322 979 2369 τοῖς
1007 2318 1258 2370 κινδύνοις,
1287 2334 1346 2368 ως
1378 2317 1431 2359 ἄν
1462 2317 1507 2360 ἐκ
1535 2318 1707 2360 παίδων

247 2372 302 2417 65
330 2372 437 2429 παρ’
467 2373 618 2425 αὐτοῖς
659 2377 735 2431 τῆς
772 2373 820 2419 ἐν
859 2379 953 2426 ταῖς
982 2373 1247 2432 σφενδόναις
1280 2375 1524 2432 γυμνασίας
1553 2375 1709 2417 διαπο-

423 2566 504 2602 401.
552 2567 609 2602 23.
634 2567 815 2614 ἐτόλμων]
839 2567 1016 2612 ἐτόλμονν
1038 2569 1121 2604 Bas
1305 2569 1361 2603 24.
1383 2563 1706 2612 προεκαλέσατῬ,

332 2611 623 2658 προςεκαλέσατο
647 2615 751 2657 Bas.‚
776 2617 904 2651 caeteri
927 2614 1197 2661 προεκαλέσατο
1351 2615 1408 2649 29.
1432 2616 1507 2649 τῶν
1531 2625 1601 2648 om.
1624 2614 1706 2648 Bas.

512 2661 569 2694 32.
595 2659 641 2695 ἕθ
643 2664 752 2707 ηκεν]
790 2661 965 2709 ἐνέθηκεν
989 2663 1034 2696 W
1217 2661 1274 2696 38
1306 2662 1376 2697 τοῦ
1400 2673 1470 2696 om.
1493 2662 1525 2696 F

330 2704 387 2738 40
408 2703 446 2740 δ’
471 2701 554 2752 ουν]
578 2702 649 2742 οὖν
673 2720 742 2741 om.
766 2709 864 2753 FW,
895 2708 1062 2744 asterisco
1084 2707 1220 2743 notavit
1243 2709 1439 2753 Stephanus
1549 2704 1609 2741 57.
1632 2707 1707 2740 Βα-

330 2753 531 2800 λιαρίδων]
557 2756 777 2800 Βαλαρίδων
801 2755 835 2791 Τ
854 2735 960 2800 ’Basq
983 2755 1232 2802 βαλλιαρίδων
1259 2755 1291 2789 F
