1820 3249
327 106 437 146 1178
728 105 846 146 LIB.
874 104 1003 147 XV11.
1063 105 1192 149 GAP.
1221 108 1292 150 45.

326 214 546 260 ποστάτου
567 214 810 287 γινομένης,
841 215 940 261 οὐδ’
971 216 1029 268 ὡς
1062 217 1216 273 ἔληγον
1243 220 1318 288 τῆς
1345 217 1506 274 τόλμης
1535 219 1579 261 οἱ
1599 222 1696 260 Μα-

325 271 517 325 κεδόνες,
569 272 680 317 ἀλλὰ
713 273 816 325 τοὺς
856 272 921 317 ἀεὶ
960 276 1196 325 πίπτοντας
1235 273 1572 346 ὑπερβαίνοντες
1612 273 1696 319 οὐκ

324 329 643 375 ἐνουθετοῦντο
672 335 764 381 ταῖς
791 334 880 374 τῶν
909 328 1051 373 άλλων
1081 336 1340 386 συμφοραῖς.
1392 331 1415 374 ὁ
1441 328 1480 374 δ’
1508 329 1696 382 Ἀλέξαν-

327 389 432 439 δρος
461 386 687 442 ἐπιστήσας
715 387 818 438 τούς
846 386 1141 456 πετροβόλους
1159 388 1422 437 καταπέλτας
1445 388 1517 430 καὶ
1543 390 1697 439 λίθους

326 442 541 513 μεγάλους
581 443 726 514 ἀφιεὶς
761 444 934 488 ἐσάλευε
973 443 1026 487 τά
1066 447 1201 499 τείχη,
1250 451 1340 495 τοῖς
1372 443 1416 487 δ’
1450 443 1697 499 ὀξυβελέσιν

325 498 410 543 ἀπὸ
442 504 531 543 τῶν
567 501 749 557 πύργων
785 505 872 544 τῶν
902 502 1084 553 ξυλίνων
1114 500 1337 571 ἐκβάλλων
1367 505 1504 557 βελῶν
1532 517 1696 543 παντο-

324 559 477 599 δαπῶν
506 562 674 628 πλῆθος
705 560 856 609 δεινῶς
885 559 1190 625 κατετίτρωσκε
1219 558 1320 609 τούς
1342 559 1583 613 ἐφεστῶτας
1606 562 1697 606 τοῖς

323 615 515 668 τείχεσιν.
548 612 948 670 ἀντιμηχανώμενοι
979 613 1023 656 δε
1053 613 1162 666 πρὸς
1191 618 1324 657 ταῦτα
1356 617 1399 657 οῖ
1433 614 1587 669 Τύριοι
1610 613 1696 667 πρὸ

242 676 295 714 30
325 686 403 725 μεν
441 674 531 713 τῶν
558 675 710 741 τειχῶν
741 672 1042 740 μαρμαρίνους
1071 670 1255 725 τροχούς
1285 672 1483 723 ιστανον,
1521 671 1593 714 καὶ
1624 669 1696 714 διά

325 743 457 769 τινων
495 727 698 782 ὀργάνων
734 727 919 777 τούτους
960 726 1203 777 δινεύοντες
1241 743 1294 769 τα
1336 727 1556 798 φερόμενα
1596 727 1697 798 βέλη

325 784 611 827 καταπελτικιὲ
641 784 921 838 συνέτριβον,
959 783 1032 826 καὶ
1060 785 1116 833 εἰς
1145 801 1197 826 τα
1226 782 1385 853 πλάγια
1415 787 1521 840 μέρη
1553 783 1697 837 παρά-

325 856 475 895 γοντες
513 839 763 894 ἀπράκτους
799 840 978 883 ἐποίουν
1014 839 1090 890 τάς
1125 843 1213 882 τῶν
1243 838 1488 896 ἀφιεμένων
1524 839 1697 910 πληγάς.

240 899 295 941 35
326 896 435 950 πρὸς
464 896 509 940 δὲ
538 895 711 948 τούτοις
740 896 903 953 βύρσας
932 897 1006 940 καὶ
1033 899 1184 946 διπλᾶς
1213 898 1427 951 διφθέρας
1446 897 1698 952 πεφυκωμέ-

325 969 404 1003 νας
433 952 824 1008 καταρράπτοντες,
855 955 914 1004 είς
940 952 1100 1003 ταύτας
1129 952 1386 1009 ἀπεδέχοντο
1407 955 1482 1005 τὰς
1502 953 1586 997 άπὸ
1609 958 1697 997 τῶν

325 1010 604 1064 πετροβόλων
632 1011 819 1066 πληγάς·
863 1011 935 1054 καὶ
966 1014 1158 1065 μαλακῆς
1185 1014 1259 1065 τῆς
1285 1010 1492 1062 ἐνδόσεως
1520 1009 1696 1066 γινομέ-

325 1082 405 1121 νης
438 1066 629 1118 ἐξελύετο
665 1073 754 1111 τῶν
794 1066 1050 1137 φερομένων
1087 1072 1255 1137 πετρῶν
1295 1066 1321 1124 ἡ
1344 1069 1438 1136 βία.
1498 1067 1697 1110 καθόλου

327 1123 374 1166 δὲ
415 1125 459 1165 οἱ
490 1123 645 1178 Τύριοι
687 1124 829 1168 πάντα
863 1123 1033 1179 τρόπον
1072 1123 1297 1178 εὐρώστως
1327 1122 1596 1180 ἀμυνόμενοι
1624 1125 1698 1167 καὶ

241 1182 296 1227 40
325 1186 693 1236 κατευποροῦντες
730 1187 822 1231 τοῖς
859 1180 1110 1251 βοηθημασι
1147 1179 1481 1250 κατεθάρρησαν
1509 1185 1597 1223 τῶν
1625 1196 1698 1223 πο-

323 1239 504 1292 λεμίων,
551 1239 622 1282 καὶ
661 1238 710 1282 τὸ
739 1245 875 1293 τεῖχος
913 1238 986 1280 καὶ
1016 1237 1090 1287 τὰς
1121 1237 1240 1288 ἐντὸς
1267 1241 1355 1280 τῶν
1383 1236 1563 1292 πύργων
1594 1236 1700 1280 στά-

243 395 270 433 10

274 392 298 433 <n

325 1307 413 1345 σεις
444 1293 726 1345 ἀπολιπόντες
755 1295 823 1339 ἐπ’
854 1294 986 1345 αὐτὰς
1019 1292 1221 1337 ω’θοῦντο
1240 1293 1317 1344 τάς
1344 1293 1596 1364 ἐπιβάθρας,
1627 1294 1700 1337 καὶ

323 1357 418 1402 ταῖς
444 1356 532 1395 τῶν
560 1354 778 1406 πολεμίων
807 1350 1126 1406 ἀνδραγαθίαις
1156 1349 1414 1394 άντέταττον
1433 1351 1508 1402 τὰς
1532 1351 1700 1394 ἑαυτῶν

325 1407 490 1460 άρετάς.
551 1407 618 1453 διὸ
657 1410 730 1452 καὶ
760 1407 1114 1477 συμπλεκόμενοι
1145 1412 1237 1458 τοῖς
1271 1410 1517 1476 πολεμίοις
1523 1408 1594 1450 καὶ
1622 1409 1700 1463 τὴν

240 1465 294 1509 45
324 1464 465 1521 μάχην
493 1465 540 1509 ἐκ
569 1465 710 1521 χειρός
741 1465 1041 1522 συνιστάμενοι
1065 1463 1200 1520 μέγαν
1223 1462 1371 1515 άγῶνα
1393 1466 1470 1507 τὸν
1493 1462 1597 1518 ὑπερ
1623 1469 1699 1519 τῆς

325 1523 533 1576 πατρίδος
570 1524 851 1566 συνιΜσταντο
898 1523 972 1566 καί
1001 1538 1113 1572 τινες
1140 1521 1332 1564 πελέκεσι
1362 1525 1446 1564 τῶν
1477 1519 1697 1564 ἀπαντών-

323 1595 411 1621 των
439 1579 488 1621 τό
518 1581 764 1634 προςπεσὸν
794 1581 925 1636 μέρος
954 1582 1034 1622 τοῦ
1065 1577 1261 1633 σώιιατος
1293 1577 1559 1621 οἷπέκοπτον·
1592 1578 1700 1621 ἐνθα

313 1636 377 1705 δὴ
407 1640 496 1679 τῶν
524 1636 644 1688 παρὰ
675 1641 766 1687 τοῖς
795 1635 1052 1680 Μακεδόσιν
1083 1634 1312 1705 ἡγεμόνων
1341 1642 1416 1686 τίς,
1457 1635 1594 1687 ὄνομα
1623 1651 1702 1690 μεν

239 1699 293 1740 50
313 1689 554 1748 Ἄδμητος,
595 1694 818 1763 διαφέρων
848 1694 893 1737 δὲ
925 1692 1104 1747 ἀνδρεία
1135 1692 1205 1735 καὶ
1237 1691 1436 1745 σώματος
1466 1691 1609 1747 ῥώμη,
1639 1707 1700 1734 τε-

321 1749 558 1805 θαῤῥηκως
596 1748 674 1805 τὴν
712 1753 815 1804 βίαν
852 1754 939 1792 τῶν
982 1750 1154 1802 Τυρίων
1193 1747 1372 1803 ὑπέστη,
1419 1765 1492 1791 και
1526 1748 1701 1802 πληγεις

323 1806 490 1850 πελέκει
530 1804 665 1862 μέσην
700 1807 781 1862 τήν
813 1805 1012 1878 κεφαλὴν
1044 1809 1305 1873 παραχρῆμα
1337 1804 1594 1856 κατέστρεψε
1623 1821 1700 1846 τον

323 1865 422 1920 βίον
450 1863 663 1920 ἡρωικῶς.
723 1863 746 1907 6
779 1863 823 1906 6'
851 1864 1127 1916 Ἀλέξανδρος
1157 1864 1276 1916 ὁρῶν
1305 1866 1357 1932 τῇ
1376 1862 1487 1918 μάχῃ
1506 1865 1592 1903 τῶν
1619 1865 1698 1904 Τυ-

324 1922 432 1973 ρίων
467 1920 834 1975 κατισχυομένους
868 1920 973 1972 τούς
1001 1918 1289 1989 Μακεδόνας,
1327 1917 1614 1962 ἀνεκαλέσατο
1649 1922 1699 1974 τῇ

241 1983 294 2025 55
325 1975 529 2048 σάλπιγγι
565 1978 669 2028 τούς
711 1978 976 2030 στρατιώτας
1014 1976 1175 2027 νυκτός
1212 1974 1296 2032 η’δη
1326 1975 1566 2030 γενομένης
1625 1992 1698 2018 και

325 2032 374 2077 τὸ
411 2051 490 2089 μεν
527 2037 701 2088 πρῶτον
741 2034 881 2088 ἔκρινε
919 2038 1047 2078 λῦσαι
1076 2033 1154 2089 τὴν
1185 2034 1464 2089 πολιορκίαν,
1518 2031 1591 2074 καὶ
1620 2030 1699 2085 τὴν

325 2092 553 2142 στρατείαν
591 2090 659 2134 ἐπὶ
696 2090 776 2146 τήν
804 2093 1030 2145 ,ἰῖγυπτον
1058 2094 1302 2133 ποιεῖσθαι·
1350 2087 1619 2144 μετανοήσας
1652 2087 1697 2131 δὲ

324 2147 478 2198 πάλιν,
508 2148 581 2191 καὶ
609 2149 796 2217 νομίσας
826 2148 1015 2218 αἰσχρόν
1034 2146 1145 2191 εἶναι
1176 2149 1490 2201 παραχωρῆσαι
1519 2146 1698 2214 Τυρίοις
1728 2150 1731 2153 ’

323 2209 400 2262 τῆς
428 2204 540 2249 κατὰ
568 2221 647 2262 την
676 2208 936 2259 πολιορκίαν
968 2204 1105 2261 δόξης,
1137 2205 1209 2247 καὶ
1238 2206 1325 2246 τῶν
1355 2205 1497 2259 φίλων
1526 2201 1601 2244 ε’να
1624 2200 1697 2258 μό·
1714 2208 1773 2242 195

317 2342 374 2375 20.
400 2342 610 2399 γινομένης]
636 2341 833 2399 γενομένης
858 2344 915 2377 ΡΒ
1053 2341 1110 2375 21.
1136 2339 1193 2375 ἐπὶ
1219 2336 1327 2382 τους]
1355 2338 1443 2379 τούς
1466 2338 1549 2371 Rei.
1542 2338 1627 2371 kius

408 2388 464 2422 25.
511 2386 659 2433 ἀφιεὶς]
702 2386 764 2448 ἐφ’
790 2395 844 2430 οἱς
872 2391 898 2423 F
1094 2388 1149 2422 26.
1200 2384 1408 2442 ἐκβάλλων]
1452 2382 1640 2440 ἐμβάλλων
1665 2385 1694 2416 F

500 2434 556 2469 28.
596 2436 694 2491 τοῖς]
721 2435 780 2470 ἐπὶ
804 2439 880 2474 τοῖ’-ς
906 2436 932 2469 [ι
1113 2434 1169 2466 37
1206 2431 1422 2477 γινομένης]
1447 2429 1643 2475 γενομένης
1669 2431 1696 2462 l

497 2481 554 2516 42.
605 2479 803 2525 ὠθοῦντο]
837 2481 1054 2515 scribendum
1081 2477 1272 2513 ἐωθοῦντο
1457 2477 1514 2511 50.
1561 2476 1695 2521 τεθαῤ

316 2523 461 2571 bande]
497 2527 540 2561 τό
566 2527 711 2571 θράσος
734 2529 795 2563 καὶ
821 2528 848 2561 Ι
859 2554 869 2570 ,
899 2527 941 2562 τὸ
968 2526 1111 2568 θράσος
1134 2526 1163 2558 F
1187 2525 1222 2558 in
1246 2525 1407 2570 margine
1431 2528 1604 2557 correctns

406 2572 463 2609 51.
511 2572 625 2619 μέσην
647 2572 715 2619 τήν
741 2575 801 2609 FL
826 2575 919 2616 Bam,
942 2573 1069 2607 caeteri
1093 2569 1207 2616 μέσην
1391 2570 1448 2605 52,
1495 2565 1535 2604 δ’
1559 2570 1589 2603 Γ
1615 2570 1695 2602 Bas.

1062 2629 1127 2657 σας

495 2664 551 2698 57.
601 2665 855 2720 μετανοήσας]
889 2664 1133 2710 μετανοηθεὶς
1156 2664 1186 2697 F
1370 2662 1427 2697 58.
1476 2659 1595 2704 εἷται]
1623 2657 1694 2694 ἐστὶ

313 2708 343 2742 F
480 2710 537 2746 58.
583 2712 678 2747 κατὰ
700 2710 767 2756 τήν
790 2711 1030 2756 πολιορκίαν]
1066 2709 1105 2745 ἐν
1130 2711 1174 2756 τῇ
1197 2708 1394 2755 πολιορκίᾳ
1426 2708 1456 2742 F
1492 2712 1526 2742 et
1561 2707 1603 2740 de
1626 2717 1695 2749 quo

312 2758 355 2790 ad
381 2758 597 2803 πολιορκίαν
623 2758 712 2792 nihil
735 2757 915 2793 varietatis
933 2759 1094 2799 allatum,
1118 2757 1147 2791 Ia
