1820 3249
324 142 434 183 1414
688 139 800 180 mn.
832 126 940 180 xlx.
998 123 1125 179 c'A'P.
1153 125 1220 181 73.
1255 134 1322 181 ⁴74.

324 261 400 302 τας
428 249 526 305 περὶ
553 250 602 294 τὸ
632 247 906 304 καλούμενον
929 248 1069 302 Ἱερόν
1097 247 1597 322 κατεστρατοπέδευσεν.
1619 244 1691 303 ἐφ’

311 305 398 358 οἷς
429 307 453 350 6
485 309 749 379 Λυσίμαχος
753 307 1087 362 διαταραχθείς,
1135 307 1208 349 ἐπὶ
1235 306 1322 377 μεν
1341 309 1415 360 τῆς
1443 305 1695 358 πολιορκίας

243 368 297 410 50
326 363 509 407 ἀπέλιπε
530 364 635 413 τούς
665 363 844 414 ἱκανούς
874 363 1158 436 στρατιώτας,
1196 362 1248 406 τὸ
1283 362 1329 406 δὲ
1359 361 1591 414 κράτιστον
1603 365 1695 429 τῆς

328 420 550 476 δυνάμεως
577 419 810 476 άναλαβων
849 419 979 471 αὐτὸς
1007 418 1228 491 ἠπείγετο,
1273 421 1472 462 σπεύδων
1502 416 1696 469 συνάψαι

325 482 418 528 τοῖς
446 478 680 532 πολεμίοις.
719 476 1069 545 παραγενόμενος
1100 476 1146 519 δε
1176 476 1244 520 ἐπὶ
1273 475 1353 531 τήν
1381 474 1492 518 κατὰ
1521 474 1599 520 τὸν
1621 472 1697 516 Αἷ-

326 550 412 589 μον
452 533 699 603 υπερβολὴν
737 535 835 586 εὑρε
865 532 1057 605 Σεύθην
1104 532 1183 576 τὸν
1225 531 1404 602 βασιλέα
1451 535 1540 574 τῶν
1585 533 1696 587 Θρᾳ-

246 599 298 640 55
327 594 417 633 κῶν
437 587 714 660 ἀφεστηκότα
731 591 843 644 πρὸς
865 588 1120 660 Ἀντίγονον
1139 590 1213 633 καὶ
1242 588 1346 645 μετὰ
1368 592 1542 632 πολλῶν
1573 598 1697 640 στρα-

325 651 493 690 τιωτών
508 646 807 720 φυλάττοντα
844 646 919 697 τὰς
962 645 1198 701 παρόδους.
1258 645 1457 696 συνάψας
1497 643 1540 689 δ’
1580 643 1699 698 αὐτῷ

326 703 466 773 μάχην
503 703 582 760 ἐφ’
628 703 782 747 ἱκανὸν
820 701 981 759 χρόνον
1018 706 1108 745 τῶν
1144 718 1189 745 τε
1219 703 1342 745 ἰδίων
1371 702 1587 770 ἀπέβαλεν
1617 700 1699 744 οὐκ

326 760 516 814 ὀλίγους,
545 761 618 804 καὶ
647 765 735 804 τῶν
763 762 977 813 πολεμίων
1008 757 1193 809 ἄνελων
1202 762 1477 830 παμπληθεῖς
1494 756 1698 813 ἐβιάσατο

326 817 429 868 τούς
459 817 723 888 βαρβάρους.
763 817 996 886 ἐπιφανεις
1015 815 1061 859 δὲ
1090 815 1163 858 καὶ
1191 820 1289 865 τοῖς
1306 816 1406 868 περὶ
1427 814 1504 858 τόν
1525 818 1700 856 Παυσα-

245 883 299 922 60
328 875 444 926 νίαν,
472 874 544 916 καὶ
573 872 848 928 καταλαβων
864 871 1026 923 αὐτοὺς
1056 873 1116 923 εἷς
1145 873 1383 929 δυ’ςχωρίας
1404 869 1700 942 συμπεφευγό-

328 947 414 981 τας,
436 928 597 980 ταύτας
625 929 667 973 τ’
689 928 1012 1000 ἐξεπολιόρκησε
1041 929 1115 973 καὶ
1141 930 1402 972 Παυσανίαν
1421 927 1589 970 ἀνελων
1613 930 1702 969 τῶν

329 990 602 1040 στρατιωτῶν
628 986 706 1040 οὓς
734 986 825 1056 μὲν
842 985 1092 1057 ελύτρωσεν,
1125 984 1201 1036 οὓς
1232 985 1277 1028 δὲ
1308 987 1367 1036 είς
1395 984 1472 1035 τὰς
1491 986 1602 1034 ἰδίας
1623 982 1701 1025 τά-

275 1045 413 1118 {gas
439 1043 638 1115 διένειμε.
697 1043 751 1086 τὰ
781 1042 860 1099 μὲν
878 1038 961 1086 ουν
979 1043 1078 1111 περὶ
1100 1044 1351 1112 Λυσίμαχον
1377 1042 1422 1085 εν
1445 1040 1617 1091 τούτοις
1635 1036 1703 1095 ἦν

439 1097 490 1143 Ο
519 1098 566 1143 δ’
591 1099 836 1170 Ἀντίγονος
866 1098 1100 1169 οέποτυχων
1129 1097 1287 1155 ταύτης
1305 1115 1382 1153 της
1403 1098 1604 1168 ἐπιβολῆς
1625 1096 1705 1148 ἐξέ-

245 1135 299 1176 ⁰5
330 1162 470 1209 πεμψε
505 1155 783 1213 Τελεσφόρον
812 1158 872 1207 εἰς
902 1155 1262 1209 Πελοπόννησον,
1315 1154 1420 1206 δοὺς
1451 1153 1582 1227 αὐτῷ
1599 1169 1704 1196 πεν-

327 1213 520 1269 τήκοντα
548 1218 663 1264 ναῦς
691 1214 762 1258 καὶ
794 1212 1058 1267 στρατιώτας
1085 1212 1190 1261 τοὺς
1212 1210 1405 1264 ἱκανούς,
1436 1211 1508 1254 καὶ
1531 1208 1608 1260 τοὶς
1628 1207 1706 1252 πό-

323 1273 416 1321 λεις
454 1271 716 1324 ἐλευθεροῦν
757 1271 1006 1314 ενετεῖίλατο.
1064 1271 1220 1312 τοῦτο·
1234 1267 1317 1324 γὰρ
1357 1266 1522 1322 πράξας
1558 1265 1706 1336 ἤλπιζε

330 1329 476 1370 πίστιν
506 1327 838 1380 κατασκευάζειν
858 1343 984 1380 παρα
1012 1330 1105 1377 τοῖς
1131 1316 1338 1396 ’Ἑλλησιν
1367 1324 1434 1367 ὅτι
1461 1323 1570 1378 πρὸς
1599 1321 1706 1377 ἀλή-

243 1385 300 1428 70
328 1389 457 1428 θείαν
494 1385 715 1438 φροντίζει
743 1388 818 1454 τῆς
849 1381 1112 1438 αὐτονομίας
1141 1380 1311 1433 αὐτῶν,
1344 1381 1419 1424 καὶ
1429 1380 1538 1451 ἅμα
1567 1378 1706 1435 γινώ-

328 1452 448 1484 σκειν
484 1440 671 1511 ὑπέλαβε
708 1439 762 1483 τὰ
781 1417 1088 1492 Κασσάνδρου
1116 1438 1366 1510 πράγμῖζατα
1419 1436 1441 1480 6
1482 1437 1528 1480 δὲ
1563 1440 1709 1479 Τελεσ-

329 1496 472 1568 φόρος
510 1496 657 1552 επειδη
680 1497 870 1569 τάχιστα
907 1495 1194 1540 κατέπλευσεν
1234 1497 1293 1546 εἰς
1321 1495 1400 1561 τὴν
1431 1492 1709 1563 Πελοπόννη-

329 1556 423 1606 σὀν,
453 1554 629 1625 επηλθε
642 1553 718 1604 τὰς
741 1552 828 1596 ὑπ’
859 1546 1144 1605 Αλεξάνδρου
1173 1550 1516 1607 φρουρουμένας
1546 1548 1708 1600 πόλεις,

328 1610 403 1654 καὶ
433 1610 574 1661 πάσας
582 1608 878 1681 ἠλευθέρωσε
898 1609 1010 1665 πλὴν
1033 1612 1265 1661 Σικυῶνος
1289 1608 1361 1650 καὶ
1382 1609 1631 1660 Κορίνθου
1664 1622 1710 1648 εν

247 1670 302 1712 75
331 1666 507 1719 ταύταις
537 1684 621 1736 γαρ
643 1667 981 1737 Πολυσπέρχων
1005 1664 1190 1737 διέτριβε
1203 1665 1422 1734 ’δύναμεις
1444 1662 1580 1717 ἁδρας
1603 1662 1710 1718 ε’χων

331 1725 404 1767 καὶ
429 1722 645 1767 πιστεύων
673 1723 851 1775 ταύταις
880 1740 945 1766 τε
954 1722 1027 1766 καὶ
1048 1727 1141 1771 ταῖς
1161 1724 1249 1765 τῶν
1271 1720 1418 1764 τόπων
1437 1718 1709 1789 ὀχυρότησιν.

334 1780 421 1835 ἅμα
452 1780 498 1824 δὲ
526 1780 700 1831 τούτοις
727 1780 1042 1852 πραττομένοις
1066 1780 1280 1848 Φίλιππος
1302 1776 1390 1821 ὑπὸ
1414 1775 1710 1831 Κασσάνδρου

332 1838 547 1891 πεμφθεὶς
578 1837 835 1911 στρατηγὸς
844 1838 919 1888 εἰς
932 1835 1012 1879 τὸν
1032 1834 1144 1890 πρὸς
1175 1833 1398 1904 Αἰτωλοῦς
1427 1832 1618 1888 πόλεμον
1653 1849 1711 1883 ως

250 1899 304 1939 80
333 1892 507 1964 ταχισθ’
547 1888 653 1949 ἧκεν
691 1896 750 1944 εἰς
789 1893 868 1949 τὴν
901 1891 1191 1947 Ἀκαρνανίαν
1229 1891 1334 1961 μετᾶ
1367 1907 1444 1946 της
1474 1889 1712 1960 δυνάμεως,

332 1950 385 1996 τὰ
412 1966 491 2005 μεν
518 1965 696 2003 πρωτον
722 1951 929 2019 ἐπεχείρει
956 1952 1194 2018 λεηλατεῖν
1214 1948 1292 2002 τὴν
1314 1948 1558 1997 Αἰτωλίαν,
1612 1944 1711 2014 μετ’

336 2005 484 2061 ὀλίγον
526 2006 573 2049 δὲ
611 2005 863 2060 πυθόμενος
896 2007 1115 2059 Αἰακίδην
1150 2003 1227 2047 τὸν
1251 2003 1517 2074 Ἠπειρωτην
1546 2004 1604 2053 εἰς
1634 2002 1737 2057 τὴν
1763 2014 1766 2019 ’

336 2064 557 2132 βασιλείαν
588 2061 877 2133 διεληλυθότα
906 2062 979 2104 καὶ
1009 2060 1199 2115 δύναμιν
1217 2059 1356 2113 ἁδρὰν
1374 2058 1714 2114 συνηθροικότα,

335 2120 501 2175 ταχέως
522 2118 721 2175 ω’ρμησεν
750 2118 819 2162 ἐπ’
855 2115 1017 2160 αὐτόν·
1052 2117 1230 2160 ε’σπευδε
1259 2116 1342 2172 γὰρ
1368 2133 1448 2159 κατ
1459 2116 1602 2158 ’ίδιαν
1625 2118 1714 2158 δια-

253 2179 308 2223 85
335 2178 624 2247 γωνίσασθαι
630 2177 744 2247 πρὶν
770 2174 800 2230 ἢ
830 2175 1047 2245 συμμῖξαι
1062 2189 1142 2228 την
1170 2188 1260 2216 των
1282 2175 1488 2240 Αἰτωλῶν
1515 2172 1714 2226 δύναμιν.

338 2232 483 2289 εὑρών
512 2233 558 2278 δὲ
587 2230 691 2284 τούς
722 2229 991 2287 Ἠπειρώτας
1028 2229 1226 2287 ἑτοίμους
1255 2231 1314 2282 εἰς
1337 2229 1498 2287 μάχην,
1543 2229 1585 2282 ἐξ
1614 2228 1717 2285 ἐφό-

430 2369 511 2403 3ἷ6.
547 2368 604 2404 49.
653 2365 828 2412 ἀπέλιπε]
850 2366 1018 2402 κατέλιπε
1041 2367 1098 2399 Fv
1103 2366 1147 2399 W
1303 2364 1360 2399 52.
1407 2364 1713 2409 παραγενόμενος]

337 2413 637 2471 παραγινόμενος
657 2415 704 2449 W
889 2413 947 2448 55.
995 2412 1250 2465 φυλάττοντα]
1277 2412 1541 2454 φυλασσόντων
1565 2412 1608 2452 F,
1633 2418 1713 2444 cae*

339 2461 406 2496 teri
440 2461 675 2505 φυλάσσοντα
859 2459 916 2495 57.
965 2457 1106 2494 ἀνελών
1129 2478 1173 2482 -
1200 2456 1394 2505 εβιάσατο]
1422 2455 1540 2493 ἀνεῖλε
1564 2477 1609 2483 --
1631 2458 1715 2504 βια-

340 2506 499 2550 σάμενος
523 2507 644 2550 va.
669 2510 704 2542 et
723 2505 782 2551 qui
802 2505 1026 2563 βιασάμενος
1050 2508 1126 2548 post
1149 2505 1375 2562 βαρβάρους
1386 2505 1482 2548 ponit
1503 2504 1533 2536 F

340 2553 398 2588 59.
445 2553 506 2589 καὶ
531 2565 599 2588 om.
623 2554 653 2586 F
836 2551 893 2586 68.
941 2551 1088 2595 πίστιν]
1114 2550 1245 2586 πιστὸν
1265 2549 1402 2586 εαυτόν
1425 2550 1534 2594 QVW

343 2597 645 2644 κατασκευάζειν]
673 2597 958 2634 κατασκευάσειν
993 2598 1048 2641 F,
1084 2597 1106 2638 ζ
1125 2608 1226 2641 super
1258 2608 1278 2632 σ
1301 2596 1413 2653 pqsito
1658 2593 1716 2627 72.

343 2645 412 2701 ρῇν
437 2657 505 2679 om.
529 2647 612 2680 Bas
795 2645 854 2679 73.
902 2643 1024 2684 πάσας
1046 2640 1294 2692 ἠλευθέρωσε]
1324 2639 1551 2698 ἠλευθέρωσε
1573 2639 1639 2679 τὰς
1655 2636 1717 2674 ἅλ-

348 2692 419 2731 λ’ρις
435 2692 544 2727 FW
674 2690 731 2725 74.
764 2687 895 2736 πλὴν]
922 2687 1016 2725 ἄνευ
1041 2689 1118 2727 Fw
1277 2688 1359 2724 75.
1384 2686 1559 2744 δυνάμεις
1586 2684 1714 2729 ἁδρὰς]

349 2738 470 2782 δῧναμ
474 2736 510 2773 ιν
545 2735 615 2781 ἆδρ
621 2749 667 2771 αν
699 2728 778 2770 FW
906 2736 970 2770 82.
1002 2728 1287 2780 διεληλυθότα]
1319 2732 1593 2780 κατεληλυθότα
1616 2732 1719 2768 Reis-

349 2785 429 2818 kius
596 2752 667 2819 986.
716 2781 889 2827 ἑτοιμους
918 2782 1037 2817 omisit
1069 2783 1099 2816 F
