1820 3249
459 152 1112 219 L1B.xv1.cA1’.11.i2
1355 177 1469 219 1053

100 291 289 348 ἀνδρων.
345 286 372 334 6
400 288 448 334 65
474 287 714 340 Διονύσιος
740 286 914 340 τούτοις
940 287 1021 359 μὲν
1049 286 1252 344 φυλακὴν
1271 281 1470 345 περιστή-
1496 291 1552 332 80

100 361 179 400 σας
183 307 456 416 ράνεβάλετο
463 346 544 402 τὴν
571 346 774 398 ε’ντευξιν,
804 343 940 396 αὐτὸς
971 341 1016 388 δ’
1049 345 1168 400 ὁρῶν
1197 347 1301 396 τοὺς
1323 350 1470 400 Συρα-

98 406 276 455 κοσίους
305 402 378 446 διά
405 401 487 459 τήν
500 376 668 446 ἐλπίδα
696 405 773 458 τῆς
795 401 975 473 εἰρήνης
1003 401 1056 444 τά
1084 417 1130 445 τε
1158 402 1258 456 περὶ
1285 402 1361 452 τάς
1388 418 1470 457 φυ-

99 460 233 511 λακάς
273 457 484 528 ῥᾳθύμως
521 459 696 529 ἔχοντας
735 459 809 502 καὶ
855 457 909 502 τά
952 456 1073 527 πρὸς
1112 458 1254 514 μάχην
1297 456 1470 511 ἀπαρα-

98 516 306 568 σκεύους,
353 514 482 570 άφνω
511 517 586 567 τὰς
616 515 756 566 πύλας
783 518 859 571 τῆς
887 515 999 559 κατὰ
1027 513 1107 571 τὴν
1137 519 1294 570 Νῆσον
1330 513 1469 568 άκρο-
1500 524 1556 566 85

96 575 258 624 πόλεως
287 571 463 624 ἀνοίξας
487 571 669 629 ἐξεχύθη
699 571 1019 642 συντεταγμένῃ
1049 575 1103 629 τῇ
1133 572 1331 626 δυνάμει
1382 575 1471 614 τῶν
1503 584 1557 623 12

96 629 143 674 65
171 632 465 685 Συρακοσίων
502 627 884 673 κατεσκευακότων
926 627 1011 672 ἀπὸ
1053 627 1272 697 θαλάττης
1306 628 1365 678 εἷς
1392 628 1472 670 θά-

95 691 256 730 λατταν
277 687 618 755 διατειχίσματα,
647 702 776 739 προςε
768 687 915 729 πεσον
944 687 989 728 οί
1017 685 1292 740 μισθοφόροι
1314 688 1374 742 τῷ
1394 686 1473 727 τεί-

94 759 156 800 χει
184 741 288 800 μετά
315 747 479 813 πολλῆς
507 745 615 798 βοῆς
639 744 713 787 καὶ
733 741 1056 798 καταπλήξεως·
1086 742 1161 786 καὶ
1182 729 1373 792 πολλοὺς
1391 741 1472 796 μὲν
1500 754 1555 794 90

93 804 184 844 τῶν
222 799 434 870 φυλάκων
471 798 667 851 ἀνεῖλον,
712 803 792 843 τοῦ
821 799 867 843 65
896 800 1062 854 τείχους
1091 798 1214 849 ἐντὸς
1242 797 1472 868 γενόμενοι

94 855 205 929 πρὸς
233 855 338 907 τούς
365 855 693 926 ἐκβοηθοῦντας
722 857 1043 926 διηγωνίζοντο.
1092 854 1116 898 ὁ
1148 855 1194 899 65
1211 857 1334 898 Δίων
1352 853 1473 898 άνελ-

94 915 256 964 πίστως
287 912 712 969 παρεσπονδημένος,
741 913 846 984 μετά
877 929 965 956 των
989 911 1178 967 ἀρίστων
1197 914 1474 966 στρατιωτῶν

95 969 264 1038 άπηντα
292 975 384 1021 τοῖς
412 973 653 1024 πολεμίοις·
684 971 758 1013 καὶ
788 968 988 1021 συνάψας
1017 968 1159 1026 μάχην
1174 967 1316 1012 πολυν
1334 969 1470 1012 ἐποίει

95 1026 264 1097 φόνον
311 1026 358 1070 ἐν
398 1028 558 1095 σταδίῳ
602 1025 735 1083 ὀλίγῳ
768 1027 813 1070 65
845 1024 1103 1082 διαστήματι
1131 1029 1206 1082 τῆς
1236 1027 1470 1082 διατειχίου
1498 1027 1554 1071 95

95 1084 178 1127 ἔσω
207 1081 342 1138 μάχης
372 1081 506 1138 οὔσης
532 1071 784 1155 συνέδραμε
806 1087 975 1152 πλῆθος
1001 1087 1280 1152 στρατιωτῶν
1301 1084 1361 1134 εἰς
1380 1096 1469 1126 στε-

94 1139 175 1183 νὸν
203 1139 351 1183 τόπον.
419 1140 487 1183 διὸ
518 1140 591 1183 καὶ
621 1138 729 1194 παρ’
759 1138 1021 1195 ἀμφοτέροις
1051 1141 1095 1182 οἱ
1121 1144 1214 1190 ταῖς
1243 1138 1469 1211 ἀνδραγα-

93 1198 212 1247 θίαις
240 1194 531 1249 πρωτεύοντες
561 1195 895 1265 συγκατέβησαν
921 1197 981 1247 εἰς
1008 1195 1087 1239 τὸν
1115 1197 1351 1240 κίνδυνον’
1395 1196 1469 1240 καὶ

91 1258 180 1297 τῶν
208 1252 287 1309 μὲν
314 1256 396 1297 τοῦ
423 1255 668 1296 Διονυσίου
697 1250 992 1309 μισθοφόρων
1015 1252 1088 1296 διά
1104 1269 1151 1296 το
1173 1253 1358 1324 μέγεθος
1379 1268 1469 1296 των
1502 1258 1582 1299 100

91 1309 383 1365 ἐπαγγελιων,
432 1313 522 1353 τῶν
570 1309 616 1353 65
660 1312 956 1363 Συρακοσίων
992 1309 1065 1354 διὰ
1101 1326 1182 1380 την
1211 1310 1362 1353 ἐλπίδα
1392 1314 1470 1366 τῆς

93 1367 341 1437 ἐλευθερίας
383 1367 443 1418 εἰς
471 1365 854 1437 ὑπερβάλλουσαν
868 1367 1123 1435 φιλοτιμίαν
1155 1366 1468 1421 ἐκτραπέντων,

92 1422 141 1467 τὸ
171 1423 249 1478 μὲν
278 1439 455 1476 πρωτον
478 1423 720 1492 ἰσόρροπος
750 1425 802 1479 ἠν
829 1421 857 1479 ἡ
886 1422 998 1480 μάχη
1016 1456 1026 1475 ,
1071 1427 1148 1479 τῆς
1175 1422 1283 1479 παρ’
1317 1423 1470 1479 ἀμφο-

91 1479 233 1533 τέροις
262 1477 424 1548 ἀρετῆς
444 1477 576 1535 οὔσης
606 1479 842 1545 ἰσομάχου,
880 1482 953 1523 καὶ
983 1482 1137 1523 πολλοὶ
1166 1481 1246 1536 μὲν
1274 1481 1466 1533 ἔπιπτον,

95 1535 177 1580 οὐκ
216 1535 356 1590 ὀλίγοι
385 1535 431 1578 65
459 1538 849 1591 κατετιτρωσκοντο
879 1535 1021 1588 πάσας
1049 1537 1124 1587 τὰς
1153 1538 1317 1607 πληγὰς
1347 1538 1468 1581 ἐναν-
1500 1538 1526 1581 5

93 1595 187 1643 τίας
224 1591 625 1661 λαμβάνοντες·οἱ
665 1594 744 1648 μὲν
781 1592 866 1648 γάρ
903 1592 1207 1646 πρωτοστάται
1243 1593 1323 1637 τὸν
1354 1593 1467 1649 νπὲρ

76 1665 182 1719 Ιτων
212 1648 354 1692 ἄλλων
386 1647 584 1692 θάνατον
617 1648 832 1704 ὑπέμενον
862 1648 1085 1705 εὐψύχως,
1131 1652 1174 1693 οἱ
1205 1649 1248 1693 δ’
1283 1651 1470 1694 ἐπιτετα-

91 1705 244 1762 γμένοι
271 1722 375 1755 τους
405 1707 641 1757 πίπτοντας
671 1705 1030 1760 ὑπερασπίζοντες
1071 1706 1144 1750 καὶ
1183 1712 1275 1758 τοῖς
1312 1709 1493 1758 δεινοῖς

91 1763 453 1817 ἐγκαρτεροῦντες
481 1779 587 1813 τους
609 1762 814 1818 ἐσχάτους
841 1762 1080 1814 κινδύνους
1100 1762 1212 1817 ὑπὲρ
1243 1767 1318 1819 τῆς
1346 1766 1470 1833 νίκης
1505 1774 1554 1814 10

92 1818 356 1874 ἀνεδέχοντο
393 1817 498 1889 μετά
521 1818 566 1862 δὲ
581 1824 718 1869 ταῦτα
740 1822 862 1862 Δίων
879 1819 957 1874 μὲν
989 1818 1239 1874 ἀριστεῦσαι
1263 1820 1470 1890 βουλόμε-

91 1893 169 1928 νος
190 1875 236 1919 ἐν
263 1878 316 1932 τῇ
345 1875 460 1932 μάχῃ
489 1875 560 1918 καὶ
593 1875 795 1919 σπεύδων
826 1875 883 1919 δι’
917 1875 1079 1919 ἑαυτοῦ
1099 1876 1470 1933 περιποιήσασθαι

92 1932 172 1986 τὴν
176 1933 342 2003 νίκην,
357 1933 416 1983 εἰς
439 1931 598 1988 μέσους
618 1932 820 1988 ἐβιάσατο
844 1932 947 1983 τούς
976 1936 1233 2004 πολεμίους·
1266 1934 1470 1989 ἡρωικως

93 1988 139 2033 δ’
161 1987 474 2044 ἀγωνιζόμενος
492 1989 682 2040 πολλοὺς
702 1990 778 2044 μὲν
796 1989 1029 2058 ἐφόνευσε,
1059 1989 1138 2044 τήν
1158 1988 1202 2033 δ’
1223 1989 1328 2061 ὅλην
1359 1991 1468 2035 σύν-

91 2047 213 2097 ταξιν
242 2048 328 2089 τῶν
357 2046 651 2117 μισθοφόρων
681 2045 896 2098 διακόψας
927 2046 1208 2103 ἐναπελήφθη
1238 2048 1375 2102 μόνος
1407 2052 1468 2107 τῷ
1500 2052 1552 2095 15

89 2102 267 2172 πλήθει·
315 2105 492 2145 πολλῶν
531 2101 575 2146 6'
615 2101 689 2146 ἐπ’
731 2101 868 2147 αὐτόν
909 2104 1126 2159 ῥιφέντων
1164 2107 1306 2159 βελῶν
1336 2107 1395 2156 είς
1423 2121 1469 2149 τε

27 2167 73 2203 92
93 2158 171 2214 τὴν
201 2157 361 2202 ἀσπίδα
390 2159 464 2202 καὶ
493 2158 542 2202 τὸ
573 2159 764 2214 κράνος,
805 2163 940 2203 ταῦτα
970 2160 1050 2230 μὲν
1078 2159 1256 2216 ἐξέφυγε
1286 2161 1358 2205 διά
1387 2178 1469 2218 την

89 2231 178 2259 των
218 2214 365 2260 ὅπλων
403 2215 697 2272 κατασκευήν·
758 2218 817 2268 εἰς
868 2217 914 2260 65
951 2216 1030 2260 τόν
1074 2217 1213 2269 δεξιὸν
1252 2220 1468 2275 βραχίονα

89 2272 273 2330 τρωθεὶς
311 2273 640 2331 συγκατηνέχθη
679 2276 739 2331 τῷ
780 2271 906 2331 βάρει
935 2277 1011 2332 τῆς
1038 2277 1232 2367 πληγης,
1272 2276 1344 2319 καὶ
1374 2281 1468 2328 τοῖς

89 2431 148 2468 81.
194 2428 405 2487 ἀνεβάλετο]
431 2431 654 2493 ἀνεβάλλετο
670 2434 753 2469 Bas.
937 2432 995 2469 95
1044 2432 1084 2469 ἐν
1108 2435 1258 2480 σταδίω.
1293 2432 1405 2480 ὀλίγῳ
1426 2435 1468 2472 65

91 2476 307 2535 διαστήματι
329 2481 394 2524 τῆς
417 2481 618 2525 διατειχίου
643 2480 710 2516 ἔσω
737 2477 857 2525 μάχης
882 2476 1019 2535 ουσης]
1046 2482 1181 2528 σταδίῳ
1206 2470 1240 2515 e‘t
1265 2482 1465 2528 διατειχίου

90 2521 161 2558 ἔσω
185 2525 274 2560 delet
296 2526 478 2561 Reiskius:
520 2527 559 2563 ἐν
591 2529 769 2573 σταδιαίῳ
801 2526 870 2571 γάρ
905 2524 1009 2572 ὀλίγῳ
1043 2540 1081 2563 τε
1114 2529 1147 2562 δ.
1172 2541 1238 2562 του
1265 2529 1465 2585 διατειχίου

91 2567 160 2604 ἔσω
183 2582 220 2613 μ.
246 2583 278 2606 ο.
302 2571 532 2608 Schneiderus
555 2574 636 2608 Lex.
663 2575 726 2608 Gr.
752 2584 786 2607 v,
813 2574 1014 2617 διατειχίον
1197 2574 1255 2608 98.
1301 2573 1365 2611 τὸν
1389 2579 1464 2611 κίν-

90 2616 233 2672 δυνον]
275 2618 449 2654 κίνδυνον
478 2621 560 2655 Bas.
754 2619 834 2653 100.
884 2619 1135 2660 Συρακοσίων
1158 2620 1241 2656 Bas.
1427 2623 1462 2657 2.

87 2661 131 2697 τό
156 2660 222 2718 μὲν
243 2664 391 2706 πρῶτον
417 2665 615 2712 ἰσόρροπος
635 2659 698 2710 ἦν]
723 2664 924 2710 ἰσόρῤοπος
944 2663 992 2710 ἧν
1010 2666 1052 2701 τό
1069 2664 1136 2709 μὲν
1153 2668 1300 2710 πρῶτον
1318 2668 1367 2710 L,
1392 2679 1463 2705 om.

89 2704 135 2743 τό
157 2706 225 2753 μὲν
247 2709 397 2751 πρῶτον
428 2711 459 2745 F
640 2713 698 2746 15.
744 2711 1011 2759 ἐναπελήφθη]
1053 2711 1304 2760 ἐναπελείφθη
1327 2715 1356 2748 L
1379 2715 1462 2750 Bas.

272 2755 327 2789 16.
375 2754 509 2802 αὐτὸν]
534 2755 636 2804 αύτῷ
657 2759 689 2792 F

178 2821 326 2861 92.19.
372 2825 663 2874 συγκατηνέχθη]
684 2825 892 2875 κατηνέχθη
916 2828 966 2872 L,
989 2826 1220 2875 κατηνέγχθη
1243 2828 1275 2864 Ε
