1820 3249
265 142 378 183 1186
620 136 736 178 LIB.
767 135 897 178 XVII.
957 136 1089 179 cAP.
1118 138 1186 181 52.
1216 140 1284 180 53.

268 249 417 307 μένην.
474 248 546 292 καὶ
575 247 671 318 γάρ
698 250 846 293 κάλλει
874 248 949 293 καὶ
979 247 1150 305 μεγέθει
1178 249 1253 293 καὶ
1278 246 1510 302 προςόδων
1541 243 1646 302 πλή-

268 313 339 350 θει
366 305 438 350 καὶ
466 309 555 348 τῶν
584 320 698 357 προς
727 305 901 362 τρυφὴν
930 304 1183 362 ἀνηκόντων
1202 306 1316 349 πολὺ
1339 303 1536 374 διαφέρει
1556 306 1647 344 τῶν

271 363 427 407 άλλων.
484 362 533 405 τὸ
566 362 611 404 δε
641 367 730 405 τῶν
757 363 1083 406 κατοικούντων
1114 362 1355 431 οἰκητόρων
1386 359 1523 415 αὐτὴν
1545 362 1648 414 πλῆ-

189 428 243 467 30
272 426 354 471 θος
374 417 664 491 ὑπερβάλλει
673 419 776 470 τοὺς
805 419 850 463 ἐν
879 425 973 470 ταῖς
1003 419 1151 471 ἄλλαις
1187 419 1365 463 πόλεσιν
1397 417 1645 471 οἰκήτορας·

272 476 384 522 καθ’
425 475 479 519 ὃν
519 476 602 530 γάρ
639 474 760 546 ἡμεῖς
798 478 1103 530 παρεβάλομεν
1140 475 1304 531 χρόνον
1336 477 1395 525 εἰς
1424 475 1649 541 Αἴγυπτον

273 535 443 585 ε’φασαν
483 535 525 575 οἱ
565 533 640 582 τὰς
683 550 942 587 αναγραφας
989 533 1153 587 ἔχοντες
1193 538 1282 576 τῶν
1323 527 1648 576 κατοικούντων

275 608 387 635 ειναι
418 589 520 640 τοὺς
554 588 601 632 ἐν
631 588 739 645 αὐτῆ
764 592 1065 642 διατρίβοντας
1085 591 1341 644 ἐλευθέρους
1361 589 1536 637 πλείους
1560 589 1649 628 τῶν

189 653 243 695 35
273 645 507 702 τριάκοντα
537 646 779 715 μυριάδων,
811 647 857 689 ἐκ
889 646 934 688 δὲ
960 650 1049 688 τῶν
1078 647 1306 699 προςόδων
1336 650 1422 688 τῶν
1452 642 1549 687 κατ’
1573 643 1649 685 Αἴ-

273 720 442 773 γυπτον
480 701 717 773 λαμβάνειν
753 703 830 745 τόν
868 702 1048 757 βασιλέα
1083 705 1214 746 πλείω
1246 720 1333 745 των
1365 701 1651 768 ἕξακιςχιλίων

272 760 510 804 ταλάντων.
581 758 605 802 6
652 758 695 802 6⁷
738 760 821 801 οὐν
861 760 1063 814 βασιλεὺς
1100 758 1375 829 Ἀλέξανδρος
1422 756 1652 811 ἐπιστήσας

272 818 391 868 τινάς
425 820 513 859 τῶν
543 818 683 870 φίλων
711 815 780 858 ἐπὶ
810 815 891 884 τὴν
920 828 1194 885 κατασκευην
1236 821 1312 870 τῆς
1341 814 1652 866 Ἀλεξανδρείας

273 876 345 919 καὶ
375 872 598 928 διοικήσας
627 871 799 914 α’παντα
827 871 880 914 τὰ
909 889 1018 915 κατα
1049 872 1128 927 τήν
1162 874 1403 928 Αἴγυπτον,
1432 871 1652 925 ἐπανῆλθε

191 930 245 974 40
276 929 380 988 μετὰ
409 933 485 984 τῆς
512 928 739 983 δυνάμεως
767 930 826 979 εἰς
855 928 936 984 την
964 931 1150 983 Συρίαν.

191 991 246 1029 53
389 990 577 1040 Δαρεῖος
605 987 650 1029 δὲ
680 984 932 1040 πυθόμενος
963 985 1099 1029 αὐτοῦ
1131 983 1211 1041 τὴν
1239 984 1510 1038 παρουσίαν,
1551 994 1653 1025 συν-

275 1045 475 1112 ηθροίκει
515 1043 593 1098 μὲν
632 1059 708 1092 τας
751 1042 1028 1098 πανταχόθεν
1068 1043 1272 1098 δυνάμεις
1311 1042 1383 1085 καὶ
1419 1040 1561 1083 πάντα
1599 1037 1653 1080 τά

274 1100 385 1153 πρὸς
414 1098 495 1155 τήν
529 1098 771 1152 παράταξιν
799 1099 985 1156 χρήσιμα
1014 1099 1339 1143 κατεσκεύαστο.
1397 1098 1449 1140 τά
1471 1112 1561 1166 μεν
1568 1095 1652 1150 γάρ

192 1158 245 1200 45
277 1160 378 1228 ξίφη
431 1157 504 1199 καὶ
542 1156 592 1198 τά
635 1154 767 1207 ξυστά
806 1157 919 1200 πολὺ
960 1159 1087 1224 μείζω
1136 1161 1225 1199 τῶν
1272 1152 1655 1225 προγεγενημένων

272 1213 445 1268 ἐποίησε
487 1213 557 1255 διὰ
597 1212 646 1255 τὸ
692 1215 838 1255 δοκεῖν
873 1212 944 1257 διὰ
986 1213 1155 1256 τούτων
1191 1211 1332 1256 πολλα
1361 1211 1440 1254 τόν
1465 1210 1654 1261 Ἀλέξαν-

274 1273 384 1323 δρον
414 1270 461 1312 ἐν
489 1287 541 1325 τη
571 1269 669 1321 περὶ
698 1272 902 1312 Κιλικίαν
933 1269 1046 1326 μάχη
1072 1269 1505 1323 πεπλεονεκτηκέναι·
1536 1280 1654 1308 κατε-

275 1325 459 1370 σκεύασε
491 1326 536 1369 ὁὲ
566 1328 636 1368 καὶ
668 1325 839 1380 ἅρματα
870 1327 1183 1381 δρεπανηφόρα
1215 1326 1416 1369 διακόσια
1446 1322 1556 1377 πρὸς
1581 1338 1654 1364 κα-

276 1383 387 1426 τάπ)
377 1386 483 1438 ηξιν
514 1383 586 1424 καὶ
606 1382 749 1436 φόβον
770 1387 857 1425 τῶν
883 1385 1100 1453 πολεμίων
1120 1382 1310 1432 εὐθέτως
1334 1378 1654 1434 ἐπινενοημένα.

194 1439 246 1481 50
277 1440 446 1483 τούτων
474 1439 557 1494 γάρ
590 1438 772 1482 εκάστου
803 1437 911 1491 παρ’
944 1438 1147 1495 εκάτερον
1176 1444 1265 1482 τῶν
1288 1437 1563 1493 σειροφόρων
1587 1436 1655 1477 ἵπ-

278 1513 374 1540 πων
416 1496 594 1547 ἐξὲκειτο
626 1496 946 1564 προςηλωμένα
983 1500 1041 1555 τῷ
1087 1500 1201 1566 ζυγῷ
1230 1498 1392 1550 ξῦστρα
1421 1491 1656 1560 παραμήκη

276 1555 558 1607 τρισπίθαμκα
590 1569 668 1607 την
699 1552 966 1623 επιστροφὴν
995 1557 1070 1609 τῆς
1095 1551 1232 1608 ἀκμῆς
1261 1553 1412 1608 ε’χοντα
1441 1550 1550 1618 πρός
1576 1547 1734 1604 την202

278 1609 389 1654 κατὰ
429 1608 665 1661 πρόςωπον
702 1608 982 1663 ἐπιφάνειαν,
1039 1610 1149 1663 πρὸς
1187 1610 1232 1652 δὲ
1279 1614 1372 1658 ταῖς
1409 1605 1658 1650 κατάκλεισι

195 1668 248 1709 55
278 1671 366 1710 τῶν
400 1664 569 1718 άξόνων
601 1665 671 1708 ἐπ’
703 1664 876 1717 εὐθείας
895 1666 1004 1709 ἄλλα
1027 1668 1122 1737 δύο,
1152 1665 1232 1734 τὴν
1248 1683 1325 1720 μεν
1344 1663 1482 1719 τομὴν
1497 1662 1658 1731 ὁμοίαν

280 1724 433 1779 ε’χοντα
456 1722 566 1776 πρός
585 1738 665 1777 την
694 1723 803 1765 κατὰ
832 1723 1066 1777 πρόςωπον
1095 1721 1353 1778 ἐπιφάνειαν
1383 1726 1474 1772 τοῖς
1503 1717 1659 1773 πρότε-

281 1779 461 1833 ρον,τό
495 1780 539 1821 δὲ
570 1783 705 1848 μῆκος
738 1782 866 1848 μείζω
896 1781 968 1822 καὶ
997 1780 1259 1833 πλατύτερα
1304 1777 1579 1847 συνήρμοστο
1612 1774 1658 1818 δε

278 1842 371 1886 ταῖς
412 1835 582 1879 τούτων
624 1834 775 1890 ἀρχαῖς
812 1836 1018 1890 δρέπανα.
1077 1841 1223 1880 πᾶσαν
1265 1836 1311 1879 δε
1349 1835 1428 1890 τὴν
1468 1832 1659 1887 δύναμιν

196 1894 249 1932 60
281 1893 328 1936 ἓν
357 1909 400 1935 τε
432 1892 583 1942 όπλοις
614 1893 840 1948 ἐπισημοις
869 1894 941 1936 καὶ
971 1892 1197 1950 ἡγεμόνων
1227 1890 1401 1946 αρεταΐς
1421 1889 1656 1958 κοσμήσας,

281 1947 502 2001 ἀνέζευξεν
544 1965 591 1991 εκ
630 1953 703 2003 τῆς
734 1952 995 2006 Βαβυλωνος
1021 1951 1135 2021 ε’χων
1165 1949 1321 2002 πεζούς
1350 1964 1429 2002 μεν
1458 1946 1555 1999 περὶ
1587 1944 1659 2000 ὀγ-

282 2005 363 2062 607
367 2023 499 2049 κοντα
531 2007 770 2061 μυριάδας,
812 2008 955 2058 ιππεῑς
985 2005 1031 2050 δ’
1064 2005 1147 2051 οὐκ
1177 2006 1379 2057 ελάττους
1406 2020 1494 2047 των
1523 2003 1659 2046 εἴκοσι

278 2171 336 2205 28.
383 2170 530 2217 τρυφὴν
560 2175 642 2216 FL,
679 2173 807 2208 caeteri
836 2187 984 2219 τροφην
1174 2174 1232 2208 29.
1279 2185 1354 2207 των
1386 2169 1663 2208 κατοικούντων

281 2218 487 2261 οἰκητόρων
512 2200 649 2264 αὐτὴν]
684 2223 884 2256 κατοικοῦν
908 2223 969 2255 FL
1161 2221 1219 2256 31.
1266 2217 1372 2264 ἡμεῖς
1406 2217 1661 2270 παρεβάλομεν

280 2263 414 2308 χρόνον
439 2265 529 2298 FLY
556 2268 636 2300 Bas.
629 2293 649 2307 .‚
673 2268 802 2301 caeteri
829 2265 875 2313 δή
900 2265 1034 2309 καιρὸν
1057 2264 1160 2312 ἡμεῖς
1183 2265 1436 2311 παρεβάλομεν
1604 2263 1664 2298 35.

282 2310 322 2344 ἐκ
347 2309 636 2355 619FL‚cnetcri
659 2312 697 2348 ἐκ
720 2326 758 2348 τε
942 2314 998 2348 37.
1046 2313 1214 2358 βασιλευς
1232 2311 1487 2356 Ἀλέξανδρος]
1522 2309 1664 2344 invertit

283 2357 313 2389 F
496 2358 554 2392 39.
600 2360 665 2404 τῆς
701 2358 913 2404 δυνάμεως]
951 2359 1141 2404 δυνάμεως
1165 2360 1195 2393 F
1379 2359 1435 2393 43.
1482 2355 1660 2401 χρήσιμα]

282 2402 469 2446 χρησίμως
502 2404 529 2436 L
565 2410 598 2439 et
622 2406 680 2449 qui
703 2406 939 2447 κατεσκεύαζε
962 2407 991 2439 F
1184 2405 1243 2439 47.
1289 2403 1662 2449 πεπλεονεκτηκέναι]

283 2449 513 2492 νενικηκέναι
536 2451 564 2484 L
588 2456 621 2485 et
644 2459 815 2487 correctus
839 2454 875 2486 in
899 2464 1011 2497 marg.
1032 2452 1062 2485 F

375 2505 455 2540 202.
499 2505 554 2540 54.
602 2510 849 2553 κατακλίσεσι]
898 2508 1145 2544 κατακλείσεσι
1176 2509 1340 2543 Reiskius
1383 2511 1418 2542 et
1461 2509 1541 2542 ante
1580 2517 1661 2539 eum

283 2550 411 2585 Rosius
432 2551 514 2585 obs.
538 2554 613 2588 crit.
664 2556 796 2597 .1(i9.‚
824 2554 947 2599 quibus
972 2555 1022 2589 ita
1045 2555 1177 2589 accessi
1201 2560 1238 2589 ut
1260 2555 1449 2589 scriberem
1474 2551 1626 2587 κατάκλε
1614 2565 1662 2586 ι-

285 2608 342 2638 σι,
377 2597 627 2633 restituendum
638 2567 758 2635 1,6tiam
782 2582 980 2645 ilesychio,
1017 2613 1119 2644 quem
1143 2602 1272 2634 ibidem
1296 2605 1423 2635 tractat
1447 2599 1596 2639 Rosius,
1623 2601 1661 2632 ut

287 2644 410 2676 docent
427 2644 494 2676 Eus
491 2646 628 2679 tathius
652 2652 687 2680 et
709 2648 843 2681 scholia
867 2647 1002 2680 minora
1024 2648 1067 2680 nd
1093 2648 1208 2681 locum
1227 2647 1373 2681 Homeri
1395 2647 1484 2681 unde
1507 2645 1663 2698 glossam

287 2692 419 2732 κληῖσι,
444 2692 681 2744 κατακλήσεσι
704 2694 800 2728 duxit
823 2693 1033 2736 Hesychius,
1057 2694 1151 2738 Odys
1155 2706 1179 2727 s.
1207 2705 1236 2735 σ,
1262 2694 1340 2727 294.
1479 2672 1535 2726 55.
1568 2687 1664 2733 πρός

289 2733 375 2778 TW]
402 2748 496 2778 προς
519 2738 597 2783 Bas·
771 2739 827 2773 56.
875 2738 1080 2785 πρότερον]
1103 2752 1298 2787 προτεροις
1322 2740 1371 2774 F.
1396 2738 1487 2773 conf.
1512 2736 1556 2772 ad
1580 2737 1605 2770 Ι.
1629 2747 1661 2779 p.

288 2782 768 2821 348.15.6ο.ἐκ
790 2785 877 2831 τῆς]
902 2784 997 2821 ἐκΕ
