1820 3249
328 133 438 173 1426
684 126 803 167 LIB.
825 125 936 167 XIX.
997 125 1129 166 CAP
1153 128 1221 168 85
1242 128 1308 167 86-

327 243 468 291 ίππεῖς
486 255 576 283 των
596 237 824 292 ἐπιφανων
842 233 1025 291 ἀνδρῶν,
1047 235 1242 280 ἑάλωσαν
1261 233 1303 280 δ’
1326 233 1436 290 ὑπερ
1454 234 1557 286 τοὺς
1575 234 1698 278 ὀκτα-

218 306 298 346 100
329 299 572 352 κιςχιλίους.
603 296 645 337 οἱ
665 295 710 337 δὲ
726 293 825 347 περὶ
848 297 1117 361 Πτολεμαῖον
1134 294 1206 337 καὶ
1220 292 1439 336 Σέλευκον
1455 290 1603 342 δόντες
1610 292 1699 361 τήν

326 354 550 421 ἀναίρεσιν
587 355 675 394 τῶν
712 366 883 402 νεκρων
918 349 997 405 τήν
1036 367 1080 393 τε
1121 350 1312 394 ἁλοῦσαν
1341 348 1566 420 βασιλικὴν
1595 347 1700 392 ἀπο-

329 412 488 464 σκευὴν
516 408 589 452 καὶ
617 410 706 449 τῶν
733 406 1015 475 αἰχμαλώτων
1042 423 1147 458 τους
1176 407 1275 459 περὶ
1297 407 1374 462 τὴν
1393 404 1531 461 αὐλὴν
1552 404 1698 448 είωθό-
1709 411 1776 447 385

326 484 403 518 τας
427 466 665 519 διατρίβειν
685 465 812 518 χωρὶς
831 461 1002 516 λύτρων
1022 462 1276 506 ἀπέστειλαν
1294 463 1402 516 πρὸς
1419 461 1700 532 Δημήτριον·

331 522 385 568 ού
415 539 499 589 γαρ
539 521 637 592 περὶ
664 520 832 563 τούτων
861 519 1031 574 ε’φασαν
1064 519 1346 575 διαφέρεσθαι
1385 519 1495 587 πρὸς
1523 518 1703 573 Ἀντίγο-

276 581 302 624 5
330 596 425 632 νον,
456 576 549 621 αλλ’
583 577 649 620 ὅτι
683 580 764 620 τοῦ
793 577 986 645 πολέμου
1015 577 1250 644 γενομένου
1280 581 1457 628 κοινοῦ,
1486 574 1703 645 πρότερον

328 637 406 694 μὲν
428 635 538 688 πρὸς
563 635 831 687 Περδίκκαν,
858 631 1045 703 ὕστερον
1074 633 1119 675 δὲ
1148 634 1256 686 πρός
1286 631 1482 689 Εὐμένη,
1512 631 1564 676 τοὶ
1594 631 1704 702 μέρη

328 698 403 749 τῆς
444 690 702 761 δορικτήτου
742 689 887 759 χώρας
932 689 1013 732 οὐκ
1054 688 1240 743 αποδοίη
1276 694 1367 739 τοῖς
1415 692 1585 743 φίλοις,
1632 690 1706 731 καὶ,

331 749 597 804 συνθέμενος
625 746 757 790 παλιν
788 762 897 800 προς
928 745 1063 790 αὐτὸν
1092 744 1356 788 τούναντίον
1386 744 1590 799 αφέλοιτο
1625 743 1705 813 τήν

333 806 597 860 σατραπείαν
633 807 707 858 τῆς
741 803 1028 857 Βαβυλωνίας
1056 801 1279 845 Σελεύκου
1315 802 1435 855 παρὰ
1475 800 1616 844 πάντα
1652 817 1707 843 τα

257 874 303 913 10
334 866 489 907 δίκαια.
549 861 570 904 6
606 861 651 903 δε
684 863 953 915 Πτολεμαῖος
983 858 1087 910 τοὺς
1115 860 1193 914 μὲν
1232 858 1415 909 ἁλοντας
1443 856 1708 913 στρατιώτας

334 919 590 967 ἀποστείλας
625 918 683 966 είς
713 917 937 984 Αἴγυπτον
973 915 1226 971 προςεταξεν
1264 931 1333 958 επι
1363 915 1440 966 τοὶς
1469 915 1709 982 ναυαρχίας

337 980 507 1020 διελεῖν·
549 971 681 1024 αὐτὸς
722 972 767 1015 δε
805 971 954 1025 θαψας
993 977 1082 1016 τῶν
1117 974 1243 1015 ἰδίων
1281 971 1384 1023 τοὺς
1421 972 1468 1015 ἐν
1504 975 1558 1028 τῇ
1594 987 1708 1026 μαχῃ

336 1030 685 1093 τελευτήσαντας
707 1029 902 1080 ἅπαντας
938 1033 1271 1098 μεγαλοπρεπως
1317 1045 1422 1084 μετα
1457 1032 1536 1098 τῆς
1575 1028 1710 1071 δυνά-

256 1095 306 1138 15
337 1105 447 1146 μεως
475 1087 596 1144 επῄει
623 1103 712 1129 των
741 1103 852 1129 κατα
887 1088 1099 1155 Φοινίκην
1126 1085 1295 1129 πόλεων
1320 1102 1396 1136 τας
1424 1101 1503 1139 μεν
1534 1089 1633 1127 πολι
1637 1100 1710 1138 ορ-

334 1151 448 1198 κῶν,
475 1162 552 1195 τας
581 1143 628 1187 δὲ
656 1148 806 1186 πειθοῖ
831 1142 1165 1213 προςαγόμενος.
1222 1142 1476 1211 Δημήτριος
1505 1141 1552 1184 δε
1581 1140 1710 1183 δύνα-

335 1219 410 1271 μιν
443 1200 527 1245 οὐκ
564 1199 672 1255 ε’χων
701 1198 959 1254 ἀξιόχρεων,
998 1199 1108 1253 πρὸς
1137 1215 1216 1254 μεν
1244 1203 1323 1242 τόν
1351 1198 1514 1253 πατέρα
1544 1200 1709 1268 βιβλια-

338 1258 485 1314 φόρον
516 1256 786 1308 απέστειλεν,
817 1257 950 1308 ἀξιῶν
979 1259 1163 1324 βοηθεῖν
1200 1255 1280 1310 τὴν
1308 1257 1538 1310 ταχίστην·
1579 1254 1712 1304 αὐτὸς

337 1316 384 1360 δὲ
412 1314 647 1369 παρελθων
675 1316 734 1364 είς
767 1315 977 1367 Τρίπολιν
1009 1318 1086 1369 τῆς
1118 1315 1326 1367 Φοινίκης
1358 1309 1639 1381 μετεπέμπετό
1665 1326 1712 1353 τε

253 1380 307 1420 20
336 1372 440 1423 τούς
471 1373 516 1414 ἐκ
546 1373 741 1420 Κιλικίας
771 1369 1037 1439 στρατιώτας
1065 1369 1140 1412 καὶ
1166 1372 1254 1412 τῶν
1287 1368 1428 1412 αλλων
1458 1367 1558 1411 ὅσοι
1585 1383 1712 1421 παρε-

338 1428 560 1484 φύλαττον
595 1426 625 1484 ἦ
656 1425 802 1478 πόλεις
844 1424 872 1482 ἢ
913 1426 1110 1483 φρούρια
1149 1442 1322 1482 μακραν
1360 1423 1588 1482 αφεστωτα
1624 1428 1713 1468 τῶν

336 1487 571 1540 πολεμίων.

252 1550 308 1588 86
454 1544 724 1596 Πτολεμαῖος
760 1539 806 1583 δὲ
836 1555 1011 1594 κρατων
1045 1541 1135 1582 τῶν
1163 1537 1398 1592 ὑπαίθρων
1427 1540 1609 1582 Σιδωνα
1638 1554 1716 1592 μεν

253 1609 307 1652 25
338 1597 656 1654 προςηγάγετο,
695 1601 773 1653 τῆς
828 1597 874 1640 δὲ
920 1597 1069 1651 Τύρου
1113 1597 1298 1664 πλησίον
1347 1593 1715 1652 στρατοπεδεύσας

337 1655 630 1710 παρεκάλεσεν
663 1652 945 1707 Ἀνδρόνικον
982 1652 1061 1697 τὸν
1104 1651 1391 1722 φρούραρχον
1437 1654 1715 1706 παραδοῦναι

337 1712 416 1770 τὴν
444 1711 596 1762 πόλιν,
634 1711 707 1754 καὶ
737 1710 904 1765 δωρεας
931 1726 976 1753 τε
1016 1710 1090 1753 καὶ
1117 1709 1242 1763 τιμὰς
1271 1708 1407 1762 ἁδρας
1436 1709 1713 1776 ἐπηγγείλατο

340 1773 511 1814 δοῦναι.
571 1766 595 1811 6
637 1767 683 1810 δὲ
712 1767 857 1822 φήσας
894 1768 1046 1823 μηδενὶ
1082 1765 1228 1822 τρόπῳ
1258 1763 1504 1819 προδωσειν
1534 1780 1613 1835 την
1642 1766 1716 1807 δε-

341 1826 529 1881 δομένην
565 1822 646 1867 ὑπ’
677 1822 931 1880 Ἀντιγόνου
971 1824 1044 1867 καὶ
1074 1824 1331 1893 Δημητρίου
1367 1824 1512 1866 πίστιν
1550 1820 1714 1864 ἐλοιδό-

260 1898 313 1938 30
344 1894 458 1938 ρησε
478 1897 698 1937 φορτικως
724 1881 803 1924 τὸν
834 1884 1120 1935 Πτολεμαῖον.
1170 1880 1355 1949 ’ὕστερον
1383 1878 1430 1923 δὲ
1460 1876 1718 1921 στασιασαν-

343 1955 431 1983 των
458 1954 548 1981 των
578 1949 854 1991 στρατιωτων
891 1936 1083 1981 ἐκπεσων
1119 1937 1166 1981 ἐκ
1201 1934 1351 1991 Τύρου
1380 1936 1453 1980 καὶ
1482 1933 1717 2003 γενόμενος

343 1995 616 2063 ὑποχείριος,
655 1993 897 2048 προςεδόκα
933 1994 1012 2049 μὲν
1048 1995 1271 2063 τιμωρίας
1297 1990 1523 2044 τεύξεσθαι
1559 1990 1633 2035 δια
1671 2006 1717 2034 τε

344 2069 425 2122 την
458 2051 700 2121 γενομένην
739 2055 807 2092 λοι
795 2051 966 2103 ’δορίαν
1003 2051 1077 2093 καὶ
1114 2049 1187 2093 διὰ
1220 2047 1274 2092 τὸ
1315 2049 1373 2105 μὴ
1419 2051 1717 2118 βεβουλῆσθαι

346 2124 443 2176 την
461 2107 610 2162 Τύρον
637 2105 1020 2160 παραδοῦναι·ού
1050 2123 1143 2175 μην
1168 2105 1195 2149 ὅ
1223 2122 1270 2161 γε
1303 2109 1571 2165 Πτολεμαῖος
1588 2104 1717 2177 ἐμνη-

261 2175 316 2218 35
347 2163 601 2222 σικάκησεν,
639 2162 747 2207 αλλα
774 2161 1036 2208 τούναντίον
1069 2162 1174 2214 δούς
1205 2162 1368 2218 δωρεὰς
1397 2166 1479 2218 είχε
1505 2161 1604 2216 περὶ
1633 2161 1717 2205 αὑ-

347 2347 403 2383 98.
429 2344 517 2386 τούς
540 2357 608 2381 om.
632 2347 718 2380 Bas.

438 2393 518 2427 385.
565 2393 599 2427 2.
634 2390 817 2433 εἰωθότας
832 2395 911 2427 ante
940 2390 1026 2436 περὶ
1045 2390 1142 2435 ponit
1165 2391 1198 2425 F
1378 2388 1412 2424 5.
1437 2390 1635 2435 γενομένου
1659 2391 1718 2432 W,

347 2438 603 2484 γινομένουῈ,
626 2439 754 2474 caeteri
786 2438 1003 2485 γιγνομένου
1156 2437 1198 2473 6
1220 2433 1446 2481 δορυκτήτου
1470 2437 1501 2471 F
1680 2438 1717 2471 7.

1087 2481 1132 2517 ὂν

349 2527 462 2564 πάλιν
484 2540 553 2565 om.
574 2529 606 2562 F
788 2530 822 2565 8.
856 2528 998 2571 αὐτόν]
1023 2527 1120 2564 αὐτοὶ
1142 2529 1172 2562 F
1355 2524 1546 2572 ἀφέλοιτο]
1569 2528 1717 2572 διαφεῖ-

349 2579 430 2611 λετο
455 2575 512 2616 W,
537 2574 750 2619 διαφέλοιτο
768 2577 800 2610 F
896 2575 964 2621 τήν
989 2587 1058 2611 om.
1081 2576 1162 2609 Bas.
1256 2575 1312 2610 12.
1337 2576 1552 2619 ναυαρχίας]
1576 2587 1717 2619 νομαρ-

348 2623 430 2666 χίας
455 2621 701 2666 wesselingius
879 2623 936 2657 14·
959 2635 1035 2657 των
1057 2617 1172 2664 κατα]
1205 2621 1272 2665 τὴν
1295 2621 1390 2656 κατὰ
1414 2621 1491 2655 FW
1661 2620 1717 2654 15.

349 2666 508 2711 πόλεων]
534 2668 608 2701 τῶν
631 2668 776 2704 πόλεων
800 2669 847 2703 W
1030 2668 1085 2701 17
1111 2665 1373 2723 βιβλιαφόρον]
1398 2665 1641 2713 βιβλιοφόρον
1665 2667 1695 2700 F

486 2713 602 2762 19.ss
625 2725 694 2751 om.
719 2716 779 2749 FX
962 2714 1020 2750 32.
1044 2711 1252 2759 τεύξεσθαι]
1276 2712 1478 2760 τεύξασθαι
1498 2715 1530 2748 F
1553 2715 1634 2749 Bas.

439 2758 497 2795 35.
522 2761 606 2804 εἷχε]
630 2757 695 2802 οὓς
719 2759 789 2807 εἶχε
810 2761 839 2795 F
1650 2782 1653 2785 r
