1820 3249
501 168 614 209 LlB.
644 166 751 207 xlx.
811 166 940 206 CAP.
969 171 1037 209 93.
1064 173 1132 210 94.
1388 170 1497 210 14:33

136 297 241 326 νειν
266 282 340 326 καὶ
379 278 662 336 ἀγωνίζεσθαι
706 278 805 330 περὶ
846 281 933 320 τῶν
970 278 1085 322 ὅλων
1121 277 1229 323 κατὰ
1260 280 1433 333 Συρίαν
1471 278 1501 335 ἢ
1529 285 1583 324 60

136 337 346 407 προάγειν
381 341 441 389 εἰς
469 339 692 390 Αἴγυπτον
725 335 798 377 καὶ
837 340 1041 405 πολεμεῖν
1074 336 1266 382 ἐκεῖθεν
1299 336 1501 388 καθάπερ

135 397 218 440 καὶ·
237 394 474 450 πρότερον,
504 394 738 448 Περδίκκᾳ.
798 390 954 442 πάντες
984 396 1066 436 οὐν
1097 392 1414 464 συιεβούλευον
1442 411 1499 449 μη

136 451 481 496 διακινδυνεύειν
521 450 626 502 πρὸς
664 449 851 502 δύναμιν
884 452 1247 493 πολλαπλασίονα
1295 450 1368 492 καὶ
1414 455 1500 505 θη-

59 516 126 550 :390
138 511 246 562 ρίων
275 512 464 562 πλῆθος,
494 507 553 549 ἔτι
583 505 629 548 δὲ
661 505 905 574 στρατηγὸν
929 505 1158 562 ἀήττητον
1202 505 1503 561 εὐχερέστερον

135 565 220 621 γάρ
249 568 394 623 πολλῷ
434 565 759 618 διαγωνιεῖσθαι
796 560 907 604 κατά
946 579 1024 616 την
1053 566 1299 619 Αἴγυπτον,
1338 568 1430 613 ταῖς
1460 578 1503 605 τε
1533 566 1585 608 65

135 623 356 693 χορηγίαις
383 618 653 675 ὑπερέχοντα
693 620 765 662 καὶ
794 617 941 661 τόπων
971 619 1129 675 ὀχυρά
1117 624 1202 674 ητι
1231 620 1504 662 πιστεύοντα.

136 679 203 722 διὸ
243 679 315 721 καὶ
355 680 508 732 κρίνας
548 676 739 719 ἐκλιπεῖν
776 674 856 730 τὴν
895 680 1094 731 Συρίαν,
1142 677 1382 727 κατέσκαψε
1430 693 1506 726 τας

135 733 477 807 άξιολογωτάτξις
518 737 604 775 τῶν
651 733 983 803 κεκρατημένων
1028 732 1218 779 πόλεων,
1252 731 1388 788 Ἀκην
1427 734 1506 788 μὲν

132 807 210 859 της
249 793 457 846 Φοινίκης
496 790 687 843 Συρίας,
736 787 880 844 Ἰόπην
931 791 976 833 δὲ
1017 791 1091 832 καὶ
1137 789 1394 857 Σαμάρειαν
1432 790 1504 831 ’καὶ

135 845 281 900 Γάζαν
317 864 393 903 της
431 848 622 899 Συρίας,
664 845 795 895 αὐτός
837 845 882 888 δὲ
918 846 1011 903 τήν
1040 845 1229 901 δύναμιν
1265 845 1502 900 ἀναλαβών
1529 852 1584 890 70

132 904 207 947 καὶ
233 908 336 953 ῑτῶν
369 903 600 976 χρημάτων
639 902 722 946 ὅσα
755 901 943 946 δυνατὸν
983 919 1040 959 ην
1077 902 1198 959 ἄγειν
1238 903 1310 946 καὶ
1349 902 1502 958 φέρειν

132 959 376 1015 ἐπανῆλθεν
405 977 438 1004 ει
431 963 463 1011 ’ς
491 962 729 1013 Αἴιυπτον.

241 1016 490 1071 Ἀντίγονος
521 1016 563 1060 δ’
595 1016 837 1066 ἀκινδύνως
865 1014 1215 1084 άνακτησάμενος
1232 1015 1319 1084 τήν
1346 1032 1391 1058 τε
1413 1020 1501 1059 Συ·
1529 1026 1585 1064 94

136 1074 236 1140 ρίαν
264 1078 408 1116 πᾶσαν
436 1074 509 1115 καὶ
540 1074 773 1126 Φοινίκην,
802 1071 1028 1142 ἐπεβάλετο
1060 1072 1307 1125 στρατεύειν
1337 1074 1404 1116 ἐπὶ
1424 1074 1502 1129 τὴν
1530 1080 1585 1121 75

133 1127 295 1198 χώραν
307 1133 397 1172 τῶν
427 1126 624 1184 Ἀράβων
652 1133 741 1171 τῶν
772 1129 1054 1183 καλουμένων
1085 1133 1364 1184 Ναβαταιᾝων
1412 1131 1503 1183 κρί-

133 1201 214 1236 νας
241 1185 326 1248 γάρ
360 1185 409 1229 τό
441 1186 570 1236 ἔθνος
605 1189 734 1228 τοῦτο
767 1189 855 1228 τῶν
891 1184 1055 1228 ἑαυτου
1086 1186 1358 1254 πραγμάτων
1380 1185 1503 1229 άλλό-

132 1259 257 1296 τριον
285 1241 410 1294 εἶναι,
433 1244 755 1297 προεχειρίσατο
784 1258 872 1285 των
900 1240 1062 1286 ἑαυτοῦ
1091 1245 1232 1298 φίλων
1256 1240 1504 1298 Ἀθηναιον.

133 1299 238 1350 δοὺς
267 1298 310 1342 δ’
340 1296 459 1367 αὐτῷ
486 1300 643 1351 πεζους
673 1298 752 1354 μὲν
781 1296 999 1351 εὐζώνους
1026 1302 1409 1355 τετρακιςχιλίους,
1442 1302 1506 1342 ἱπ-

133 1361 228 1407 πεῖς
266 1356 312 1399 δὲ
341 1344 444 1406 τούς
473 1355 739 1411 ἐπιτηδειους
773 1357 832 1406 εἰς
869 1355 1036 1411 δρόμον
1066 1356 1340 1408 ἑξακοσίους,
1372 1357 1504 1399 συνέ-
1536 1366 1590 1407 80

133 1413 258 1464 ταξεν
287 1412 513 1456 ἐπιθέσθαι
541 1417 632 1464 τοῖς
661 1411 900 1468 βαρβάροις
928 1412 1056 1467 α’φνω
1085 1414 1159 1456 καὶ
1187 1412 1268 1468 τήν
1289 1415 1408 1456 λείαν
1424 1417 1505 1455 πά·

135 1480 218 1512 σαν
255 1466 559 1524 ἀποτεμέσθαι.
634 1469 844 1524 χρησιμον
887 1468 929 1512 δ’
967 1469 1056 1512 ἐστὶ
1091 1473 1180 1512 τῶν
1225 1469 1505 1539 ἀγνοούντων

134 1525 259 1568 ἕνεκα
291 1507 477 1569 διελθεῖν
497 1527 548 1568 τὰ
575 1525 740 1580 νόμιμα
768 1541 857 1568 των
881 1523 1077 1581 Ἀράβων
1106 1524 1288 1598 τούτων,
1312 1531 1377 1577 οἱς
1398 1524 1506 1582 χριό-

133 1598 257 1637 μενοι
290 1585 470 1626 δοκοῦσι
494 1599 577 1653 την
605 1582 856 1635 ἐλευθερίαν
889 1582 1210 1638 διαφυλάττειν.
1244 1583 1388 1652 ἔχουσι
1419 1585 1506 1626 τοί-

135 1655 218 1681 νυν
246 1638 324 1682 τὸν
351 1641 450 1706 βίον
478 1637 739 1692 ὑπαίθριον,
774 1641 961 1692 πατρίδα
989 1644 1225 1690 καλοῦντες
1252 1640 1330 1695 τήν
1361 1638 1505 1696 άοίκη-
1537 1650 1589 1692 85

135 1711 212 1737 του
225 1695 330 1752 τήν
367 1694 471 1751 μήτε
500 1695 723 1750 ποταμοὺς
754 1696 937 1750 ἔχουσαν
966 1697 1070 1751 μήτε
1095 1696 1264 1765 κρήνας
1295 1699 1505 1748 δαψιλεις,

134 1751 177 1804 ἐξ
207 1753 269 1794 ὠν
305 1752 493 1796 δυνατὸν
513 1753 815 1805 στρατόπεδον
843 1752 1050 1808 πολέμιον
1078 1751 1391 1807 ὑδρεύσασθαι.
1434 1752 1506 1796 νό-

134 1825 215 1863 μος
244 1807 284 1852 δ’
317 1808 431 1852 ἐστὶν
460 1807 608 1859 αυτοῖς
644 1811 748 1877 μήτε
790 1813 911 1853 σῖτον
940 1811 1130 1863 σπείρειν
1159 1809 1264 1865 μήτε
1298 1809 1506 1878 φυτεύειν

133 1864 266 1920 μηδεν
303 1865 445 1920 φυτόν
473 1865 763 1936 καρποφόρον
802 1865 905 1934 μήτε
944 1868 1049 1935 οἴνῳ
1083 1871 1272 1934 χρῆσθαι
1301 1865 1404 1921 μήτε
1435 1868 1506 1909 οἰ-

133 1923 234 1964 κίαν
262 1921 613 1975 κατασκευάζειν·
664 1922 712 1973 ὂς
749 1920 790 1965 δ’
821 1922 875 1964 ἂν
903 1911 1032 1983 παρὰ
1051 1929 1187 1966 ταῦτα
1225 1927 1363 1966 ποιῶν
1394 1922 1502 1976 εὑρί-
1533 1932 1587 1971 90

135 1989 307 2033 σκηται,
337 1977 535 2047 θάνατον
565 1977 683 2036 αὐτῷ
712 1979 948 2033 πρόςτιμον
978 1996 1102 2022 ειναι.
1151 1997 1342 2035 χρωνται
1369 1981 1414 2023 δε
1443 1997 1502 2037 τῳ

134 2034 254 2090 νόμῳ
283 2035 424 2093 τούτῳ
455 2024 823 2104 διαλαμβάνοντες
852 2035 955 2086 τούς
976 2041 1111 2079 ταῦτα
1133 2036 1378 2092 κτωμὲιους
1403 2035 1504 2079 άνα-

134 2080 465 2147 γκασθήσεσθαι
494 2093 653 2162 ῥᾳδίως
681 2091 768 2135 ὑπὸ
798 2096 886 2135 τῶν
917 2094 1160 2136 δυνατων
1145 2094 1270 2137 ε’νεκα
1301 2098 1395 2164 τῆς
1405 2092 1505 2136 τού-

134 2164 223 2191 των
251 2150 394 2220 χρείας
422 2154 565 2191 ποιεῖν
604 2148 652 2191 τὸ
683 2148 1079 2203 προςταττόμενον·
1110 2152 1320 2205 τρέφουσι
1352 2148 1395 2194 δ’
1430 2150 1506 2193 αὐ·
1536 2159 1589 2202 95

135 2208 223 2248 τῶν
253 2206 296 2249 οἱ
323 2205 402 2262 μὲν
429 2204 651 2263 καμήλους
679 2207 723 2249 οἱ
751 2205 797 2249 δὲ
824 2205 1035 2263 πρόβατα,
1072 2224 1152 2264 την
1181 2208 1344 2264 ε’ρημον
1373 2207 1507 2251 ἐπινέ-

135 2395 194 2430 61.
230 2395 438 2445 Περδίκκᾳ]
488 2395 582 2444 πρὸς
625 2400 831 2440 Περδίκκαν
866 2400 944 2433 FW
1150 2401 1206 2434 62.
1242 2402 1508 2436 πολλαπλασίο-

137 2455 185 2476 να
221 2443 344 2483 FVW‚
381 2435 509 2478 caeteri
540 2445 813 2480 πολλαπλάσιον
998 2445 1054 2480 63.
1090 2452 1170 2492 post
1201 2446 1405 2492 στρατηγὸν
1439 2460 1507 2482 om

138 2501 227 2524 οντα
252 2488 285 2521 Τ
311 2489 390 2524 Bas.
399 2491 588 2531 ,asterisco
613 2492 744 2525 notavit
767 2492 962 2536 Stephanus

228 2534 307 2568 390.
353 2534 410 2569 66.
435 2534 650 2582 ἐκλιπεῖν]
639 2537 690 2573 ε’τι
714 2505 838 2573 λιπεῖνι
855 2539 932 2571 FW
1114 2539 1170 2573 69.
1205 2537 1295 2584 ἰόπη
1300 2553 1321 2574 ν
1345 2540 1397 2584 F,
1431 2551 1509 2573 cae—

137 2579 202 2614 tori
234 2577 382 2624 Ἰόππην
562 2585 619 2618 71.
653 2584 715 2618 καὶ
750 2584 897 2628 φέρειν]
927 2582 950 2628 ἢ
986 2582 1112 2626 φέρειν
1143 2585 1252 2628 FQW
1452 2585 1509 2619 75.

138 2627 388 2671 Ναβαταίων]
426 2627 621 2671 Νομάδων
635 2631 764 2687 va
801 2637 834 2664 et
867 2630 926 2684 qni
961 2630 1109 2664 alterum
1141 2643 1196 2674 γρ.
1231 2631 1266 2664 in
1301 2643 1414 2676 marg.
1448 2643 1509 2674 po-

137 2672 188 2706 nit
210 2673 241 2706 F
330 2672 388 2707 77.
416 2672 561 2719 ἑαυτοῦ]
584 2673 646 2710 ὑπ’
669 2675 788 2712 αὐτοῦ
804 2678 845 2718 F,
865 2673 985 2710 αύτου
1002 2677 1082 2709 Bas.
1153 2677 1211 2711 78.
1235 2673 1268 2712 δ’
1292 2679 1370 2711 abes
1358 2685 1388 2710 t
1411 2678 1508 2711 libris

252 2715 353 2799 αδυτῷ
375 2730 442 2753 om.
467 2721 550 2754 Bae.
666 2722 723 2757 81.
748 2722 1013 2766 ἀποτεμέσθαι]
1043 2720 1315 2766 ἀποτέμνεσθαι
1338 2724 1416 2757 FW

206 2763 239 2796 ⁹.
294 2753 430 2808 ’ἐστὶ]
463 2765 503 2801 δὲ
523 2767 552 2799 F
734 2769 790 2804 89.
816 2770 1002 2815 χρῆσθαι]
1025 2770 1186 2815 χρᾶσθαι
1207 2771 1271 2804 FT
1296 2771 1379 2804 Bas.

182 2763 260 2844 892.
266 2766 336 2858 δτῷ
359 2810 486 2857 νόμῳ]
511 2809 614 2859 νόμῳ
636 2813 719 2850 Bas.
