1820 3249
254 390 330 422 110.

279 449 312 481 2.

246 762 319 796 110.

269 819 303 855 3.

240 1515 316 1550 101.

232 1857 308 1893 111.

349 123 462 164 1578
899 120 1021 161 LlB.
1058 120 1185 163 XVI.

346 244 478 285 gerent
514 236 645 272 relicta
684 237 829 284 ingenti
863 238 999 284 praeda
1040 235 1140 287 [80.].
1171 239 1309 286 praeda
1348 240 1528 276 militibus
1556 242 1595 276 in
1625 255 1732 288 prae-

345 297 465 329 mium
496 295 685 340 permissa.
722 296 835 330 Poeni
874 296 1092 340 Lilybaeum
1122 309 1159 330 se
1192 298 1390 342 recipiunt.
1445 299 1730 345 Carthaginien-

345 365 400 386 ses
436 353 622 397 impetum
664 353 703 386 in
741 352 860 397 ipsam
897 352 1055 398 Libyam
1094 360 1299 388 metuentes
1339 354 1482 400 legatos
1529 357 1573 389 de
1612 356 1730 402 impe-

344 409 478 443 tranda
536 420 627 454 pace
685 409 841 442 mittunt
890 406 1007 457 [81.].
1064 411 1262 446 Timoleon
1311 412 1506 456 Syracusas
1559 420 1730 458 repetens

343 467 543 501 Thrasium
593 472 631 499 et
674 466 862 500 seditiosos
899 467 1018 500 socios
1066 468 1156 501 urbe
1195 469 1366 513 expellit:
1407 470 1635 503 Postumium
1673 470 1731 515 pi-

338 529 464 556 ratam
512 522 725 568 exstinguit.
789 523 876 557 novi
918 524 1042 557 coloni
1080 536 1101 557 a
1148 525 1347 558 Corinthiis
1385 526 1500 561 missi.
1538 538 1607 571 pax
1643 538 1730 561 cum

338 579 471 613 Poenis
501 580 677 625 pacisque
708 580 946 615 conditiones.
993 581 1166 614 Hicetam
1204 588 1356 626 captum
1384 583 1580 617 Timoleon
1609 590 1733 617 morte

339 636 469 669 afficit.
529 637 666 681 ubique
721 637 886 671 residuos
941 643 1120 681 tyrannos
1163 639 1361 683 exstirpat,
1417 636 1546 674 novos‘
1582 641 1731 674 colonos

339 706 358 726 e
407 693 567 727 Graecia
614 693 794 740 advocat,
849 705 1034 738 novasque
1087 694 1187 739 leges
1234 695 1391 739 scribit,
1441 696 1606 731 adhibito
1660 699 1730 731 Ce-

334 749 445 795 phalo
494 750 690 784 Corinthio
744 747 865 798 [824.
932 751 1060 784 Sicilia
1117 751 1250 785 exinde
1304 753 1567 787 florentissima
1622 754 1730 788 artis-

334 818 408 853 que
452 808 628 851 operibus
675 807 911 841 ornatissima
957 806 1178 841 describitur
1227 805 1334 857 [83.]
1385 809 1597 844 Conciliata
1639 811 1729 844 reli-

338 875 499 909 quorum
548 866 782 898 Graecorum
831 864 995 898 amicitia
1042 864 1256 911 Philippus,
1310 871 1353 899 ut
1391 866 1571 900 Graeciae
1610 867 1728 912 impe—

337 921 436 954 rium
480 927 793 967 consequeretur,
836 921 1120 955 Atheniensibus
1167 922 1358 967 inopinato
1406 923 1551 956 bellum
1599 924 1727 959 infert.

338 978 576 1011 Athenienses
617 978 845 1011 consternati
881 978 1054 1012 hortante
1093 979 1344 1013 Demosthene
1385 979 1529 1014 Thebas
1573 980 1727 1015 mittunt

333 1035 397 1080 qui
423 1037 648 1069 Boeotorum
678 1035 859 1068 auxilium
890 1036 1091 1080 implorent
1127 1033 1231 1083 [S4.],
1269 1037 1399 1070 Boeoti
1429 1049 1496 1082 pro
1526 1037 1725 1072 Athenien-

331 1092 429 1124 sibus
459 1098 649 1138 pugnant,
690 1092 858 1137 quamvis
889 1093 1032 1137 Python
1070 1104 1132 1126 eos
1159 1093 1199 1126 in
1229 1093 1391 1138 Philippi
1424 1100 1547 1139 partes
1575 1095 1726 1128 trahere

332 1155 544 1182 conaretur.
574 1149 670 1182 acies
700 1150 744 1182 ab
776 1156 936 1195 utraque
967 1155 1070 1194 parte
1101 1149 1141 1182 in
1170 1150 1324 1183 Boeotia
1356 1150 1592 1185 instruuntur
1624 1148 1726 1198 [85.].

330 1217 459 1250 pugna
489 1206 536 1239 ad
565 1207 822 1240 Chaeroneam
858 1206 1119 1240 committitur.
1160 1206 1320 1240 victores
1349 1208 1578 1241 Macedones
1621 1205 1723 1256 [86.].

332 1263 545 1308 Philippum
575 1263 731 1297 victoria
761 1264 902 1297 elatum
933 1269 970 1296 et
998 1263 1218 1296 insolentem
1247 1263 1433 1298 Demades
1462 1264 1632 1297 oratione
1663 1276 1725 1298 ca-

331 1319 444 1365 stigat
480 1317 579 1368 [87.].
610 1320 773 1364 Lysicles
805 1319 1082 1353 Atheniensium
1113 1319 1315 1364 imperator
1357 1321 1404 1353 ob
1435 1320 1580 1354 cladem
1616 1332 1724 1354 acce-

330 1383 434 1421 ptam
466 1377 595 1421 capitis
625 1377 831 1410 damnatus.
874 1376 1037 1422 Lycurgi
1073 1376 1112 1410 in
1146 1387 1233 1410 eum
1261 1377 1395 1412 oratio.
1436 1389 1561 1424 pugna
1591 1377 1723 1411 eodem

331 1433 390 1466 die
429 1433 529 1467 inter
565 1433 788 1468 Tarentinos
826 1439 862 1466 et
901 1435 1069 1469 Lucanos
1112 1432 1332 1476 commissa,
1370 1445 1444 1480 qua
1478 1434 1723 1468 Archidamus

331 1501 395 1523 rex
426 1491 615 1524 occubuit.
642 1491 861 1525 Timotheus
899 1490 1103 1524 Heracleae
1133 1491 1311 1524 Ponticae
1348 1496 1531 1535 tyrannus
1561 1491 1723 1527 moritur

331 1544 419 1595 [38]
453 1544 662 1593 Philippus,
700 1547 778 1593 ipsa
818 1547 973 1580 victoria
1005 1547 1227 1580 auctoritate
1259 1547 1410 1592 gravior
1437 1548 1580 1592 faetus,
1609 1548 1722 1581 facile

327 1604 523 1649 persuadet
553 1604 707 1638 Graecis
738 1611 780 1638 ut
808 1605 948 1638 bellum
984 1604 1024 1638 in
1054 1605 1180 1638 Persas
1211 1603 1258 1637 ob
1288 1604 1428 1638 violata
1457 1605 1549 1638 olim
1582 1605 1722 1650 templa

327 1661 593 1703 decernerent,
642 1663 838 1707 ipsumque
875 1673 1064 1695 summurn
1104 1661 1286 1696 Graeciae
1318 1661 1583 1706 imperatorem
1616 1673 1719 1696 crea-

325 1724 411 1751 rent
442 1715 546 1766 [89.].
581 1720 626 1752 In
660 1719 786 1753 Sicilia
816 1718 979 1752 moritur
1009 1718 1228 1761 Timoleon,
1259 1718 1366 1751 cuius
1395 1715 1618 1753 me'moriam
1653 1719 1719 1764 Sy-

325 1775 500 1809 racusani
539 1775 742 1810 honoribus
781 1775 1032 1821 singularibus
1078 1775 1218 1818 colunt.
1269 1775 1510 1809 Ariobarzani
1554 1775 1719 1809 succedit

325 1832 578 1866 Mithridates.
609 1835 750 1868 Romae
780 1832 944 1866 Manlius
974 1832 1019 1865 de
1049 1832 1191 1867 Latinis
1221 1836 1257 1864 et
1285 1833 1483 1877 Campanis
1511 1832 1719 1877 triumphat

330 1886 432 1937 [90,].
465 1889 657 1935 Philippus
681 1891 918 1924 Graecorum
946 1889 1152 1933 imperator
1172 1888 1295 1922 factus
1314 1890 1512 1934 praemisso
1533 1890 1572 1923 in
1593 1889 1717 1923 Asiam

325 1947 451 1980 Attalo
483 1953 518 1980 et
557 1947 800 1981 Parmenione
828 1947 906 1992 ipse
936 1945 1106 1991 Pythiam
1135 1946 1181 1979 de
1213 1945 1312 1978 bello
1341 1946 1516 1982 consulit.
1563 1946 1717 1980 oraculo

324 2003 494 2048 quamvis
536 2003 710 2049 ambiguo
751 2004 872 2037 laetus
909 2003 1007 2037 inter
1046 2003 1142 2036 festa
1186 2002 1408 2046 Cleopatrae
1447 2009 1483 2037 et
1521 2002 1717 2037 Alexandri

323 2061 422 2106 regis
450 2060 694 2105 Epirotarum
719 2061 866 2105 nuptias
899 2060 1072 2094 celebrat.
1103 2061 1242 2094 Graeci
1270 2060 1431 2103 hospites
1463 2057 1564 2108 [91.].
1595 2066 1726 2093 certa-⁷

325 2118 425 2150 mina
454 2117 562 2163 Aegis
593 2118 743 2152 habita:
775 2129 909 2151 aureae
949 2128 1110 2150 coronae
1150 2117 1231 2162 regi
1271 2116 1367 2149 dono
1408 2117 1566 2160 oblatae.
1616 2117 1714 2150 Neo-

323 2174 480 2219 ptolemi
518 2175 688 2220 tragoedi
728 2175 907 2208 carmina.
958 2185 1096 2220 pompa
1134 2173 1312 2214 deorum,
1353 2173 1486 2218 quibus
1522 2173 1714 2218 Philippus

325 2231 490 2265 decimus
532 2232 665 2272 tertius
696 2238 912 2266 accensetur
951 2227 1053 2279 [92.].
1089 2241 1155 2264 rex
1193 2231 1426 2263 Graecorum
1465 2230 1595 2264 studiis
1627 2241 1714 2264 cum

322 2288 390 2321 sibi
424 2287 627 2322 tutissimus
666 2289 833 2330 videtur,
865 2288 906 2321 in
935 2288 1084 2322 insidias
1122 2287 1364 2320 familiarium
1394 2287 1539 2322 incidit.
1578 2288 1712 2320 Pausa-

323 2345 407 2379 niae
438 2345 511 2378 duo
550 2345 702 2379 aemuli.
739 2357 832 2379 unus
861 2351 992 2379 contra
1020 2344 1205 2379 Pleuriam
1239 2355 1366 2389 regem
1396 2344 1612 2389 Illyriorum
1641 2355 1710 2388 pro

321 2401 494 2447 Philippo
535 2414 704 2448 pugnans
739 2403 849 2447 perit.
889 2402 983 2436 alter
1020 2402 1066 2436 ab
1106 2401 1228 2435 Attalo
1268 2401 1501 2434 contumeliis
1544 2401 1709 2442 affectus,

322 2471 410 2492 cum
440 2459 497 2492 ius
535 2466 668 2494 contra
705 2459 850 2493 illatam
878 2459 1056 2493 iniuriam
1085 2470 1163 2492 non
1192 2457 1399 2504 obtineret,
1432 2458 1471 2491 in
1501 2458 1623 2502 ipsum
1651 2468 1710 2490 re-

321 2527 407 2562 gem
444 2515 502 2549 ira
535 2522 588 2549 est
626 2517 796 2551 incensus
837 2513 936 2563 [93.].
977 2516 1023 2549 ab
1062 2517 1306 2550 Hermocrate
1354 2514 1516 2560 sophista
1557 2515 1709 2558 insuper

320 2585 417 2607 vana
447 2572 651 2607 ambitione
681 2574 832 2607 inflatus
860 2573 1059 2608 Pausanias
1086 2572 1300 2616 Philippum
1327 2582 1467 2617 regem,
1496 2582 1583 2605 cum
1604 2571 1709 2604 thea-

321 2635 422 2664 trum
450 2630 628 2672 intraret,
659 2630 896 2664 obtruncavit
926 2627 1025 2677 [94.].
1073 2629 1235 2676 Philippi
1262 2640 1422 2676 regnum
1451 2635 1488 2663 et
1516 2628 1709 2674 ingenium

320 2686 425 2721 brevi
455 2686 702 2732 descriptione
728 2687 963 2735 propositum
997 2684 1097 2736 [95.].
