1820 3249
253 104 364 147 1192
610 97 882 140 LIB.XV11.
938 97 1073 140 cAP.
1104 100 1170 142 58
1198 102 1267 142 59.

255 211 476 283 φερόμενα
511 210 565 254 τὰ
607 210 686 266 μὲν
724 211 1048 281 συνηκοντίσθη
1077 210 1130 254 τὰ
1162 212 1208 256 δὲ
1240 191 1325 256 διεῖξ
1306 210 1495 264 έπεσεν,
1537 209 1631 253 ἔνια

257 269 303 313 δὲ
350 273 406 339 τῇ
450 270 525 324 βία
563 271 638 323 τῆς
685 267 826 322 ῥύμης
871 267 1092 323 φερόμενα
1133 270 1206 312 καὶ
1252 274 1345 319 ταῖς
1385 271 1470 310 τῶν
1517 265 1633 322 σιδή-

260 342 351 379 ρων
381 324 537 378 οέκιιαῖς
567 324 751 394 ἐνεργῶς
779 324 982 379 χρώμενα
1010 325 1173 376 πολλὰς
1207 327 1280 369 καὶ
1319 326 1516 394 πρικίλας
1547 326 1635 366 δια-

177 382 232 426 45
261 383 403 433 θέσεις
432 381 640 425 θανάτων
670 379 960 434 ἀπειργάζετο.
1018 380 1199 452 τοιαύτη
1227 383 1309 437 γὰρ
1340 384 1395 437 ἠν
1423 379 1450 436 ἡ
1482 379 1637 434 ὀξύτης

263 440 336 484 καὶ
366 440 440 495 βία
468 442 557 481 τῶν
586 438 936 492 κεχαλκευιιένων
964 438 1074 490 πρὸς
1105 436 1323 482 ἀπώλειαν
1354 438 1502 481 ὅπλων
1533 435 1637 485 ὥςτε

263 499 440 540 πολλῶν
475 495 576 564 μὲν
590 496 825 563 βραχίονας
855 495 936 536 σὺν
967 493 1120 545 αὐταῖς
1136 501 1242 546 ταῖς
1275 495 1451 538 ασπίσιν
1481 490 1639 536 ἆποκό-

263 557 470 605 πτεσθαι,
521 549 602 594 οὐκ
634 549 804 621 ὀλίγων
822 551 866 593 δε
895 550 1134 619 τραχηλους
1162 550 1519 624 παρασύρεσθαι,
1566 548 1641 591 καὶ

263 608 340 660 τοὶς
369 608 561 664 κεφαλάς
590 609 760 651 πίπτειν
789 606 856 649 ἐπὶ
885 623 965 661 την
993 624 1076 662 γην
1105 607 1386 661 βλεπόντων’
1373 625 1434 651 ετι
1455 611 1544 649 τῶν
1566 604 1642 660 ὀμ-

183 667 236 709 50
266 664 429 736 μάτων
445 666 518 708 καὶ
547 668 623 718 τῆς
659 668 742 707 τοῦ
771 662 1008 734 wpogm'nqv
1039 664 1276 715 διαθέσεως
1306 661 1641 734 διαφυλαττομέ-
1651 662 1719 698 206

266 739 366 792 νης,
412 721 542 765 ἐνίων
571 722 615 764 δὲ
642 721 717 771 τὰς
745 720 941 803 πλευρὰς
962 719 1220 773 ἐπικαιρίοις
1248 727 1400 789 τομαῖς
1429 720 1642 774 ἅναῤῥητ-

181 782 237 821 59
266 779 434 823 τόντων
476 778 549 820 καὶ
586 776 812 826 θανάτους
851 776 961 827 ὀξεῖς
991 776 1304 830 ἐπιφερόντων.
1365 795 1422 828 ως
1454 775 1496 819 δ’
1527 775 1643 831 ἤγγι-

271 848 354 880 σαν
384 833 585 888 ἆλληλαις
616 835 661 875 αἱ
690 830 905 886 δύναμεις,
937 833 1009 875 καὶ
1039 832 1111 876 διὰ
1140 850 1228 876 των
1257 833 1396 885 τόξων
1424 833 1496 876 καὶ
1519 845 1644 886 σφεν-

186 892 239 935 55
271 895 416 936 δονῶν
447 891 507 933 ε’τι
538 889 582 932 δὲ
612 906 700 931 των
717 887 1062 944 ακοντιζομενων
1092 891 1287 933 σαυνιων
1304 907 1358 932 τα
1377 888 1646 944 ῥιπτούμενα

268 950 370 1020 βέλη
400 945 706 1002 παρανήλωτο,
737 945 847 998 πρὸς
867 947 947 1002 τὴν
967 946 1013 989 ἐκ
1034 947 1176 1001 χειρὸς
1195 946 1337 1002 μάχην
1359 946 1644 1002 κατήντησαν.

268 1006 343 1049 καὶ
385 1008 560 1057 πρῶτον
597 1019 684 1045 των
715 1001 878 1045 ἱππέων
909 1003 1247 1058 συστησαμένων
1277 1003 1425 1058 ἀγῶνα
1456 1003 1529 1046 καὶ
1558 1017 1648 1044 των

268 1059 547 1105 Μακεδόνων
574 1063 636 1116 τῷ
666 1061 789 1114 δεξιῷ
819 1060 968 1113 κέρατι
993 1061 1382 1115 διαγωνιζομένων,
1413 1060 1436 1102 ὁ
1462 1074 1539 1113 μεν
1557 1064 1649 1101 Λα

271 1124 387 1172 ρεῖος
423 1121 505 1160 τοῦ
547 1120 675 1159 λαιοῦ
714 1116 896 1169 κέρατος
932 1115 1175 1171 ηγούμενος
1211 1116 1536 1171 συναγωνιστὰς
1567 1113 1650 1168 εἶχε

188 1179 242 1218 60
271 1176 374 1245 τοὺς
406 1178 624 1229 συγγενεῖς
655 1175 810 1225 ἱππεῖς,
842 1173 1093 1223 ἐπιλέκτους
1126 1178 1222 1224 ταῖς
1252 1172 1425 1227 ἀρεταῖς
1455 1173 1528 1216 καὶ
1558 1177 1652 1220 ταῖς

273 1230 481 1282 εύνοίαις,
515 1231 679 1285 χιλίους
717 1230 763 1272 έν
792 1235 869 1287 μιᾷ
898 1231 1282 1300 περιειλημμένους
1312 1232 1395 1297 ἰ’λῃ.
1453 1226 1577 1272 οὗτοι
1607 1227 1653 1271 δὲ

272 1288 436 1343 θεατὴν
476 1287 658 1357 ἔχοντες
684 1290 760 1341 τῆς
799 1274 912 1336 ἰδίας
951 1285 1253 1341 ανδραγαθίας
1288 1285 1592 1356 τὸνβασιλέα
1605 1285 1653 1326 τὸ

273 1350 443 1400 πλῆθος
471 1359 561 1386 των
590 1341 658 1385 ἐπ’
693 1341 827 1385 αὐτὸν
857 1342 1114 1415 φερομένων
1142 1347 1281 1399 βελων
1311 1341 1552 1396 προθύμως
1577 1341 1656 1391 ἐξε-

190 1403 245 1448 65
278 1404 468 1458 δέχοντο.
506 1411 702 1454 συνησαν
726 1399 771 1442 δὲ
802 1399 974 1450 τούτοις
995 1401 1110 1443 οἵτε
1137 1400 1399 1468 μηλοφόροι,
1421 1401 1442 1425 *
1470 1403 1564 1447 ταῖς
1585 1414 1656 1439 αν-

276 1458 554 1528 δραγαθίαις
566 1456 640 1499 καὶ
666 1456 821 1498 πολλοὶ
850 1456 959 1499 κατὰ
991 1457 1040 1499 τὸ
1067 1461 1254 1512 πληθος,
1284 1456 1394 1510 πρός
1413 1456 1458 1499 δὲ
1480 1453 1656 1504 τούτοις

275 1514 458 1570 Μάρδοι
486 1513 560 1556 καὶ
591 1515 828 1564 Κοσσαῖοι,
867 1518 960 1563 ταῖς
989 1529 1033 1556 τε
1062 1530 1150 1556 των
1180 1512 1393 1567 σωμάτων
1421 1512 1658 1566 ὑπεροχαῖς

277 1572 353 1616 καὶ
380 1576 476 1621 ταῖς
506 1569 781 1624 λαμπρότησι
820 1573 909 1611 τῶν
948 1574 1102 1625 ψυχῶν
1131 1569 1467 1625 θαυμαζόμενοι
1529 1579 1657 1623 συνη

279 1629 516 1699 γωνίζοντο
547 1626 592 1669 δὲ
621 1625 794 1677 τούτοις
825 1627 938 1668 οἵτε
969 1628 1066 1680 περὶ
1093 1627 1145 1669 τὰ
1183 1629 1379 1681 βασίλεια
1410 1628 1659 1684 διατρίβον-

197 1688 251 1728 70
282 1702 350 1736 τες
385 1685 460 1728 καὶ
495 1687 585 1727 τῶν
611 1680 763 1725 Ἰνδῶν
796 1684 839 1725 οἱ
867 1681 1090 1736 κράτιστοι
1119 1682 1216 1726 κατ’
1249 1682 1471 1736 ἀνδρείαν.
1535 1685 1659 1724 οὑτοι

280 1758 359 1799 μεν
395 1743 480 1787 οὐν
518 1755 624 1796 μετα
660 1742 821 1796 πολλῆς
850 1742 957 1797 βοῆς
986 1738 1290 1797 ἐπιρράξαντες
1320 1744 1410 1790 τοῖς
1439 1739 1663 1794 πολεμίοις

282 1934 340 1969 40.
387 1931 600 1987 φερόμενα]
631 1931 714 1966 libni
737 1931 783 1966 τοὶ
807 1931 996 1978 φερόμενα
1157 1933 1214 1967 41.
1264 1907 1538 1977 συνηκοντίσθη
1563 1932 1662 1966 TXY

283 1982 367 2016 Bas.
380 2006 389 2023 ,
423 1979 550 2014 caeteri
572 1980 815 2036 διηκοντίσθη
1022 1979 1079 2014 43.
1126 1978 1319 2037 χρώμενα]
1363 1978 1574 2023 χρησάμενα
1598 1980 1663 2012 ΧΥ

284 2029 369 2062 Bas.
570 2022 617 2070 ἦν
643 2038 710 2059 om.
738 2025 818 2059 Bm.
1021 2027 1077 2060 46.
1124 2039 1167 2069 με
1155 2026 1212 2069 ν]
1240 2025 1350 2069 ὤμων
1376 2027 1405 2058 F
1605 2024 1664 2059 48.

281 2070 586 2117 παρασύρεσθαι]
617 2071 792 2128 αἴρεσθαι
816 2072 845 2105 F
868 2074 902 2107 et
925 2072 962 2106 in
981 2071 1141 2118 margine
1165 2085 1221 2118 γρ.
1242 2069 1527 2117 παρασύρεσθαι

606 2116 654 2162 ἠν
700 2130 748 2161 ἠν

283 2164 341 2200 49-
389 2160 457 2208 τήν
479 2163 566 2209 γῆν]
593 2166 658 2209 τῆς
672 2164 747 2209 γῆς
770 2164 799 2198 F

376 2233 456 2266 206.
488 2231 545 2268 51.
591 2230 919 2277 ἅναρῤηττόντων]
952 2230 1256 2276 οἷναριπτούντων
1278 2233 1325 2274 Ia,
1362 2229 1666 2275 οἷναρριπτόντων

286 2280 334 2319 F:
359 2283 533 2314 structura
552 2280 696 2334 requirit
714 2285 873 2313 monente
883 2280 1112 2325 Wesselingio
1133 2278 1336 2336 (Ξναρρήττε
1324 2281 1431 2313 σθαι
1451 2285 1484 2311 et
1501 2277 1669 2322 ἐπιφέρε-

289 2328 381 2359 σθαι
552 2326 610 2360 53-
660 2339 709 2365 ως
734 2323 772 2359 δ’
797 2338 866 2359 om.
893 2327 923 2359 F
1093 2325 1150 2360 5⁴.
1197 2328 1314 2368 τόξων
1343 2326 1404 2360 καὶ
1430 2325 1669 2368 σφενδονων]

287 2371 451 2413 τοξοτων
476 2369 536 2405 καὶ
561 2373 826 2415 σφενδονητων
851 2372 909 2404 FL
1092 2371 1148 2405 55.
1199 2371 1266 2415 τοὶ]
1293 2368 1339 2406 τοὶ
1363 2370 1429 2416 μὲν
1455 2372 1483 2403 F

288 2416 557 2474 παρανήλωτο]
584 2418 848 2452 κατανάλωσαν
872 2419 916 2461 Ω;
942 2417 1206 2461 κατηναλωσαν
1230 2420 1260 2452 F
1443 2413 1550 2460 πρός]
1575 2415 1668 2459 πρὸς

290 2461 331 2498 δὲ
356 2464 387 2496 F
582 2463 637 2497 56.
685 2465 858 2508 πρωτον]
894 2463 1051 2506 πρώτων
1076 2464 1107 2506 Q
1300 2463 1357 2498 61.
1405 2464 1567 2507 χιλίους]
1600 2476 1668 2507 μυ-

291 2510 397 2554 ρίους
420 2510 647 2553 suprascribit
669 2511 699 2545 F
881 2510 938 2544 64.
984 2506 1225 2567 μηλοφόροι]
1259 2508 1498 2554 μισθοφόροι
1520 2510 1580 2543 FI.

1079 2554 1122 2590 ὸν

289 2600 347 2635 63.
395 2596 460 2633 εντ’
495 2597 611 2635 αὐτὸν
645 2600 885 2656 φερομένων]
917 2597 980 2636 ἐπ’
1014 2600 1115 2647 αύτῶ
1149 2600 1354 2645 ἐρχομένων
1377 2601 1407 2635 F
1612 2600 1671 2635 65.

290 2646 419 2681 πολλοὶ
436 2651 519 2700 ’post
539 2645 750 2691 μηλοφόροι
772 2650 903 2691 ponunt
933 2647 1014 2681 libri
1040 2651 1176 2691 praeter
1199 2650 1277 2682 Bas.
1284 2674 1293 2692 ,
1318 2646 1460 2690 quicum
1480 2646 1578 2691 posui
1593 2652 1672 2682 ante

290 2691 403 2728 κατὰε
435 2692 507 2725 iam
532 2697 646 2726 aute-n
672 2693 779 2738 prinus
804 2694 880 2727 loco
904 2694 999 2727 deest
1023 2693 1204 2731 ἐπίλεκτοι
1225 2695 1281 2728 vel
1305 2695 1376 2728 tale
1399 2693 1481 2736 qnid

290 2739 349 2774 66.
397 2740 578 2774 Κοσσαῖοι
599 2740 672 2783 FL,
698 2740 828 2774 caeteri
850 2741 1026 2776 Κισσαῖοι
1205 2741 1264 2775 71.
1310 2738 1570 2786 ἐπιῤῥήξαντες
1599 2738 1629 2772 F
