1820 3249
331 145 444 188 1⁰5⁰
755 143 872 186 LIB.
903 144 1014 187 XVI.
1074 145 1206 187 CAP.
1233 150 1272 188 9.

274 260 303 298 9
442 253 537 299 Ἐπ’
565 255 773 327 α’ρχοντος
799 257 883 312 γὰρ
908 255 1142 328 Ἀθήνησιν
1158 257 1479 327 Ἀγαθοκλέους
1496 256 1703 311 Ῥωμαῖοι

331 312 596 385 κατέστησαν
626 312 820 364 ὑπάτους
850 315 1042 370 Μάρκον
1072 315 1244 368 Φάβιον
1271 316 1345 358 καὶ
1375 314 1515 358 Γάϊον
1546 300 1703 370 ΙῘοιτη-

246 375 301 416 65
331 375 440 414 λιον.
509 370 581 414 ἐπὶ
619 371 666 414 δὲ
706 370 875 413 τούτων
907 373 1030 415 Δίων
1068 372 1091 415 ὁ
1124 372 1380 425 Ιππαρίνου
1419 372 1704 415 κατέπλευσεν
1722 376 1765 409 89

329 429 390 478 εἰς
419 427 500 484 τὴν
529 428 738 470 Σικελίαν
776 427 1034 472 καταλύσων
1064 428 1144 498 τήν
1176 431 1419 472 Διονυσίου
1448 430 1704 498 τυραννίδα.

326 485 568 540 ἐλαχίσταις
599 484 645 526 δὲ
673 487 762 526 τῶν
790 484 876 538 πρὸ
908 484 1046 529 αὐτοῦ
1074 484 1252 529 πάντων
1280 485 1551 541 χρησάμενος
1567 483 1705 555 ἀφορ-

325 546 429 598 μαῖς
456 542 661 611 μεγίστην
691 542 951 585 δυναστείαν
979 547 1067 586 τῶν
1096 543 1206 586 κατοὶ
1237 543 1318 598 τήν
1338 542 1558 597 Εὐρώπην
1583 542 1704 585 κατέ-

325 603 458 642 λυσεν
487 597 763 648 ἀνελπίστως
806 600 870 650 τίς
889 616 972 653 γαρ
993 599 1047 642 ἂν
1074 599 1341 643 πιστεύσειεν
1370 599 1438 643 ὅτι
1467 599 1568 642 δυσὶ
1597 615 1703 654 φορ-

241 661 297 701 70
325 659 473 725 τηγοῖς
519 654 652 698 ναυσὶ
690 656 990 707 καταπλεύσας
1026 658 1291 713 περιεγένετο
1333 655 1558 700 δυνάστου
1595 660 1706 706 ναῦς

323 714 403 768 μὲν
432 711 600 782 μακρὰς
631 711 805 766 ἔχοντος
835 716 1133 767 τετρακοσίας,
1178 713 1442 768 στρατιώτας
1472 713 1518 756 δε
1550 713 1707 766 πεζοὺς

322 785 402 824 μεν
433 769 492 818 εἰς
523 767 626 811 δέκα
655 767 887 822 μυριάδας,
919 772 1063 821 ἱππεῖς
1092 771 1138 814 δὲ
1167 773 1381 839 μυρίους,
1399 769 1544 814 ὅπλων
1566 770 1612 813 δὲ
1630 769 1706 812 καὶ

324 827 450 869 σίτου
490 825 565 868 καὶ
604 824 839 896 χρημάτων
878 826 1096 883 τοσαύτην
1132 826 1415 883 παρασκευὴν
1445 827 1561 882 ὅσην
1590 826 1705 876 εἰκὸς

322 885 378 938 ἡν
418 886 655 937 κεκτῆσθαι
695 882 773 925 τὸν
820 883 1032 938 μέλλοντα
1074 884 1336 954 χορηγήσειν
1378 886 1571 934 δαψιλῶς
1610 888 1705 933 ταῖς

239 942 295 984 75
325 939 664 1012 προειρημέναις
695 938 918 995 δυνάμεσι,
948 941 1079 996 χωρὶς
1110 941 1155 984 δὲ
1184 945 1274 984 τῶν
1304 940 1546 1011 εἰρημένων
1575 940 1705 983 πόλιν

325 1013 413 1066 μεν
444 996 596 1052 εχοντα
634 998 837 1052 μεγίστην
874 1002 963 1040 τῶν
999 997 1292 1053 Ελληνίδων,
1340 997 1540 1052 λιμένας
1557 997 1603 1040 δὲ
1632 996 1706 1069 καὶ

325 1051 490 1107 νεώρια
518 1053 591 1096 καὶ
624 1055 1026 1109 κατεσκευασμένας
1055 1054 1319 1107 ακροπόλεις
1345 1053 1611 1105 άναλώτους,
1646 1054 1707 1096 ἔτι

328 1111 374 1154 δὲ
406 1109 643 1165 συμμάχων
672 1111 919 1153 δυνατῶν’
905 1128 1070 1167 εχοντα
1088 1116 1279 1166 πλῆθος;
1319 1113 1434 1154 αἰτία
1466 1109 1507 1155 δ’
1539 1111 1707 1166 ὑπῆρχε

245 1174 300 1214 80
329 1171 390 1225 τῷ
420 1169 561 1210 Δίωνι
590 1171 678 1209 τῶν
706 1168 1047 1238 προτερημάτων
1087 1168 1272 1223 μάλιστα
1301 1168 1381 1222 μὲν
1417 1186 1444 1223 η
1482 1170 1571 1211 ἰδία
1601 1173 1707 1220 λαμ-

325 1223 491 1293 πρότης
521 1227 596 1279 τῆς
624 1227 787 1292 ψυχης
797 1226 872 1267 καὶ
897 1223 1076 1279 ἀνδρεία
1106 1226 1191 1268 καὶ
1179 1224 1228 1295 ἡ
1251 1229 1338 1268 τῶν
1358 1225 1706 1279 ἐλευθεροῦσθαί

325 1282 574 1337 μελλόντων
603 1279 776 1332 εὔνοια,
808 1280 857 1324 τό
889 1281 935 1324 δὲ
963 1281 1134 1325 τούτων
1164 1281 1374 1325 απάντων
1403 1286 1570 1337 μεῖζον,
1603 1281 1633 1337 ἥ
1661 1297 1707 1324 τε

326 1338 545 1392 ἀνανδρία
574 1341 654 1380 τοῦ
683 1338 910 1391 τυράννου
939 1355 1013 1382 και
1042 1338 1091 1382 τὸ
1122 1343 1209 1382 τῶν
1228 1338 1481 1410 ἀρχομένων
1497 1338 1613 1393 πρὸς
1630 1337 1706 1380 αύ-

324 1395 402 1440 τὸν
431 1400 587 1450 μῖσος.
630 1392 772 1437 πάντα
810 1394 892 1450 γὰρ
929 1400 1067 1439 ταῦτα
1095 1395 1202 1449 πρὸς
1231 1395 1308 1439 ε’να
1336 1395 1495 1450 καιρὸν
1522 1397 1708 1466 συνδρα-

241 1454 296 1496 85
327 1452 466 1524 μόντα
493 1449 776 1504 παραδόξως
785 1468 869 1502 τας
899 1451 1221 1508 απιστουμένας
1245 1451 1420 1506 πράξεις
1449 1453 1559 1507 πρὸς
1587 1452 1708 1502 τέλος

324 1509 498 1566 ἤγαγεν.
549 1506 682 1578 ἡμεῖς
713 1506 761 1551 6'
793 1506 1013 1579 ἀφέμενοι
1033 1509 1206 1553 τούτων
1235 1514 1324 1553 τῶν
1353 1510 1498 1565 λόγων
1525 1509 1597 1552 επὶ
1625 1525 1708 1564 την

327 1564 591 1634 ἀναγραφὴν
630 1569 744 1610 τῶν
758 1565 870 1610 κατα
916 1568 1050 1621 μέρος
1088 1566 1404 1623 πεπραγμένων
1445 1566 1707 1621 τρεψόμεθα.

325 1626 449 1667 Δίων
486 1639 570 1678 γαρ
621 1621 668 1664 έκ
706 1621 948 1666 Ζακύνθου
985 1628 1061 1680 τῆς
1099 1625 1209 1677 πρὸς
1251 1625 1579 1694 Κεφαλληνίαν
1606 1623 1707 1666 δυσὶ

238 1689 293 1729 90
324 1681 503 1749 φορτίσι
539 1679 697 1722 ναυσὶν
733 1678 911 1750 αναχθεὶ
913 1698 939 1731 ς
978 1680 1239 1724 κατέπλευσε
1269 1685 1345 1736 τῆς
1369 1679 1708 1750 Ἀκραγαντίνης

323 1741 383 1789 εἰς
413 1737 492 1794 τὴν
523 1734 849 1792 ὀνομαζομένην
872 1737 1077 1795 Μινῴαν.
1129 1737 1237 1793 αὕτη
1263 1737 1308 1780 δε
1327 1737 1377 1780 vo*
1408 1753 1487 1792 μεν
1515 1736 1708 1780 παλαιὸν

322 1795 410 1839 υπὸ
454 1795 639 1842 Μίνωος
683 1794 858 1849 ἐκτίσθη
897 1799 978 1838 τοῦ
1020 1795 1229 1863 βασιλέως
1260 1797 1471 1865 Κρητῶν,
1513 1793 1625 1837 καθ’
1654 1792 1708 1836 ὃν

322 1851 483 1906 καιρὸν
516 1854 651 1905 ζητων
691 1852 919 1894 Δαίδαλον
949 1850 1194 1921 ἐπεξενώθη
1225 1851 1421 1921 Κωκάλῳ
1451 1854 1511 1906 τῷ
1542 1854 1712 1921 βασιλεῖ

322 1913 411 1952 τῶν
441 1910 677 1951 Σικανων·
731 1925 842 1952 κατα
884 1908 930 1951 δὲ
970 1908 1075 1959 τούς
1113 1907 1431 1963 ὑποκειμένους
1469 1924 1651 1960 καιρους
1679 1925 1708 1963 η

239 1968 295 2011 95
326 1967 405 2036 μὲν
433 1964 560 2014 πόλις
592 1962 720 2034 αὕτη
733 1970 825 2015 τοῖς
854 1967 1176 2021 Καρχηδονίοις
1203 1964 1450 2035 ὑπήκουεν,
1492 1962 1516 2007 6
1549 1964 1590 2008 δ’
1623 1965 1708 2007 ἐπι-

326 2021 483 2077 στάτης
517 2019 664 2075 αὐτῆς,
696 2019 837 2077 ὄνομα
869 2025 1096 2077 Πάραλος,
1127 2024 1257 2077 φίλος
1288 2021 1350 2065 ὢν
1378 2024 1565 2072 Δίωνος,
1596 2036 1708 2077 προ-

326 2080 481 2135 θύμως
509 2077 744 2129 ὑπεδέξατο
776 2078 928 2122 αὐτόν.
988 2080 1012 2122 ὁ
1042 2080 1090 2123 δὲ
1120 2081 1242 2122 Δίων
1271 2079 1521 2133 εξελόμενος
1551 2079 1597 2122 ἐκ
1619 2082 1729 2120 των

324 2139 556 2207 φορτηγῶν
593 2138 837 2186 πανοπλίας
873 2138 1212 2192 πεντακιςχιλίας
1250 2140 1310 2193 τῷ
1348 2135 1540 2192 Παράλῳ
1580 2136 1708 2188 παρέ-

216 2203 297 2242 100
327 2197 453 2246 δωκε,
487 2192 560 2236 καὶ
589 2192 883 2248 παρεκάλεσεν
916 2193 1054 2237 αυτὸν
1076 2193 1257 2251 ἁμάξαις
1276 2195 1576 2249 παρακομίσαι
1596 2191 1729 2276 πρός,

323 2366 381 2401 64.
419 2363 619 2407 Ποιτήλιον
644 2359 934 2407 Rhodomannu‘s3
958 2368 997 2399 ut
1024 2365 1108 2399 citat
1124 2364 1285 2410 Pighius,
1311 2365 1484 2401 Πετίλιον
1508 2364 1540 2409 Q
1565 2365 1708 2408 CospuS,

326 2417 443 2446 caeter
445 2413 457 2445 i
486 2411 654 2446 Πόπλιον

417 2480 474 2514 89.
520 2481 578 2514 70.
628 2481 885 2538 τετρακοσίας]
926 2481 1134 2525 quingentas
1157 2480 1310 2537 cosqus:
1344 2480 1424 2513 vide
1451 2479 1708 2527 annotationem

459 2527 544 2561 71.
577 2525 804 2569 στρατιώτας
824 2526 862 2563 δε
886 2526 1032 2570 πεζούς]
1056 2522 1188 2567 πεζους
1212 2525 1252 2560 δε
1277 2524 1502 2568 στρατιώτας
1512 2522 1585 2558 FL
1610 2525 1691 2557 Bas.
1685 2548 1706 2568 .,

328 2575 416 2608 haec
439 2573 578 2615 quidem
604 2573 709 2606 omiss
712 2585 732 2606 ο
755 2572 822 2616 μὲν
1004 2573 1061 2606 73.
1110 2568 1179 2617 ἦν]
1205 2570 1277 2607 ἐστὶ
1303 2573 1334 2615 Q
1520 2571 1577 2605 87.
1624 2583 1709 2613 τρε-

328 2619 512 2666 ψόμεθα]
536 2618 762 2662 τρεψωμεθα
787 2621 849 2654 FL
1033 2619 1090 2653 88.
1145 2617 1369 2662 Ζακύνθου]
1409 2619 1600 2652 Ζακίνθου
1625 2619 1709 2650 Bas.

516 2667 756 2720 Κεφαληνίας
778 2668 808 2700 F
990 2664 1068 2698 90.
1095 2665 1278 2712 ΙὶῙινςόαν]
1317 2667 1476 2700 Μίνωαν
1501 2675 1619 2698 omnes

420 2711 477 2746 95.
502 2708 712 2755 υπήκουσεν
735 2724 871 2746 omncs:
888 2711 1027 2746 oon-exi
1052 2723 1092 2744 ex
1117 2702 1236 2745 Gemi*
1231 2716 1273 2745 to
1413 2709 1450 2746 δ’
1474 2711 1504 2744 F
1649 2708 1706 2742 96.

327 2760 386 2796 98.
416 2757 604 2802 Πάραλος]
632 2758 804 2798 Σύναλος
828 2761 879 2791 est
900 2770 966 2792 non
990 2758 1103 2792 s61um
1126 2759 1315 2794 Plutarcho
1339 2758 1397 2794 sed
1420 2757 1527 2794 etiam
1552 2755 1708 2790 Gemisto

467 2805 524 2840 97.
575 2800 719 2850 αὐτόν]
751 2802 889 2847 αὐτούς
913 2805 945 2850 Q
969 2805 1051 2840 Bas.
