<?xml version="1.0" encoding="UTF-8"?>
<!DOCTYPE html PUBLIC "-//W3C//DTD XHTML 1.0 Transitional//EN"
    "http://www.w3.org/TR/xhtml1/DTD/xhtml1-transitional.dtd">
<html xmlns="http://www.w3.org/1999/xhtml" xml:lang="en" lang="en">
 <head>
  <title>
</title>
<meta http-equiv="Content-Type" content="text/html;charset=utf-8" />
  <meta name='ocr-system' content='tesseract 3.04.00' />
  <meta name='ocr-capabilities' content='ocr_page ocr_carea ocr_par ocr_line ocrx_word'/>
</head>
<body>
  <div class='ocr_page' id='page_1' title='image "./p1bibliothecahisto02dioduoft/p1bibliothecahisto02dioduoft_0350.png"; bbox 0 0 1820 3249; ppageno 0'>
   <div class='ocr_carea' id='block_1_1' title="bbox 273 155 1292 207">
    <p class='ocr_par' dir='ltr' id='par_1_1' title="bbox 273 155 1292 207">
     <span class='ocr_line' id='line_1_1' title="bbox 273 155 1292 207; baseline 0.006 -14"><span class='ocrx_word' id='word_1_1' title='bbox 273 166 384 207; x_wconf 71' lang='lat'>1266</span> <span class='ocrx_word' id='word_1_2' title='bbox 621 157 736 199; x_wconf 68' lang='lat' dir='ltr'><strong>Llffl.</strong></span> <span class='ocrx_word' id='word_1_3' title='bbox 766 155 912 198; x_wconf 79' lang='lat' dir='ltr'><strong>X.V1·11</strong></span> <span class='ocrx_word' id='word_1_4' title='bbox 969 155 1096 196; x_wconf 83' lang='lat' dir='ltr'><em>CAP</em></span> <span class='ocrx_word' id='word_1_5' title='bbox 1126 158 1292 199; x_wconf 65' lang='lat'>1611.</span> 
     </span>
    </p>
   </div>
   <div class='ocr_carea' id='block_1_2' title="bbox 179 263 1727 2199">
    <p class='ocr_par' dir='ltr' id='par_1_2' title="bbox 179 263 1727 2199">
     <span class='ocr_line' id='line_1_2' title="bbox 273 263 1651 344; baseline -0.007 -23"><span class='ocrx_word' id='word_1_6' title='bbox 273 273 674 344; x_wconf 79' lang='grc' dir='ltr'><strong>σωματοποιοῦντες</strong></span> <span class='ocrx_word' id='word_1_7' title='bbox 704 268 916 340; x_wconf 71' lang='grc' dir='ltr'><em>ἔγραψαν</em></span> <span class='ocrx_word' id='word_1_8' title='bbox 925 263 1132 324; x_wconf 82' lang='grc' dir='ltr'><em>ψήφισμα</em></span> <span class='ocrx_word' id='word_1_9' title='bbox 1155 271 1230 324; x_wconf 83' lang='grc' dir='ltr'><em>τῆς</em></span> <span class='ocrx_word' id='word_1_10' title='bbox 1257 271 1420 340; x_wconf 80' lang='grc' dir='ltr'><strong>κοινῆς</strong></span> <span class='ocrx_word' id='word_1_11' title='bbox 1444 271 1533 311; x_wconf 75' lang='grc' dir='ltr'><em>τῶν</em></span> <span class='ocrx_word' id='word_1_12' title='bbox 1556 267 1651 311; x_wconf 78' lang='grc' dir='ltr'><em>Ἐλ-</em></span> 
     </span>
     <span class='ocr_line' id='line_1_3' title="bbox 272 324 1653 394; baseline -0.008 -17"><span class='ocrx_word' id='word_1_13' title='bbox 272 334 417 390; x_wconf 82' lang='grc' dir='ltr'><em>λήνων</em></span> <span class='ocrx_word' id='word_1_14' title='bbox 459 329 708 382; x_wconf 77' lang='grc' dir='ltr'><em>ἐλευθερίας</em></span> <span class='ocrx_word' id='word_1_15' title='bbox 752 325 992 381; x_wconf 79' lang='grc' dir='ltr'><em>φροντίσαι</em></span> <span class='ocrx_word' id='word_1_16' title='bbox 1027 325 1106 367; x_wconf 83' lang='grc' dir='ltr'><em>τὸν</em></span> <span class='ocrx_word' id='word_1_17' title='bbox 1137 327 1301 381; x_wconf 82' lang='grc' dir='ltr'><em>δῆμον,</em></span> <span class='ocrx_word' id='word_1_18' title='bbox 1351 325 1426 369; x_wconf 87' lang='grc' dir='ltr'><em>καὶ</em></span> <span class='ocrx_word' id='word_1_19' title='bbox 1453 324 1532 375; x_wconf 78' lang='grc' dir='ltr'><em>τοὶς</em></span> <span class='ocrx_word' id='word_1_20' title='bbox 1574 340 1653 394; x_wconf 84' lang='grc' dir='ltr'><em>μεν</em></span> 
     </span>
     <span class='ocr_line' id='line_1_4' title="bbox 275 380 1654 454; baseline -0.007 -22"><span class='ocrx_word' id='word_1_21' title='bbox 275 386 614 454; x_wconf 77' lang='grc' dir='ltr'><em>φρουρουμένας</em></span> <span class='ocrx_word' id='word_1_22' title='bbox 642 383 787 433; x_wconf 88' lang='grc' dir='ltr'><em>πόλεις</em></span> <span class='ocrx_word' id='word_1_23' title='bbox 816 382 1135 435; x_wconf 75' lang='grc' dir='ltr'><em>ἐλευθερῶσαι,</em></span> <span class='ocrx_word' id='word_1_24' title='bbox 1164 387 1276 433; x_wconf 83' lang='grc' dir='ltr'><em>ναῦς</em></span> <span class='ocrx_word' id='word_1_25' title='bbox 1306 383 1352 426; x_wconf 81' lang='grc' dir='ltr'><em>δὲ</em></span> <span class='ocrx_word' id='word_1_26' title='bbox 1380 380 1654 436; x_wconf 84' lang='grc' dir='ltr'><em>παρασκευά-</em></span> 
     </span>
     <span class='ocr_line' id='line_1_5' title="bbox 275 437 1655 510; baseline -0.009 -19"><span class='ocrx_word' id='word_1_27' title='bbox 275 460 348 491; x_wconf 87' lang='grc' dir='ltr'><em>σαι</em></span> <span class='ocrx_word' id='word_1_28' title='bbox 374 444 592 498; x_wconf 80' lang='grc' dir='ltr'><strong><em>τετρήρεις</em></strong></span> <span class='ocrx_word' id='word_1_29' title='bbox 622 441 700 510; x_wconf 75' lang='grc' dir='ltr'><em>μὲν</em></span> <span class='ocrx_word' id='word_1_30' title='bbox 727 437 1070 509; x_wconf 83' lang='grc' dir='ltr'><em>τετταράκοντα,</em></span> <span class='ocrx_word' id='word_1_31' title='bbox 1099 438 1289 493; x_wconf 80' lang='grc' dir='ltr'><strong><em>τριήρεις</em></strong></span> <span class='ocrx_word' id='word_1_32' title='bbox 1331 439 1376 482; x_wconf 90' lang='grc' dir='ltr'><em>δε</em></span> <span class='ocrx_word' id='word_1_33' title='bbox 1414 439 1655 509; x_wconf 82' lang='grc' dir='ltr'><em>διακοσίας,</em></span> 
     </span>
     <span class='ocr_line' id='line_1_6' title="bbox 193 493 1655 568; baseline -0.008 -19"><span class='ocrx_word' id='word_1_34' title='bbox 193 506 247 549; x_wconf 89' lang='grc'><em>85</em></span> <span class='ocrx_word' id='word_1_35' title='bbox 276 504 622 568; x_wconf 77' lang='grc' dir='ltr'><em>στρατεύσασθαι</em></span> <span class='ocrx_word' id='word_1_36' title='bbox 660 496 705 540; x_wconf 80' lang='grc' dir='ltr'><em>δὲ</em></span> <span class='ocrx_word' id='word_1_37' title='bbox 746 495 912 546; x_wconf 89' lang='grc' dir='ltr'><em>πάντας</em></span> <span class='ocrx_word' id='word_1_38' title='bbox 940 493 1199 564; x_wconf 82' lang='grc' dir='ltr'><em>Ἀθηναίους</em></span> <span class='ocrx_word' id='word_1_39' title='bbox 1236 495 1337 547; x_wconf 81' lang='grc' dir='ltr'><em>τούς</em></span> <span class='ocrx_word' id='word_1_40' title='bbox 1380 496 1504 552; x_wconf 84' lang='grc' dir='ltr'><em>μέχρι</em></span> <span class='ocrx_word' id='word_1_41' title='bbox 1547 495 1655 538; x_wconf 80' lang='grc' dir='ltr'><em>ἐτῶν</em></span> 
     </span>
     <span class='ocr_line' id='line_1_7' title="bbox 275 551 1657 623; baseline -0.007 -19"><span class='ocrx_word' id='word_1_42' title='bbox 275 557 623 623; x_wconf 83' lang='grc' dir='ltr'><em>τετταράκοντα,</em></span> <span class='ocrx_word' id='word_1_43' title='bbox 660 553 733 598; x_wconf 85' lang='grc' dir='ltr'><em>καὶ</em></span> <span class='ocrx_word' id='word_1_44' title='bbox 772 558 885 606; x_wconf 82' lang='grc' dir='ltr'><strong><em>τρεῖς</em></strong></span> <span class='ocrx_word' id='word_1_45' title='bbox 915 568 994 621; x_wconf 89' lang='grc' dir='ltr'><em>μεν</em></span> <span class='ocrx_word' id='word_1_46' title='bbox 1023 551 1169 620; x_wconf 87' lang='grc' dir='ltr'><em>φυλας</em></span> <span class='ocrx_word' id='word_1_47' title='bbox 1195 552 1275 608; x_wconf 81' lang='grc' dir='ltr'><em>τήν</em></span> <span class='ocrx_word' id='word_1_48' title='bbox 1301 551 1494 608; x_wconf 83' lang='grc' dir='ltr'><em>Ἀττικὴν</em></span> <span class='ocrx_word' id='word_1_49' title='bbox 1522 568 1657 606; x_wconf 87' lang='grc' dir='ltr'><em>παρα-</em></span> 
     </span>
     <span class='ocr_line' id='line_1_8' title="bbox 277 607 1659 688; baseline -0.007 -28"><span class='ocrx_word' id='word_1_50' title='bbox 277 615 558 688; x_wconf 80' lang='grc' dir='ltr'><em>φυλάττειν,</em></span> <span class='ocrx_word' id='word_1_51' title='bbox 576 611 652 662; x_wconf 85' lang='grc' dir='ltr'><em>τὰς</em></span> <span class='ocrx_word' id='word_1_52' title='bbox 686 609 728 654; x_wconf 85' lang='grc' dir='ltr'><em>δ’</em></span> <span class='ocrx_word' id='word_1_53' title='bbox 761 608 864 653; x_wconf 74' lang='grc' dir='ltr'><em>ἑπτα</em></span> <span class='ocrx_word' id='word_1_54' title='bbox 894 608 1004 664; x_wconf 85' lang='grc' dir='ltr'><em>πρὸς</em></span> <span class='ocrx_word' id='word_1_55' title='bbox 1035 608 1111 659; x_wconf 84' lang='grc' dir='ltr'><em>τὰς</em></span> <span class='ocrx_word' id='word_1_56' title='bbox 1140 607 1407 679; x_wconf 77' lang='grc' dir='ltr'><em>ὑπερορίους</em></span> <span class='ocrx_word' id='word_1_57' title='bbox 1437 611 1659 663; x_wconf 84' lang='grc' dir='ltr'><em>στρατείας</em></span> 
     </span>
     <span class='ocr_line' id='line_1_9' title="bbox 278 664 1658 727; baseline -0.007 -10"><span class='ocrx_word' id='word_1_58' title='bbox 278 674 478 727; x_wconf 77' lang='grc' dir='ltr'><em>ἑτοίμους</em></span> <span class='ocrx_word' id='word_1_59' title='bbox 519 674 641 713; x_wconf 84' lang='grc' dir='ltr'><em>εἰναι</em></span> <span class='ocrx_word' id='word_1_60' title='bbox 702 666 914 721; x_wconf 78' lang='grc' dir='ltr'><em>ἐκπέμψαι</em></span> <span class='ocrx_word' id='word_1_61' title='bbox 945 666 991 708; x_wconf 78' lang='grc' dir='ltr'><em>δὲ</em></span> <span class='ocrx_word' id='word_1_62' title='bbox 1020 666 1092 708; x_wconf 86' lang='grc' dir='ltr'><em>καὶ</em></span> <span class='ocrx_word' id='word_1_63' title='bbox 1121 664 1321 720; x_wconf 80' lang='grc' dir='ltr'><em>πρέσβεις</em></span> <span class='ocrx_word' id='word_1_64' title='bbox 1350 684 1453 717; x_wconf 86' lang='grc' dir='ltr'><em>τους</em></span> <span class='ocrx_word' id='word_1_65' title='bbox 1483 666 1658 709; x_wconf 62' lang='lat' dir='ltr'><em>{nsaw-</em></span> 
     </span>
     <span class='ocr_line' id='line_1_10' title="bbox 283 720 1662 799; baseline -0.007 -25"><span class='ocrx_word' id='word_1_66' title='bbox 283 729 499 799; x_wconf 83' lang='grc' dir='ltr'><em>σομένους</em></span> <span class='ocrx_word' id='word_1_67' title='bbox 538 725 616 776; x_wconf 84' lang='grc' dir='ltr'><em>τὰς</em></span> <span class='ocrx_word' id='word_1_68' title='bbox 646 723 894 795; x_wconf 85' lang='grc' dir='ltr'><em>Ελληνίδας</em></span> <span class='ocrx_word' id='word_1_69' title='bbox 931 720 1077 772; x_wconf 85' lang='grc' dir='ltr'><em>πόλεις</em></span> <span class='ocrx_word' id='word_1_70' title='bbox 1106 723 1177 765; x_wconf 86' lang='grc' dir='ltr'><em>καὶ</em></span> <span class='ocrx_word' id='word_1_71' title='bbox 1208 721 1462 775; x_wconf 74' lang='grc' dir='ltr'><em>διδάξοντας</em></span> <span class='ocrx_word' id='word_1_72' title='bbox 1492 722 1559 766; x_wconf 78' lang='grc' dir='ltr'><em>ὅτι</em></span> <span class='ocrx_word' id='word_1_73' title='bbox 1587 722 1662 765; x_wconf 84' lang='grc' dir='ltr'><em>καὶ</em></span> 
     </span>
     <span class='ocr_line' id='line_1_11' title="bbox 198 777 1662 840; baseline -0.005 -10"><span class='ocrx_word' id='word_1_74' title='bbox 198 790 254 830; x_wconf 86' lang='grc'><em>90</em></span> <span class='ocrx_word' id='word_1_75' title='bbox 284 786 500 840; x_wconf 87' lang='grc' dir='ltr'><em>πρότερον</em></span> <span class='ocrx_word' id='word_1_76' title='bbox 538 798 617 838; x_wconf 83' lang='grc' dir='ltr'><em>μεν</em></span> <span class='ocrx_word' id='word_1_77' title='bbox 656 780 679 824; x_wconf 90' lang='grc' dir='ltr'>ὁ</span> <span class='ocrx_word' id='word_1_78' title='bbox 716 783 850 835; x_wconf 79' lang='grc' dir='ltr'><em>δῆμος</em></span> <span class='ocrx_word' id='word_1_79' title='bbox 878 777 1171 847; x_wconf 82' lang='grc' dir='ltr'><em>τὴνἙλλάδα</em></span> <span class='ocrx_word' id='word_1_80' title='bbox 1190 783 1334 822; x_wconf 84' lang='grc' dir='ltr'><em>πᾶσαν</em></span> <span class='ocrx_word' id='word_1_81' title='bbox 1368 779 1520 836; x_wconf 79' lang='grc' dir='ltr'><em>κοινὴν</em></span> <span class='ocrx_word' id='word_1_82' title='bbox 1550 777 1662 822; x_wconf 79' lang='grc' dir='ltr'><em>εἶναι</em></span> 
     </span>
     <span class='ocr_line' id='line_1_12' title="bbox 278 834 1661 910; baseline -0.006 -23"><span class='ocrx_word' id='word_1_83' title='bbox 278 844 469 910; x_wconf 81' lang='grc' dir='ltr'><em>πατρίδα</em></span> <span class='ocrx_word' id='word_1_84' title='bbox 511 840 675 893; x_wconf 89' lang='grc' dir='ltr'><em>κρίνων</em></span> <span class='ocrx_word' id='word_1_85' title='bbox 714 842 802 879; x_wconf 78' lang='grc' dir='ltr'><em>τῶν</em></span> <span class='ocrx_word' id='word_1_86' title='bbox 837 834 1056 905; x_wconf 82' lang='grc' dir='ltr'><em>Ἑλλήνων</em></span> <span class='ocrx_word' id='word_1_87' title='bbox 1095 852 1198 886; x_wconf 84' lang='grc' dir='ltr'><em>τους</em></span> <span class='ocrx_word' id='word_1_88' title='bbox 1224 835 1292 879; x_wconf 79' lang='grc' dir='ltr'><em>ἐπὶ</em></span> <span class='ocrx_word' id='word_1_89' title='bbox 1323 839 1497 893; x_wconf 76' lang='grc' dir='ltr'><em>δουλεία</em></span> <span class='ocrx_word' id='word_1_90' title='bbox 1528 849 1661 890; x_wconf 87' lang='grc' dir='ltr'><em>στρα-</em></span> 
     </span>
     <span class='ocr_line' id='line_1_13' title="bbox 277 881 1663 962; baseline -0.006 -18"><span class='ocrx_word' id='word_1_91' title='bbox 277 897 569 954; x_wconf 81' lang='grc' dir='ltr'><em>τευσαμένους</em></span> <span class='ocrx_word' id='word_1_92' title='bbox 611 893 864 962; x_wconf 76' lang='grc' dir='ltr'><em>βαρβάρους</em></span> <span class='ocrx_word' id='word_1_93' title='bbox 905 889 1103 947; x_wconf 76' lang='grc' dir='ltr'><em>ἠμύνατο</em></span> <span class='ocrx_word' id='word_1_94' title='bbox 1148 892 1258 935; x_wconf 84' lang='grc' dir='ltr'><em>κατὰ</em></span> <span class='ocrx_word' id='word_1_95' title='bbox 1298 881 1541 941; x_wconf 82' lang='grc' dir='ltr'><em>θάλατταν,</em></span> <span class='ocrx_word' id='word_1_96' title='bbox 1588 892 1663 936; x_wconf 84' lang='grc' dir='ltr'><em>καὶ</em></span> 
     </span>
     <span class='ocr_line' id='line_1_14' title="bbox 277 948 1664 1017; baseline -0.006 -17"><span class='ocrx_word' id='word_1_97' title='bbox 277 961 364 1001; x_wconf 90' lang='grc' dir='ltr'><em>νῦν</em></span> <span class='ocrx_word' id='word_1_98' title='bbox 404 956 538 997; x_wconf 83' lang='grc' dir='ltr'><em>οἰέται</em></span> <span class='ocrx_word' id='word_1_99' title='bbox 579 953 669 994; x_wconf 84' lang='grc' dir='ltr'><em>δεῖν</em></span> <span class='ocrx_word' id='word_1_100' title='bbox 709 950 819 1005; x_wconf 75' lang='grc' dir='ltr'><em>νπὲρ</em></span> <span class='ocrx_word' id='word_1_101' title='bbox 860 952 936 1004; x_wconf 84' lang='grc' dir='ltr'><em>τῆς</em></span> <span class='ocrx_word' id='word_1_102' title='bbox 972 953 1124 1004; x_wconf 72' lang='grc' dir='ltr'><em>κοινῆς</em></span> <span class='ocrx_word' id='word_1_103' title='bbox 1162 953 1248 991; x_wconf 78' lang='grc' dir='ltr'><em>τῶν</em></span> <span class='ocrx_word' id='word_1_104' title='bbox 1271 948 1488 1005; x_wconf 83' lang='grc' dir='ltr'><em>Ελλήνων</em></span> <span class='ocrx_word' id='word_1_105' title='bbox 1521 960 1664 1017; x_wconf 89' lang='grc' dir='ltr'><em>σωτη-</em></span> 
     </span>
     <span class='ocr_line' id='line_1_15' title="bbox 282 1003 1665 1075; baseline -0.007 -19"><span class='ocrx_word' id='word_1_106' title='bbox 282 1015 378 1069; x_wconf 90' lang='grc' dir='ltr'><em>ριας</em></span> <span class='ocrx_word' id='word_1_107' title='bbox 407 1011 482 1054; x_wconf 80' lang='grc' dir='ltr'><em>καὶ</em></span> <span class='ocrx_word' id='word_1_108' title='bbox 511 1007 680 1063; x_wconf 87' lang='grc' dir='ltr'><em>σωμασι</em></span> <span class='ocrx_word' id='word_1_109' title='bbox 710 1008 782 1050; x_wconf 83' lang='grc' dir='ltr'><em>καὶ</em></span> <span class='ocrx_word' id='word_1_110' title='bbox 812 1005 1001 1062; x_wconf 85' lang='grc' dir='ltr'><em>χρήμασι</em></span> <span class='ocrx_word' id='word_1_111' title='bbox 1029 1007 1102 1049; x_wconf 84' lang='grc' dir='ltr'><em>καὶ</em></span> <span class='ocrx_word' id='word_1_112' title='bbox 1131 1007 1260 1049; x_wconf 88' lang='grc' dir='ltr'><em>ναυσὶ</em></span> <span class='ocrx_word' id='word_1_113' title='bbox 1289 1003 1665 1075; x_wconf 82' lang='grc' dir='ltr'><em>προκινδυνεύειν.</em></span> 
     </span>
     <span class='ocr_line' id='line_1_16' title="bbox 197 1061 1664 1130; baseline -0.005 -18"><span class='ocrx_word' id='word_1_114' title='bbox 197 1068 253 1112; x_wconf 88' lang='grc'><em>95</em></span> <span class='ocrx_word' id='word_1_115' title='bbox 283 1066 563 1123; x_wconf 78' lang='grc' dir='ltr'><em>κυρωθέντος</em></span> <span class='ocrx_word' id='word_1_116' title='bbox 601 1065 646 1108; x_wconf 91' lang='grc' dir='ltr'><em>δε</em></span> <span class='ocrx_word' id='word_1_117' title='bbox 679 1067 759 1121; x_wconf 84' lang='grc' dir='ltr'><em>τοῦ</em></span> <span class='ocrx_word' id='word_1_118' title='bbox 797 1065 1079 1130; x_wconf 81' lang='grc' dir='ltr'><em>ψηφίσματος</em></span> <span class='ocrx_word' id='word_1_119' title='bbox 1108 1064 1444 1118; x_wconf 82' lang='grc' dir='ltr'><em>προχειρότερον</em></span> <span class='ocrx_word' id='word_1_120' title='bbox 1472 1062 1501 1118; x_wconf 75' lang='grc' dir='ltr'><em>ἢ</em></span> <span class='ocrx_word' id='word_1_121' title='bbox 1530 1061 1664 1105; x_wconf 85' lang='grc' dir='ltr'><em>συνέ-</em></span> 
     </span>
     <span class='ocr_line' id='line_1_17' title="bbox 282 1117 1666 1189; baseline -0.006 -20"><span class='ocrx_word' id='word_1_122' title='bbox 282 1141 440 1184; x_wconf 87' lang='grc' dir='ltr'><em>φερεν,</em></span> <span class='ocrx_word' id='word_1_123' title='bbox 493 1139 536 1166; x_wconf 92' lang='grc' dir='ltr'><em>οι</em></span> <span class='ocrx_word' id='word_1_124' title='bbox 564 1138 643 1177; x_wconf 88' lang='grc' dir='ltr'><em>μεν</em></span> <span class='ocrx_word' id='word_1_125' title='bbox 673 1117 843 1163; x_wconf 79' lang='grc' dir='ltr'><em>συνέσει</em></span> <span class='ocrx_word' id='word_1_126' title='bbox 874 1119 1158 1174; x_wconf 81' lang='grc' dir='ltr'><em>διαφέροντες</em></span> <span class='ocrx_word' id='word_1_127' title='bbox 1185 1125 1276 1162; x_wconf 79' lang='grc' dir='ltr'><em>τῶν</em></span> <span class='ocrx_word' id='word_1_128' title='bbox 1299 1119 1519 1189; x_wconf 77' lang='grc' dir='ltr'><em>Ελλήνων</em></span> <span class='ocrx_word' id='word_1_129' title='bbox 1549 1120 1666 1174; x_wconf 87' lang='grc' dir='ltr'><em>ε’φα-</em></span> 
     </span>
     <span class='ocr_line' id='line_1_18' title="bbox 284 1175 1666 1234; baseline -0.007 -7"><span class='ocrx_word' id='word_1_130' title='bbox 284 1195 367 1227; x_wconf 86' lang='grc' dir='ltr'><em>σαν</em></span> <span class='ocrx_word' id='word_1_131' title='bbox 401 1180 480 1224; x_wconf 82' lang='grc' dir='ltr'><em>τόν</em></span> <span class='ocrx_word' id='word_1_132' title='bbox 518 1181 660 1234; x_wconf 82' lang='grc' dir='ltr'><em>δῆμον</em></span> <span class='ocrx_word' id='word_1_133' title='bbox 699 1194 788 1221; x_wconf 92' lang='grc' dir='ltr'><em>των</em></span> <span class='ocrx_word' id='word_1_134' title='bbox 824 1175 1070 1232; x_wconf 86' lang='grc' dir='ltr'><em>Ἀθηναίων</em></span> <span class='ocrx_word' id='word_1_135' title='bbox 1107 1176 1159 1220; x_wconf 80' lang='grc' dir='ltr'><em>τὰ</em></span> <span class='ocrx_word' id='word_1_136' title='bbox 1203 1177 1280 1231; x_wconf 76' lang='grc' dir='ltr'><em>μὲν</em></span> <span class='ocrx_word' id='word_1_137' title='bbox 1321 1176 1434 1230; x_wconf 83' lang='grc' dir='ltr'><em>πρός</em></span> <span class='ocrx_word' id='word_1_138' title='bbox 1463 1175 1666 1228; x_wconf 77' lang='grc' dir='ltr'><em>εὐδοξίαν</em></span> 
     </span>
     <span class='ocr_line' id='line_1_19' title="bbox 283 1232 1665 1310; baseline -0.006 -27"><span class='ocrx_word' id='word_1_139' title='bbox 283 1236 334 1284; x_wconf 82' lang='grc' dir='ltr'><em>εὗ</em></span> <span class='ocrx_word' id='word_1_140' title='bbox 374 1239 721 1310; x_wconf 82' lang='grc' dir='ltr'><em>βεβουλεῦσθαι,</em></span> <span class='ocrx_word' id='word_1_141' title='bbox 762 1237 842 1277; x_wconf 85' lang='grc' dir='ltr'><em>τοῦ</em></span> <span class='ocrx_word' id='word_1_142' title='bbox 874 1234 922 1276; x_wconf 86' lang='grc' dir='ltr'><em>δε</em></span> <span class='ocrx_word' id='word_1_143' title='bbox 967 1233 1274 1288; x_wconf 77' lang='grc' dir='ltr'><em>συμφέροντος</em></span> <span class='ocrx_word' id='word_1_144' title='bbox 1303 1232 1665 1303; x_wconf 81' lang='grc' dir='ltr'><em>διημαρτηκέναι·</em></span> 
     </span>
     <span class='ocr_line' id='line_1_20' title="bbox 286 1287 1669 1361; baseline -0.007 -20"><span class='ocrx_word' id='word_1_145' title='bbox 286 1294 683 1361; x_wconf 77' lang='grc' dir='ltr'><em>προεξανίστασθαι</em></span> <span class='ocrx_word' id='word_1_146' title='bbox 711 1291 794 1346; x_wconf 81' lang='grc' dir='ltr'><em>γὰρ</em></span> <span class='ocrx_word' id='word_1_147' title='bbox 826 1289 962 1334; x_wconf 82' lang='grc' dir='ltr'><em>αὐτὸν</em></span> <span class='ocrx_word' id='word_1_148' title='bbox 989 1294 1077 1334; x_wconf 76' lang='grc' dir='ltr'><em>τῶν</em></span> <span class='ocrx_word' id='word_1_149' title='bbox 1109 1306 1297 1343; x_wconf 88' lang='grc' dir='ltr'><em>καιρων,</em></span> <span class='ocrx_word' id='word_1_150' title='bbox 1339 1291 1412 1334; x_wconf 85' lang='grc' dir='ltr'><em>καὶ</em></span> <span class='ocrx_word' id='word_1_151' title='bbox 1440 1289 1553 1343; x_wconf 80' lang='grc' dir='ltr'><em>πρὸς</em></span> <span class='ocrx_word' id='word_1_152' title='bbox 1580 1287 1669 1331; x_wconf 80' lang='grc' dir='ltr'><em>ἀνι</em></span> 
     </span>
     <span class='ocr_line' id='line_1_21' title="bbox 179 1344 1670 1418; baseline -0.003 -25"><span class='ocrx_word' id='word_1_153' title='bbox 179 1353 258 1393; x_wconf 89' lang='grc'><em>100</em></span> <span class='ocrx_word' id='word_1_154' title='bbox 287 1352 450 1410; x_wconf 79' lang='grc' dir='ltr'><em>κήτους</em></span> <span class='ocrx_word' id='word_1_155' title='bbox 469 1350 541 1394; x_wconf 89' lang='grc' dir='ltr'><em>καὶ</em></span> <span class='ocrx_word' id='word_1_156' title='bbox 560 1347 745 1404; x_wconf 81' lang='grc' dir='ltr'><em>μεγάλας</em></span> <span class='ocrx_word' id='word_1_157' title='bbox 768 1346 974 1402; x_wconf 83' lang='grc' dir='ltr'><em>δυνάμεις</em></span> <span class='ocrx_word' id='word_1_158' title='bbox 995 1346 1303 1418; x_wconf 81' lang='grc' dir='ltr'><em>ἐπιβάλλεσθαι</em></span> <span class='ocrx_word' id='word_1_159' title='bbox 1322 1344 1670 1390; x_wconf 82' lang='grc' dir='ltr'><em>διακινδυνεύειν</em></span> 
     </span>
     <span class='ocr_line' id='line_1_22' title="bbox 290 1403 1672 1478; baseline -0.006 -26"><span class='ocrx_word' id='word_1_160' title='bbox 290 1411 500 1478; x_wconf 82' lang='grc' dir='ltr'><em>μηδεμιᾶς</em></span> <span class='ocrx_word' id='word_1_161' title='bbox 527 1405 719 1474; x_wconf 74' lang='grc' dir='ltr'><em>ἀνάγκης</em></span> <span class='ocrx_word' id='word_1_162' title='bbox 744 1404 1097 1473; x_wconf 79' lang='grc' dir='ltr'><em>κατεπειγούσης,</em></span> <span class='ocrx_word' id='word_1_163' title='bbox 1123 1403 1195 1447; x_wconf 86' lang='grc' dir='ltr'><em>καὶ</em></span> <span class='ocrx_word' id='word_1_164' title='bbox 1217 1403 1429 1460; x_wconf 83' lang='grc' dir='ltr'><em>φρονήσει</em></span> <span class='ocrx_word' id='word_1_165' title='bbox 1451 1406 1672 1447; x_wconf 83' lang='grc' dir='ltr'><em>δοκοῦντα</em></span> 
     </span>
     <span class='ocr_line' id='line_1_23' title="bbox 294 1460 1675 1530; baseline -0.007 -19"><span class='ocrx_word' id='word_1_166' title='bbox 294 1465 522 1521; x_wconf 80' lang='grc' dir='ltr'><em>διαφέρειν</em></span> <span class='ocrx_word' id='word_1_167' title='bbox 560 1460 667 1518; x_wconf 83' lang='grc' dir='ltr'><em>μηὸε</em></span> <span class='ocrx_word' id='word_1_168' title='bbox 707 1466 799 1512; x_wconf 80' lang='grc' dir='ltr'><em>ταῖς</em></span> <span class='ocrx_word' id='word_1_169' title='bbox 837 1460 1112 1530; x_wconf 83' lang='grc' dir='ltr'><em>περιβοήτοις</em></span> <span class='ocrx_word' id='word_1_170' title='bbox 1139 1476 1228 1504; x_wconf 92' lang='grc' dir='ltr'><em>των</em></span> <span class='ocrx_word' id='word_1_171' title='bbox 1261 1463 1464 1517; x_wconf 86' lang='grc' dir='ltr'><em>Θηβαίων</em></span> <span class='ocrx_word' id='word_1_172' title='bbox 1493 1471 1675 1530; x_wconf 80' lang='grc' dir='ltr'><em>συμφο-</em></span> 
     </span>
     <span class='ocr_line' id='line_1_24' title="bbox 296 1515 1675 1585; baseline -0.005 -20"><span class='ocrx_word' id='word_1_173' title='bbox 296 1528 397 1578; x_wconf 90' lang='grc' dir='ltr'><em>ραῖς</em></span> <span class='ocrx_word' id='word_1_174' title='bbox 425 1522 785 1585; x_wconf 78' lang='grc' dir='ltr'><em>νενουθετῆσθαι.</em></span> <span class='ocrx_word' id='word_1_175' title='bbox 846 1533 900 1572; x_wconf 82' lang='grc' dir='ltr'><em>ου</em></span> <span class='ocrx_word' id='word_1_176' title='bbox 941 1518 1028 1573; x_wconf 80' lang='grc' dir='ltr'><em>μήν</em></span> <span class='ocrx_word' id='word_1_177' title='bbox 1067 1515 1174 1560; x_wconf 75' lang='grc' dir='ltr'><em>ἀλλὰ</em></span> <span class='ocrx_word' id='word_1_178' title='bbox 1215 1535 1303 1561; x_wconf 87' lang='grc' dir='ltr'><em>των</em></span> <span class='ocrx_word' id='word_1_179' title='bbox 1339 1518 1561 1572; x_wconf 83' lang='grc' dir='ltr'><em>πρέσβεων</em></span> <span class='ocrx_word' id='word_1_180' title='bbox 1587 1516 1675 1559; x_wconf 80' lang='grc' dir='ltr'><em>ἐπι-</em></span> 
     </span>
     <span class='ocr_line' id='line_1_25' title="bbox 239 1573 1674 1644; baseline -0.008 -19"><span class='ocrx_word' id='word_1_181' title='bbox 239 1575 264 1617; x_wconf 87' lang='grc'><strong>5</strong></span> <span class='ocrx_word' id='word_1_182' title='bbox 293 1575 608 1634; x_wconf 84' lang='grc' dir='ltr'><em>πορευομένων</em></span> <span class='ocrx_word' id='word_1_183' title='bbox 625 1576 700 1626; x_wconf 86' lang='grc' dir='ltr'><em>τὰς</em></span> <span class='ocrx_word' id='word_1_184' title='bbox 721 1573 879 1624; x_wconf 86' lang='grc' dir='ltr'><em>πόλεις,</em></span> <span class='ocrx_word' id='word_1_185' title='bbox 911 1575 984 1616; x_wconf 84' lang='grc' dir='ltr'><em>καὶ</em></span> <span class='ocrx_word' id='word_1_186' title='bbox 1001 1578 1056 1644; x_wconf 79' lang='grc' dir='ltr'><em>τῇ</em></span> <span class='ocrx_word' id='word_1_187' title='bbox 1088 1574 1272 1643; x_wconf 88' lang='grc' dir='ltr'><em>συνήθει</em></span> <span class='ocrx_word' id='word_1_188' title='bbox 1299 1591 1388 1617; x_wconf 85' lang='grc' dir='ltr'><em>των</em></span> <span class='ocrx_word' id='word_1_189' title='bbox 1417 1573 1560 1629; x_wconf 74' lang='grc' dir='ltr'><em>λόγων</em></span> <span class='ocrx_word' id='word_1_190' title='bbox 1584 1575 1674 1616; x_wconf 86' lang='grc' dir='ltr'><em>δει-</em></span> 
     </span>
     <span class='ocr_line' id='line_1_26' title="bbox 293 1629 1674 1706; baseline -0.006 -26"><span class='ocrx_word' id='word_1_191' title='bbox 293 1635 441 1706; x_wconf 88' lang='grc' dir='ltr'><em>νότητι</em></span> <span class='ocrx_word' id='word_1_192' title='bbox 469 1631 797 1702; x_wconf 85' lang='grc' dir='ltr'><em>παρορμώντων</em></span> <span class='ocrx_word' id='word_1_193' title='bbox 823 1630 937 1684; x_wconf 85' lang='grc' dir='ltr'><em>πρὸς</em></span> <span class='ocrx_word' id='word_1_194' title='bbox 966 1630 1043 1674; x_wconf 88' lang='grc' dir='ltr'><em>τὸν</em></span> <span class='ocrx_word' id='word_1_195' title='bbox 1071 1629 1296 1702; x_wconf 83' lang='grc' dir='ltr'><em>πόλεμον,</em></span> <span class='ocrx_word' id='word_1_196' title='bbox 1308 1633 1354 1674; x_wconf 84' lang='grc' dir='ltr'><em>αἱ</em></span> <span class='ocrx_word' id='word_1_197' title='bbox 1380 1635 1572 1674; x_wconf 86' lang='grc' dir='ltr'><em>πλεῖσται</em></span> <span class='ocrx_word' id='word_1_198' title='bbox 1594 1644 1674 1698; x_wconf 89' lang='grc' dir='ltr'><em>μεν</em></span> 
     </span>
     <span class='ocr_line' id='line_1_27' title="bbox 296 1685 1673 1758; baseline -0.007 -20"><span class='ocrx_word' id='word_1_199' title='bbox 296 1693 531 1738; x_wconf 82' lang='grc' dir='ltr'><em>συνέθεντο</em></span> <span class='ocrx_word' id='word_1_200' title='bbox 569 1689 649 1745; x_wconf 83' lang='grc' dir='ltr'><em>τὴν</em></span> <span class='ocrx_word' id='word_1_201' title='bbox 688 1690 952 1758; x_wconf 88' lang='grc' dir='ltr'><em>συμμαχίαν,</em></span> <span class='ocrx_word' id='word_1_202' title='bbox 998 1689 1042 1730; x_wconf 78' lang='grc' dir='ltr'><em>αἱ</em></span> <span class='ocrx_word' id='word_1_203' title='bbox 1085 1704 1163 1741; x_wconf 89' lang='grc' dir='ltr'><em>μεν</em></span> <span class='ocrx_word' id='word_1_204' title='bbox 1199 1685 1296 1731; x_wconf 87' lang='grc' dir='ltr'><em>κατ’</em></span> <span class='ocrx_word' id='word_1_205' title='bbox 1334 1687 1495 1738; x_wconf 90' lang='grc' dir='ltr'><em>ε’θνος,</em></span> <span class='ocrx_word' id='word_1_206' title='bbox 1543 1687 1589 1729; x_wconf 87' lang='grc' dir='ltr'><em>αἱ</em></span> <span class='ocrx_word' id='word_1_207' title='bbox 1626 1685 1673 1728; x_wconf 80' lang='grc' dir='ltr'><em>δὲ</em></span> 
     </span>
     <span class='ocr_line' id='line_1_28' title="bbox 211 1742 1672 1812; baseline -0.007 -17"><span class='ocrx_word' id='word_1_208' title='bbox 211 1747 266 1787; x_wconf 86' lang='lat'><em>11</em></span> <span class='ocrx_word' id='word_1_209' title='bbox 296 1749 406 1796; x_wconf 81' lang='grc' dir='ltr'><em>κατὰ</em></span> <span class='ocrx_word' id='word_1_210' title='bbox 441 1747 582 1791; x_wconf 90' lang='grc' dir='ltr'><em>πόλιν.</em></span> <span class='ocrx_word' id='word_1_211' title='bbox 638 1749 725 1789; x_wconf 83' lang='grc' dir='ltr'><em>τῶν</em></span> <span class='ocrx_word' id='word_1_212' title='bbox 762 1743 805 1788; x_wconf 78' lang='grc' dir='ltr'><em>δ’</em></span> <span class='ocrx_word' id='word_1_213' title='bbox 843 1742 986 1787; x_wconf 78' lang='grc' dir='ltr'><em>ἄλλων</em></span> <span class='ocrx_word' id='word_1_214' title='bbox 1010 1743 1228 1812; x_wconf 88' lang='grc' dir='ltr'><em>Ἑλλήνων</em></span> <span class='ocrx_word' id='word_1_215' title='bbox 1259 1746 1301 1788; x_wconf 84' lang='grc' dir='ltr'><em>οἱ</em></span> <span class='ocrx_word' id='word_1_216' title='bbox 1331 1746 1408 1799; x_wconf 80' lang='grc' dir='ltr'><em>μὲν</em></span> <span class='ocrx_word' id='word_1_217' title='bbox 1436 1743 1542 1798; x_wconf 89' lang='grc' dir='ltr'><em>πρὸς</em></span> <span class='ocrx_word' id='word_1_218' title='bbox 1566 1746 1672 1786; x_wconf 92' lang='grc' dir='ltr'><em>Μα-</em></span> 
     </span>
     <span class='ocr_line' id='line_1_29' title="bbox 297 1799 1674 1857; baseline -0.007 -6"><span class='ocrx_word' id='word_1_219' title='bbox 297 1805 482 1856; x_wconf 86' lang='grc' dir='ltr'><em>κεδόνας</em></span> <span class='ocrx_word' id='word_1_220' title='bbox 520 1801 777 1849; x_wconf 81' lang='grc' dir='ltr'><em>ἀπέκλιναν,</em></span> <span class='ocrx_word' id='word_1_221' title='bbox 818 1802 861 1844; x_wconf 82' lang='grc' dir='ltr'><em>οἱ</em></span> <span class='ocrx_word' id='word_1_222' title='bbox 891 1800 936 1843; x_wconf 90' lang='grc' dir='ltr'><em>δε</em></span> <span class='ocrx_word' id='word_1_223' title='bbox 964 1800 1045 1857; x_wconf 85' lang='grc' dir='ltr'><em>τὴν</em></span> <span class='ocrx_word' id='word_1_224' title='bbox 1069 1799 1254 1856; x_wconf 73' lang='grc' dir='ltr'><em>ἡσυχίαν</em></span> <span class='ocrx_word' id='word_1_225' title='bbox 1285 1802 1467 1844; x_wconf 82' lang='grc' dir='ltr'><em>εἵλοντο.</em></span> <span class='ocrx_word' id='word_1_226' title='bbox 1525 1801 1674 1843; x_wconf 82' lang='grc' dir='ltr'><em>Αἰτω-</em></span> 
     </span>
     <span class='ocr_line' id='line_1_30' title="bbox 216 1857 1674 1931; baseline -0.005 -24"><span class='ocrx_word' id='word_1_227' title='bbox 216 1860 270 1902; x_wconf 86' lang='lat'><em>10</em></span> <span class='ocrx_word' id='word_1_228' title='bbox 300 1863 371 1908; x_wconf 85' lang='grc' dir='ltr'><em>λοὶ</em></span> <span class='ocrx_word' id='word_1_229' title='bbox 400 1877 479 1930; x_wconf 88' lang='grc' dir='ltr'><em>μεν</em></span> <span class='ocrx_word' id='word_1_230' title='bbox 509 1863 591 1905; x_wconf 81' lang='grc' dir='ltr'><em>οὐν</em></span> <span class='ocrx_word' id='word_1_231' title='bbox 621 1859 806 1908; x_wconf 84' lang='grc' dir='ltr'><em>ἅπαντες</em></span> <span class='ocrx_word' id='word_1_232' title='bbox 834 1861 1001 1911; x_wconf 80' lang='grc' dir='ltr'><em>πρῶτοι</em></span> <span class='ocrx_word' id='word_1_233' title='bbox 1030 1857 1267 1904; x_wconf 80' lang='grc' dir='ltr'><em>συνέθεντο</em></span> <span class='ocrx_word' id='word_1_234' title='bbox 1307 1857 1386 1914; x_wconf 79' lang='grc' dir='ltr'><em>τὴν</em></span> <span class='ocrx_word' id='word_1_235' title='bbox 1414 1858 1674 1931; x_wconf 83' lang='grc' dir='ltr'><em>συμμαχίαν,</em></span> 
     </span>
     <span class='ocr_line' id='line_1_31' title="bbox 300 1912 1675 1986; baseline -0.005 -23"><span class='ocrx_word' id='word_1_236' title='bbox 300 1917 502 1986; x_wconf 82' lang='grc' dir='ltr'><em>καθάπερ</em></span> <span class='ocrx_word' id='word_1_237' title='bbox 530 1918 795 1971; x_wconf 88' lang='grc' dir='ltr'><em>προείρηται,</em></span> <span class='ocrx_word' id='word_1_238' title='bbox 826 1930 931 1969; x_wconf 91' lang='grc' dir='ltr'><em>μετα</em></span> <span class='ocrx_word' id='word_1_239' title='bbox 961 1914 1008 1957; x_wconf 82' lang='grc' dir='ltr'><em>δὲ</em></span> <span class='ocrx_word' id='word_1_240' title='bbox 1036 1913 1223 1965; x_wconf 83' lang='grc' dir='ltr'><em>τούτους</em></span> <span class='ocrx_word' id='word_1_241' title='bbox 1242 1915 1448 1958; x_wconf 85' lang='grc' dir='ltr'><em>Θετταλοι</em></span> <span class='ocrx_word' id='word_1_242' title='bbox 1468 1915 1546 1971; x_wconf 79' lang='grc' dir='ltr'><em>μὲν</em></span> <span class='ocrx_word' id='word_1_243' title='bbox 1569 1912 1675 1957; x_wconf 83' lang='grc' dir='ltr'><em>πάν·</em></span> 
     </span>
     <span class='ocr_line' id='line_1_32' title="bbox 302 1969 1676 2030; baseline -0.005 -10"><span class='ocrx_word' id='word_1_244' title='bbox 302 1992 372 2028; x_wconf 88' lang='grc' dir='ltr'><em>τες</em></span> <span class='ocrx_word' id='word_1_245' title='bbox 416 1974 527 2030; x_wconf 89' lang='grc' dir='ltr'><em>πλὴν</em></span> <span class='ocrx_word' id='word_1_246' title='bbox 558 1973 855 2022; x_wconf 83' lang='grc' dir='ltr'><em>Πελινναίων,</em></span> <span class='ocrx_word' id='word_1_247' title='bbox 908 1972 1078 2014; x_wconf 82' lang='grc' dir='ltr'><em>Οἰταῖοι</em></span> <span class='ocrx_word' id='word_1_248' title='bbox 1120 1971 1165 2014; x_wconf 89' lang='grc' dir='ltr'><em>δε</em></span> <span class='ocrx_word' id='word_1_249' title='bbox 1200 1971 1313 2028; x_wconf 77' lang='grc' dir='ltr'><em>πλήν</em></span> <span class='ocrx_word' id='word_1_250' title='bbox 1349 1969 1676 2022; x_wconf 62' lang='grc' dir='ltr'><em>“Ηρακλεωτων,</em></span> 
     </span>
     <span class='ocr_line' id='line_1_33' title="bbox 299 2025 1727 2101; baseline -0.006 -25.944"><span class='ocrx_word' id='word_1_251' title='bbox 299 2031 484 2101; x_wconf 79' lang='grc' dir='ltr'><em>Ἀχαιῶν</em></span> <span class='ocrx_word' id='word_1_252' title='bbox 522 2030 568 2074; x_wconf 89' lang='grc' dir='ltr'><em>δε</em></span> <span class='ocrx_word' id='word_1_253' title='bbox 607 2032 806 2073; x_wconf 80' lang='grc' dir='ltr'><em>Φθιῶται</em></span> <span class='ocrx_word' id='word_1_254' title='bbox 847 2025 984 2097; x_wconf 81' lang='grc' dir='ltr'><em>πλὴν</em></span> <span class='ocrx_word' id='word_1_255' title='bbox 1000 2029 1225 2083; x_wconf 86' lang='grc' dir='ltr'><em>Θηβαίων,</em></span> <span class='ocrx_word' id='word_1_256' title='bbox 1274 2032 1454 2098; x_wconf 82' lang='grc' dir='ltr'><em>Μηλιεῖς</em></span> <span class='ocrx_word' id='word_1_257' title='bbox 1491 2028 1535 2071; x_wconf 82' lang='grc' dir='ltr'><em>δὲ</em></span> <span class='ocrx_word' id='word_1_258' title='bbox 1564 2025 1677 2082; x_wconf 83' lang='grc' dir='ltr'><em>πλὴν</em></span> <span class='ocrx_word' id='word_1_259' title='bbox 1723 2060 1727 2062; x_wconf 54' lang='grc'>,</span> 
     </span>
     <span class='ocr_line' id='line_1_34' title="bbox 226 2082 1678 2159; baseline -0.006 -26"><span class='ocrx_word' id='word_1_260' title='bbox 226 2082 277 2126; x_wconf 83' lang='grc'><em>15</em></span> <span class='ocrx_word' id='word_1_261' title='bbox 306 2087 522 2159; x_wconf 86' lang='grc' dir='ltr'><em>Λαμιέων,</em></span> <span class='ocrx_word' id='word_1_262' title='bbox 554 2086 646 2158; x_wconf 79' lang='grc' dir='ltr'><em>εξῆς</em></span> <span class='ocrx_word' id='word_1_263' title='bbox 676 2084 722 2137; x_wconf 92' lang='grc' dir='ltr'><em>δε</em></span> <span class='ocrx_word' id='word_1_264' title='bbox 751 2088 932 2139; x_wconf 90' lang='grc' dir='ltr'><em>Δωριεῖς</em></span> <span class='ocrx_word' id='word_1_265' title='bbox 957 2082 1142 2134; x_wconf 71' lang='grc' dir='ltr'><em>ἅπαντες</em></span> <span class='ocrx_word' id='word_1_266' title='bbox 1170 2084 1242 2127; x_wconf 86' lang='grc' dir='ltr'><em>καὶ</em></span> <span class='ocrx_word' id='word_1_267' title='bbox 1272 2084 1438 2137; x_wconf 83' lang='grc' dir='ltr'><em>Λοκροὶ</em></span> <span class='ocrx_word' id='word_1_268' title='bbox 1463 2084 1536 2127; x_wconf 82' lang='grc' dir='ltr'><em>καὶ</em></span> <span class='ocrx_word' id='word_1_269' title='bbox 1571 2086 1678 2125; x_wconf 84' lang='grc' dir='ltr'><em>Φω-</em></span> 
     </span>
     <span class='ocr_line' id='line_1_35' title="bbox 307 2129 1678 2199; baseline -0.006 -8"><span class='ocrx_word' id='word_1_270' title='bbox 307 2150 421 2199; x_wconf 85' lang='grc' dir='ltr'><em>κεῖς,</em></span> <span class='ocrx_word' id='word_1_271' title='bbox 461 2143 523 2188; x_wconf 76' lang='grc' dir='ltr'><em>ἔτι</em></span> <span class='ocrx_word' id='word_1_272' title='bbox 551 2142 596 2187; x_wconf 83' lang='grc' dir='ltr'><em>δ’</em></span> <span class='ocrx_word' id='word_1_273' title='bbox 625 2129 835 2192; x_wconf 84' lang='grc' dir='ltr'><em>Αἰνιᾶνες</em></span> <span class='ocrx_word' id='word_1_274' title='bbox 863 2140 938 2184; x_wconf 85' lang='grc' dir='ltr'><em>καὶ</em></span> <span class='ocrx_word' id='word_1_275' title='bbox 961 2138 1173 2193; x_wconf 78' lang='grc' dir='ltr'><em>Ἀλυζαῖοι</em></span> <span class='ocrx_word' id='word_1_276' title='bbox 1201 2141 1274 2185; x_wconf 86' lang='grc' dir='ltr'><em>καὶ</em></span> <span class='ocrx_word' id='word_1_277' title='bbox 1302 2139 1521 2194; x_wconf 87' lang='grc' dir='ltr'><em>Δόλοπες,</em></span> <span class='ocrx_word' id='word_1_278' title='bbox 1566 2139 1678 2196; x_wconf 85' lang='grc' dir='ltr'><em>πρὸς</em></span> 
     </span>
    </p>
   </div>
   <div class='ocr_carea' id='block_1_3' title="bbox 312 2286 1682 2750">
    <p class='ocr_par' dir='ltr' id='par_1_3' title="bbox 313 2286 1679 2428">
     <span class='ocr_line' id='line_1_36' title="bbox 403 2286 1679 2345; baseline -0.002 -18"><span class='ocrx_word' id='word_1_279' title='bbox 403 2291 486 2328; x_wconf 81' lang='grc'><strong>265.</strong></span> <span class='ocrx_word' id='word_1_280' title='bbox 506 2291 564 2327; x_wconf 81' lang='grc'><em>83.</em></span> <span class='ocrx_word' id='word_1_281' title='bbox 601 2288 785 2335; x_wconf 81' lang='grc' dir='ltr'><em>τετρήρεις</em></span> <span class='ocrx_word' id='word_1_282' title='bbox 799 2307 845 2316; x_wconf 91' lang='lat'><em>-</em></span> <span class='ocrx_word' id='word_1_283' title='bbox 860 2286 1021 2345; x_wconf 78' lang='grc' dir='ltr'><em>τριήρεις</em></span> <span class='ocrx_word' id='word_1_284' title='bbox 1041 2287 1310 2344; x_wconf 78' lang='lat' dir='ltr'><em>Wesselingius.</em></span> <span class='ocrx_word' id='word_1_285' title='bbox 1345 2288 1428 2324; x_wconf 85' lang='lat' dir='ltr'><strong>libri</strong></span> <span class='ocrx_word' id='word_1_286' title='bbox 1450 2286 1611 2334; x_wconf 82' lang='grc' dir='ltr'><em>τριήρεις</em></span> <span class='ocrx_word' id='word_1_287' title='bbox 1631 2306 1679 2314; x_wconf 83' lang='grc'><em>-·</em></span> 
     </span>
     <span class='ocr_line' id='line_1_37' title="bbox 313 2333 1680 2390; baseline -0.007 -13"><span class='ocrx_word' id='word_1_288' title='bbox 313 2340 496 2385; x_wconf 83' lang='grc' dir='ltr'><em>τετρήρεις</em></span> <span class='ocrx_word' id='word_1_289' title='bbox 606 2338 682 2372; x_wconf 81' lang='grc'>-83,</span> <span class='ocrx_word' id='word_1_290' title='bbox 705 2337 763 2372; x_wconf 82' lang='grc'><em>85.</em></span> <span class='ocrx_word' id='word_1_291' title='bbox 786 2334 1107 2377; x_wconf 78' lang='grc' dir='ltr'><em>τετταράκονταΕ,</em></span> <span class='ocrx_word' id='word_1_292' title='bbox 1109 2333 1587 2390; x_wconf 42' lang='grc' dir='ltr'><em>τεσσαράκονταοειεῐειίηι</em></span> <span class='ocrx_word' id='word_1_293' title='bbox 1570 2336 1680 2370; x_wconf 78' lang='lat' dir='ltr'><strong>·Bas.</strong></span> 
     </span>
     <span class='ocr_line' id='line_1_38' title="bbox 497 2379 1680 2437; baseline -0.003 -19"><span class='ocrx_word' id='word_1_294' title='bbox 497 2384 555 2418; x_wconf 72' lang='lat'><em>84.</em></span> <span class='ocrx_word' id='word_1_295' title='bbox 600 2382 785 2428; x_wconf 79' lang='grc' dir='ltr'><em>τετρήρεις</em></span> <span class='ocrx_word' id='word_1_296' title='bbox 806 2400 852 2407; x_wconf 90' lang='lat'><em>--</em></span> <span class='ocrx_word' id='word_1_297' title='bbox 875 2381 931 2415; x_wconf 84' lang='grc'><em>85.</em></span> <span class='ocrx_word' id='word_1_298' title='bbox 963 2379 1233 2437; x_wconf 80' lang='grc' dir='ltr'><em>τεσσαράκοντα</em></span> <span class='ocrx_word' id='word_1_299' title='bbox 1263 2393 1331 2416; x_wconf 88' lang='lat' dir='ltr'><strong>om.</strong></span> <span class='ocrx_word' id='word_1_300' title='bbox 1358 2384 1439 2418; x_wconf 78' lang='lat' dir='ltr'><strong>Bas.</strong></span> <span class='ocrx_word' id='word_1_301' title='bbox 1621 2379 1680 2417; x_wconf 83' lang='lat'><strong>85.</strong></span> 
     </span>
    </p>

    <p class='ocr_par' dir='ltr' id='par_1_4' title="bbox 312 2424 1682 2566">
     <span class='ocr_line' id='line_1_39' title="bbox 312 2424 1682 2478; baseline -0.005 -11"><span class='ocrx_word' id='word_1_302' title='bbox 312 2430 434 2476; x_wconf 80' lang='grc' dir='ltr'><em>μέχρις</em></span> <span class='ocrx_word' id='word_1_303' title='bbox 457 2441 574 2465; x_wconf 75' lang='lat' dir='ltr'>omnes</span> <span class='ocrx_word' id='word_1_304' title='bbox 733 2428 789 2463; x_wconf 78' lang='lat'><em>87.</em></span> <span class='ocrx_word' id='word_1_305' title='bbox 833 2425 1076 2478; x_wconf 86' lang='grc' dir='ltr'><em>υπερορίους]</em></span> <span class='ocrx_word' id='word_1_306' title='bbox 1113 2424 1340 2472; x_wconf 83' lang='grc' dir='ltr'><em>υπαιθρίους</em></span> <span class='ocrx_word' id='word_1_307' title='bbox 1363 2430 1412 2469; x_wconf 90' lang='grc' dir='ltr'><em>Ε,</em></span> <span class='ocrx_word' id='word_1_308' title='bbox 1447 2428 1534 2463; x_wconf 77' lang='lat' dir='ltr'><strong>illud</strong></span> <span class='ocrx_word' id='word_1_309' title='bbox 1563 2440 1619 2472; x_wconf 78' lang='grc' dir='ltr'><em>γρ.</em></span> <span class='ocrx_word' id='word_1_310' title='bbox 1644 2427 1682 2461; x_wconf 84' lang='lat' dir='ltr'><em>in</em></span> 
     </span>
     <span class='ocr_line' id='line_1_40' title="bbox 313 2471 1681 2523; baseline -0.005 -10"><span class='ocrx_word' id='word_1_311' title='bbox 313 2478 473 2523; x_wconf 82' lang='lat' dir='ltr'>margine</span> <span class='ocrx_word' id='word_1_312' title='bbox 496 2487 623 2520; x_wconf 78' lang='lat' dir='ltr'><strong>ponens</strong></span> <span class='ocrx_word' id='word_1_313' title='bbox 757 2474 814 2509; x_wconf 91' lang='grc'><strong>90.</strong></span> <span class='ocrx_word' id='word_1_314' title='bbox 840 2471 947 2518; x_wconf 84' lang='grc' dir='ltr'><em>εἶναι]</em></span> <span class='ocrx_word' id='word_1_315' title='bbox 972 2487 1010 2509; x_wconf 77' lang='grc' dir='ltr'><em>τε</em></span> <span class='ocrx_word' id='word_1_316' title='bbox 1034 2475 1063 2507; x_wconf 89' lang='grc' dir='ltr'><em>Ε</em></span> <span class='ocrx_word' id='word_1_317' title='bbox 1200 2475 1256 2509; x_wconf 75' lang='grc'><em>92.</em></span> <span class='ocrx_word' id='word_1_318' title='bbox 1282 2476 1413 2521; x_wconf 86' lang='grc' dir='ltr'><em>οἴεται]</em></span> <span class='ocrx_word' id='word_1_319' title='bbox 1440 2475 1576 2510; x_wconf 83' lang='grc' dir='ltr'><em>οἴσεται</em></span> <span class='ocrx_word' id='word_1_320' title='bbox 1597 2474 1681 2508; x_wconf 86' lang='lat' dir='ltr'><strong>Bas.</strong></span> 
     </span>
     <span class='ocr_line' id='line_1_41' title="bbox 454 2518 1681 2578; baseline -0.003 -21"><span class='ocrx_word' id='word_1_321' title='bbox 454 2523 511 2557; x_wconf 80' lang='lat'><em>93.</em></span> <span class='ocrx_word' id='word_1_322' title='bbox 546 2527 622 2566; x_wconf 79' lang='lat' dir='ltr'><strong>post</strong></span> <span class='ocrx_word' id='word_1_323' title='bbox 645 2521 722 2555; x_wconf 86' lang='grc' dir='ltr'><em>δεῖν</em></span> <span class='ocrx_word' id='word_1_324' title='bbox 738 2520 873 2577; x_wconf 80' lang='lat' dir='ltr'><strong>ponitF</strong></span> <span class='ocrx_word' id='word_1_325' title='bbox 884 2518 1119 2575; x_wconf 68' lang='grc' dir='ltr'><em>πρρςτάξας</em></span> <span class='ocrx_word' id='word_1_326' title='bbox 1104 2518 1236 2556; x_wconf 82' lang='grc' dir='ltr'><em>εαυτὸν</em></span> <span class='ocrx_word' id='word_1_327' title='bbox 1254 2522 1388 2578; x_wconf 79' lang='lat' dir='ltr'><strong>punctis</strong></span> <span class='ocrx_word' id='word_1_328' title='bbox 1404 2532 1549 2566; x_wconf 84' lang='lat' dir='ltr'>superne</span> <span class='ocrx_word' id='word_1_329' title='bbox 1564 2523 1681 2576; x_wconf 56' lang='lat' dir='ltr'>nofata</span> 
     </span>
    </p>

    <p class='ocr_par' dir='ltr' id='par_1_5' title="bbox 319 2563 1682 2748">
     <span class='ocr_line' id='line_1_42' title="bbox 409 2563 1682 2612; baseline -0.002 -9"><span class='ocrx_word' id='word_1_330' title='bbox 409 2568 488 2604; x_wconf 88' lang='grc'>100.</span> <span class='ocrx_word' id='word_1_331' title='bbox 520 2567 803 2612; x_wconf 77' lang='grc' dir='ltr'><em>ἐπιβάλλεσθαι]</em></span> <span class='ocrx_word' id='word_1_332' title='bbox 834 2564 1075 2612; x_wconf 79' lang='grc' dir='ltr'><em>ἐπιβάλεσθαι</em></span> <span class='ocrx_word' id='word_1_333' title='bbox 1103 2568 1134 2601; x_wconf 85' lang='grc' dir='ltr'><em>Ε</em></span> <span class='ocrx_word' id='word_1_334' title='bbox 1285 2568 1319 2602; x_wconf 90' lang='grc'><strong>9.</strong></span> <span class='ocrx_word' id='word_1_335' title='bbox 1353 2566 1565 2611; x_wconf 77' lang='grc' dir='ltr'><em>ἀπέκλιναν]</em></span> <span class='ocrx_word' id='word_1_336' title='bbox 1592 2563 1682 2601; x_wconf 85' lang='grc' dir='ltr'><em>απέ-</em></span> 
     </span>
     <span class='ocr_line' id='line_1_43' title="bbox 319 2613 1681 2666; baseline -0.004 -15"><span class='ocrx_word' id='word_1_337' title='bbox 319 2618 444 2652; x_wconf 79' lang='grc' dir='ltr'><em>κλινον</em></span> <span class='ocrx_word' id='word_1_338' title='bbox 467 2615 548 2650; x_wconf 79' lang='lat' dir='ltr'><strong>Bas.</strong></span> <span class='ocrx_word' id='word_1_339' title='bbox 729 2613 784 2647; x_wconf 81' lang='lat'><em>12.</em></span> <span class='ocrx_word' id='word_1_340' title='bbox 836 2613 1065 2647; x_wconf 83' lang='grc' dir='ltr'><em>Πελινναίων</em></span> <span class='ocrx_word' id='word_1_341' title='bbox 1088 2613 1301 2648; x_wconf 79' lang='lat' dir='ltr'><strong>Palmerius:</strong></span> <span class='ocrx_word' id='word_1_342' title='bbox 1324 2614 1405 2648; x_wconf 80' lang='lat' dir='ltr'><strong>libri</strong></span> <span class='ocrx_word' id='word_1_343' title='bbox 1431 2613 1681 2666; x_wconf 69' lang='grc' dir='ltr'><em>Πελληναίων,</em></span> 
     </span>
     <span class='ocr_line' id='line_1_44' title="bbox 320 2657 1682 2707; baseline -0.004 -11"><span class='ocrx_word' id='word_1_344' title='bbox 320 2659 526 2705; x_wconf 82' lang='grc' dir='ltr'><em>πελληνὲων</em></span> <span class='ocrx_word' id='word_1_345' title='bbox 550 2660 581 2694; x_wconf 82' lang='lat' dir='ltr'>F</span> <span class='ocrx_word' id='word_1_346' title='bbox 741 2658 798 2692; x_wconf 93' lang='grc'><em>14.</em></span> <span class='ocrx_word' id='word_1_347' title='bbox 842 2660 999 2703; x_wconf 83' lang='grc' dir='ltr'><em>Μηλιεῖς</em></span> <span class='ocrx_word' id='word_1_348' title='bbox 1020 2659 1227 2701; x_wconf 81' lang='lat' dir='ltr'><strong>Palmerius,</strong></span> <span class='ocrx_word' id='word_1_349' title='bbox 1252 2663 1410 2707; x_wconf 84' lang='grc' dir='ltr'><em>Μιληεῖς</em></span> <span class='ocrx_word' id='word_1_350' title='bbox 1430 2660 1528 2703; x_wconf 91' lang='lat' dir='ltr'><em>FW,</em></span> <span class='ocrx_word' id='word_1_351' title='bbox 1550 2657 1682 2693; x_wconf 82' lang='lat' dir='ltr'><strong>caeteri</strong></span> 
     </span>
     <span class='ocr_line' id='line_1_45' title="bbox 321 2685 1682 2750; baseline -0.002 -10"><span class='ocrx_word' id='word_1_352' title='bbox 321 2705 450 2750; x_wconf 73' lang='grc' dir='ltr'><em>Ἡλιεῖς</em></span> <span class='ocrx_word' id='word_1_353' title='bbox 585 2703 756 2748; x_wconf 76' lang='grc' dir='ltr'><em>Λαμιέων</em></span> <span class='ocrx_word' id='word_1_354' title='bbox 779 2705 983 2740; x_wconf 76' lang='lat' dir='ltr'><strong>Eckhelius:</strong></span> <span class='ocrx_word' id='word_1_355' title='bbox 1019 2705 1100 2739; x_wconf 83' lang='lat' dir='ltr'><strong>libri</strong></span> <span class='ocrx_word' id='word_1_356' title='bbox 1124 2707 1286 2742; x_wconf 81' lang='grc' dir='ltr'><em>Μαλέων</em></span> <span class='ocrx_word' id='word_1_357' title='bbox 1431 2706 1487 2741; x_wconf 90' lang='grc'><strong>15.</strong></span> <span class='ocrx_word' id='word_1_358' title='bbox 1518 2685 1568 2740; x_wconf 81' lang='grc' dir='ltr'><em>δ’</em></span> <span class='ocrx_word' id='word_1_359' title='bbox 1600 2705 1682 2738; x_wconf 76' lang='lat' dir='ltr'><strong>Bas.</strong></span> 
     </span>
    </p>
   </div>
   <div class='ocr_carea' id='block_1_4' title="bbox 503 2750 1684 2843">
    <p class='ocr_par' dir='ltr' id='par_1_6' title="bbox 503 2750 1684 2843">
     <span class='ocr_line' id='line_1_46' title="bbox 503 2750 1684 2799; baseline -0.001 -13"><span class='ocrx_word' id='word_1_360' title='bbox 503 2751 560 2786; x_wconf 82' lang='grc'><em>16.</em></span> <span class='ocrx_word' id='word_1_361' title='bbox 602 2750 779 2794; x_wconf 79' lang='grc' dir='ltr'><em>Ἀλυζαῖοι</em></span> <span class='ocrx_word' id='word_1_362' title='bbox 803 2750 977 2793; x_wconf 76' lang='lat' dir='ltr'><em>Wassius‚</em></span> <span class='ocrx_word' id='word_1_363' title='bbox 1001 2753 1156 2795; x_wconf 75' lang='grc' dir='ltr'><em>Λυζαῖοι</em></span> <span class='ocrx_word' id='word_1_364' title='bbox 1177 2753 1331 2799; x_wconf 79' lang='lat' dir='ltr'><em>Fva‚</em></span> <span class='ocrx_word' id='word_1_365' title='bbox 1355 2752 1482 2790; x_wconf 77' lang='lat' dir='ltr'><strong>caeteri</strong></span> <span class='ocrx_word' id='word_1_366' title='bbox 1505 2751 1684 2794; x_wconf 75' lang='grc' dir='ltr'><em>Κλυζαῖοε</em></span> 
     </span>
     <span class='ocr_line' id='line_1_47' title="bbox 503 2794 1021 2843; baseline 0 -10"><span class='ocrx_word' id='word_1_367' title='bbox 503 2796 691 2843; x_wconf 84' lang='grc' dir='ltr'><em>Δόλοπες]</em></span> <span class='ocrx_word' id='word_1_368' title='bbox 717 2796 755 2832; x_wconf 81' lang='grc' dir='ltr'><em>οὶ</em></span> <span class='ocrx_word' id='word_1_369' title='bbox 779 2794 941 2839; x_wconf 84' lang='grc' dir='ltr'><em>Δόλοπες</em></span> <span class='ocrx_word' id='word_1_370' title='bbox 962 2798 1021 2833; x_wconf 77' lang='lat' dir='ltr'><em>Fv</em></span> 
     </span>
    </p>
   </div>
  </div>
 </body>
</html>
