1820 3249
291 126 403 168 1540
687 122 801 165 LlB.
830 120 919 163 XX-
977 120 1107 163 GAP.
1138 124 1206 164 89.
1235 125 1304 164 90.

289 235 364 279 οιαὶ
399 235 480 291 τὴν
519 235 598 291 μὲν
633 233 680 277 ἐκ
716 236 799 277 τοῦ
828 234 1161 289 διαγωνίζεσθαι
1189 234 1317 289 νίκην
1344 231 1668 282 ἀπελπίσαντες,

211 300 264 340 10
291 293 608 346 ἐπιθυμοῦντες
638 291 685 334 δὲ
714 294 941 346 συγγενῶν
977 292 1049 334 καὶ
1078 293 1219 346 φίλων
1252 293 1326 333 καὶ
1356 291 1566 343 πατρίδος
1594 289 1670 332 καὶ

291 353 381 392 τῶν
409 348 457 392 ἐν
484 349 621 405 ταύτῃ
647 351 821 398 καλῶν,
849 346 1104 390 διελύσαντο
1135 346 1247 401 πρὸς
1271 345 1554 401 Ἀγαθοκλέα.
1595 350 1669 388 λα-

291 405 465 462 βόντων
501 400 587 449 οὖν
623 402 772 447 αὐτῶν
798 404 981 456 πίστεις,
1018 404 1091 447 καὶ
1120 403 1404 460 καταβάντων
1433 401 1519 445 ἀπό
1547 417 1669 451 τινος

290 463 486 517 ἐρυμνοῦ
515 461 676 516 λόφου,
700 460 755 503 τὰ
783 460 862 517 μὲν
890 460 1005 504 ὅπλα
1033 462 1274 514 παρείλετο,
1294 459 1374 516 τήν
1402 459 1447 503 δὲ
1478 457 1670 514 δύναμιν

289 517 551 573 περιστήσας
578 517 775 567 ἅπαντας
809 517 1143 574 κατηκόντισεν,
1184 516 1313 568 ὄντας
1351 517 1450 570 περὶ
1479 516 1671 565 ἑπτακις-

208 579 262 619 15
289 577 478 632 χιλίους,
509 573 569 625 ὠς
603 574 783 631 Τίμαιός
811 586 972 631 φησιν,
1003 573 1062 624 ὥς
1091 571 1133 616 δ’
1167 573 1282 630 ἔνιοι
1303 574 1580 629 γράφουσιν,
1609 571 1671 621 εἰς

289 633 661 687 τετρακιςχιλίους.
720 629 788 673 ἀεὶ
816 633 901 685 γάρ
931 629 955 674 ὁ
985 631 1203 683 τύραννος
1231 631 1358 680 οὑτος
1385 631 1567 679 πίστεως
1591 627 1672 682 μὲν

289 689 366 733 καὶ
393 693 482 732 τῶν
514 687 663 743 ὅρκων
698 689 981 742 κατεφρόνει,
1016 687 1095 742 τὴν
1125 685 1168 730 δ’
1199 687 1316 729 ἰδίαν
1351 685 1474 741 ἰσχύν
1507 684 1590 729 οὐκ
1622 683 1670 727 ἐκ

288 750 367 803 τῆς
395 745 494 800 περὶ
523 743 661 788 αὐτόν
691 744 919 798 δυνάμεως
948 742 1047 786 ἀλλ’
1079 743 1128 786 ἐκ
1160 747 1236 798 τῆς
1264 747 1352 785 τῶν
1380 740 1671 796 ὑποτεταγμέ-

290 817 383 846 νων
412 800 641 852 ἀσθενείας
677 806 988 853 περιεποιεῖτο,
1017 804 1170 843 πλεῖον
1199 797 1407 850 δεδοικώς
1433 798 1536 848 τούς
1565 809 1672 852 συμ-

291 859 455 915 μόιχους
483 859 512 914 ἢ
540 857 647 907 τούς
675 859 922 913 πολεμίους.
965 857 1043 911 τὴν
1073 856 1118 900 δὲ
1151 855 1509 911 ἀντιτεταγμένην
1538 853 1672 914 δύνα-

289 933 365 972 μιν
398 916 514 958 οὕτω
545 916 808 970 διαφθείρας
836 915 1119 968 προςεδὲξατο
1148 913 1253 963 τούς
1281 909 1673 967 ὑπολελειμμένους

287 977 376 1015 τῶν
403 969 630 1027 φυγάδων,
661 972 735 1013 καὶ
765 970 877 1023 πρὸς
906 968 1210 1025 Δεινοκράτην
1239 969 1464 1020 διαλυθεὶς
1493 969 1746 1023 croam-471

287 1029 371 1085 γόν
400 1027 537 1071 αὐτὸν
575 1027 737 1082 μέρους
769 1031 846 1082 τῆς
878 1027 1104 1082 δυνάμεως
1143 1025 1334 1078 ἀπέδειξε
1363 1027 1437 1069 καὶ
1467 1025 1671 1068 διετέλεσε

287 1084 508 1130 πιστεύων
543 1084 597 1127 τοὶ
635 1085 827 1140 μέγιστα.
886 1085 1126 1139 θαυμάσειε
1162 1082 1203 1126 δ’
1240 1083 1295 1126 ἅν
1323 1099 1387 1133 τις
1423 1083 1469 1126 ἐν
1498 1081 1673 1130 τούτοις

202 1147 259 1189 25
288 1141 366 1186 τὸν
391 1139 684 1197 Ἀγαθοκλέα,
725 1145 818 1189 πῶς
847 1143 958 1194 πρός
993 1141 1188 1191 ἅπαντας
1223 1138 1431 1189 ὑπόπτως
1461 1138 1568 1193 ἔχων
1597 1137 1673 1179 καὶ

287 1199 504 1256 μηδέποτε
541 1198 692 1253 μηδενὶ
721 1199 905 1254 βεβαίως
934 1196 1167 1247 πιστεύσας
1203 1196 1313 1248 πρὸς
1341 1194 1483 1250 μόνον
1512 1200 1672 1237 Δεινο-

286 1251 453 1310 κράτην
483 1254 705 1310 διετήρησε
734 1255 813 1310 τὴν
843 1256 995 1308 φιλίαν
1023 1253 1147 1309 μέχρι
1176 1256 1388 1306 υελευτῆς.
1443 1249 1467 1293 ὁ
1499 1252 1546 1294 δὲ
1576 1255 1674 1292 Λει-

286 1312 505 1367 νοκράτης
539 1310 737 1365 προδοὺς
773 1310 878 1361 τούς
907 1309 1161 1365 συμμάχους
1196 1309 1274 1351 τὸν
1304 1310 1384 1363 μὲν
1420 1309 1674 1363 Πασίφιλον

204 1376 260 1416 30
288 1369 336 1413 ἐν
373 1373 427 1426 τῇ
460 1372 501 1411 Γ
499 1367 573 1424 ἐλα
611 1365 897 1420 συναρπάσας
935 1366 1176 1413 ἀπέκτεινε,
1214 1365 1267 1407 τὰ
1298 1365 1343 1408 δὲ
1373 1363 1571 1421 φρούρια
1599 1363 1675 1406 καὶ

288 1424 367 1476 τὰς
395 1424 543 1475 πόλεις
572 1424 825 1479 ἐνεχείρισεν
851 1423 1126 1478 Ἀγαθοκλεῖ,
1168 1421 1286 1478 διέτη
1314 1422 1477 1477 χρόνον
1507 1418 1674 1464 ἀναλώ-

289 1494 370 1532 σας
399 1483 459 1532 είς
485 1481 565 1537 τὴν
593 1485 683 1524 τῶν
711 1481 931 1535 πολεμίων
959 1478 1220 1534 παράθεσιν.
1260 1478 1369 1523 κατα
1402 1478 1448 1522 δὲ
1475 1478 1555 1533 τὴν
1574 1476 1675 1520 Ἰτα-

287 1540 387 1582 λίαν
411 1537 619 1592 Ῥωμαῖοι
647 1537 727 1594 μὲν
757 1537 999 1593 Πελιγνοὺς
1025 1535 1459 1592 καταπολεμήσαντες
1487 1535 1566 1590 τὴν
1585 1531 1674 1590 χιό-

288 1611 373 1650 ραν
403 1591 662 1651 ἀφείλοντο,
693 1596 766 1636 καί
795 1605 882 1638 τισι
908 1597 998 1638 τῶν
1026 1592 1251 1646 δοξάντων
1278 1591 1332 1636 τὰ
1357 1591 1582 1647 Ῥωμαίων
1601 1605 1674 1633 πε-

202 1656 259 1698 35
290 1652 560 1708 φρονηκέναι
596 1649 842 1721 μετέδωκαν
881 1654 956 1707 τῆς
1002 1653 1231 1700 πολιτείας.
1301 1648 1408 1705 μετὰ
1447 1650 1494 1692 δὲ
1531 1651 1672 1692 ταῦτα

287 1712 527 1763 Σαμνιτῶν
563 1723 644 1763 την
682 1711 946 1762 Φαλερνῖτιν
979 1707 1299 1761 πορθούντων,
1330 1704 1564 1759 ἀνέζευξαν
1601 1701 1670 1747 ἐπ’

289 1764 453 1817 αὐτοὺς
493 1765 537 1808 οἱ
564 1764 739 1808 ὕπατοι.
797 1764 873 1809 καὶ
911 1765 1147 1820 γενομένης
1176 1762 1456 1814 παρατάξεως
1494 1761 1673 1815 ἐπροτέ-

286 1833 429 1878 ρησαν
459 1823 504 1864 οἱ
527 1819 746 1876 Ῥωμαῖοι.
785 1823 973 1889 σημαίας
1003 1821 1082 1876 μὲν
1111 1814 1192 1864 οὖν
1220 1817 1339 1863 εἶλον
1367 1821 1518 1870 εἴκοσι,
1549 1830 1674 1871 στρα·

288 1875 517 1929 τιώτας>δ’
543 1877 793 1933 ἐζώγρησαν
820 1877 930 1933 νπὲρ
960 1878 1065 1928 τούς
1091 1879 1333 1933 διςχιλίους.
1372 1879 1461 1918 τῶν
1489 1873 1536 1919 δ’
1564 1872 1673 1917 ὑπά-

205 1935 263 1979 40
291 1952 381 1979 των
408 1932 546 1986 εὐθὺς
574 1933 764 1978 ἑλόντων
793 1933 925 1978 πόλιν
954 1938 1125 1986 Βῶλαν,
1156 1934 1335 1983 Γέλλιος
1364 1931 1500 1982 Γάϊος
1529 1930 1554 1974 ὁ
1583 1934 1674 1974 τῶν

288 1995 528 2048 Σαμνιτῶν
551 1990 727 2048 ἡγεμών
752 1990 896 2047 ἐφάνη
925 1990 1031 2046 μετὰ
1061 1993 1342 2044 στρατιωτῶν
1372 1989 1673 2043 ἕξακιςχιλίων.

288 2048 529 2107 γενομένης
565 2049 612 2092 δὲ
640 2049 781 2105 μάχης
809 2050 1012 2105 ἰσχυρᾶς,
1044 2046 1179 2098 αὐτός
1206 2062 1250 2090 τε
1286 2045 1311 2090 ὁ
1344 2047 1520 2095 Γέλλιος
1558 2043 1671 2087 ἑάλω

203 842 262 881 90

203 899 260 939 20

288 2162 348 2199 1⁰.
371 2162 499 2210 ταύτῃ]
525 2159 623 2209 αὐτῇ
645 2161 676 2197 F
860 2162 917 2199 11.
941 2157 1032 2208 οὖν]
1060 2159 1101 2197 δ’
1127 2161 1186 2204 W,
1211 2171 1280 2195 orn.
1307 2159 1337 2194 F
1519 2159 1579 2194 12.
1601 2171 1671 2194 κα·-

290 2209 502 2255 ταβάντων]
526 2207 767 2255 μεταβάντων
788 2208 873 2246 Bas.
1068 2206 1204 2252 λόφου]
1231 2208 1348 2242 τόπου
1373 2204 1404 2239 F
1612 2205 1670 2240 13.

291 2256 497 2302 παρείλετο]
521 2258 720 2299 παρείλοντο
745 2256 823 2290 Fw
1006 2254 1063 2290 1-1.
1089 2252 1140 2295 αἱς
1171 2272 1213 2280 ——
1246 2252 1301 2288 15.
1324 2262 1517 2306 τετριιυιιςχἕ
1543 2262 1614 2285 om.
1639 2251 1671 2284 X

476 2300 535 2337 15.
565 2302 798 2347 γράφουσιν,
833 2301 905 2346 εἰς]
937 2299 1126 2347 γράφουσι
1151 2299 1230 2335 FW
1414 2297 1469 2332 18.
1495 2309 1672 2333 υποτετα-

293 2347 450 2395 γμένων]
473 2344 736 2393 ἐπιγινομένων
759 2349 790 2382 F

381 2394 463 2429 4²1.
485 2393 543 2429 22.
565 2394 715 2439 μέρους]
740 2393 808 2437 μὲν
835 2393 972 2438 μέρους
995 2394 1076 2428 Bau.
1189 2390 1248 2427 3⁰.
1273 2389 1389 2434 διέτη]
1415 2388 1497 2423 libri
1523 2389 1627 2431 διετῆ

335 2438 395 2474 al.
421 2439 647 2486 παράθεσιν]
664 2440 875 2484 παράδοσιν
902 2440 1174 2475 ῐὶΙιοιὶοπιατιιιιιο
1286 2437 1342 2471 32.
1367 2434 1568 2479 Πελιγνοιὶς
1588 2435 1673 2469 Clu-
1732 2446 1745 2459 ν

290 2484 421 2528 verim,
439 2488 654 2532 Παληνίους
666 2488 741 2530 FQ,
763 2487 891 2521 caetori
910 2486 1113 2524 Παλινίους
1250 2482 1306 2517 33.
1329 2481 1543 2526 ἀφείλοντο]
1565 2479 1675 2526 ἀφεί-

291 2534 405 2567 λαντο
431 2532 462 2566 F
598 2534 656 2568 35.
685 2535 900 2576 Φαλερνῖτιν
923 2529 1193 2575 ΝοειοΙίιιςίιιεε
1226 2528 1308 2563 libri
1332 2531 1525 2572 Φαλερῖτιν

336 2578 394 2613 37.
418 2575 667 2625 ἐπροτέρησαν
691 2579 962 2625 wesselingius,
990 2575 1259 2656 &upottiorqltmv
1283 2576 1383 2617 Bam,
1411 2573 1541 2610 caeteri
1563 2583 1673 2618 προε-

1200 2634 1223 2656 α

294 2667 454 2715 τέρησαν
670 2674 803 2713 σημεῖα
836 2671 886 2713 F,
931 2668 1059 2704 caeteri
1110 2633 1264 2712 cnuslgc
1475 2664 1533 2700 38.
1574 2663 1673 2699 εἶλον

295 2717 400 2797 ξεῖ)...
425 2715 573 2754 ἀνεῖλον
595 2719 722 2753 caeteri
930 2716 989 2752 40.
1016 2711 1164 2759 Βῶλαν]
1185 2713 1329 2760 βόλααν
1350 2712 1381 2748 F
1557 2710 1675 2756 γε’λιος

378 2774 406 2798 ιι
