1820 3249
559 138 682 180 LIB.
711 137 806 182 XV.
861 137 998 180 cAP.
1025 141 1066 183 4.
1093 140 1134 183 5.
1448 140 1536 184 951

154 267 245 296 των
273 251 388 296 ολων
415 250 601 309 ποιήσας
638 251 686 296 έν
713 253 769 307 τῇ
809 248 1000 322 Κύπρω,
1040 248 1177 303 αὐτὸς
1214 248 1260 296 δ’
1300 249 1536 320 ἀναλαβων

155 309 259 352 δέκα
296 306 496 364 τριήρεις·
522 308 682 360 νυκτὸς
719 309 849 352 ἔλαθε
884 324 990 359 τους
1028 309 1262 363 πολεμίους
1300 308 1536 360 ἐκπλεύσας

153 365 204 409 ἐκ
229 367 304 420 τῆς
331 369 597 421 Σαλαμῖνος.
652 365 878 422 κομισθεὶς
907 362 948 408 δ’
981 365 1043 416 εἰς
1070 364 1150 435 τὴν
1177 366 1427 435 Αἴγυπτον,
1457 366 1532 409 καὶ

154 422 382 491 συντυχων
418 427 480 479 τῷ
520 426 711 479 βασιλεῖ,
757 421 1046 476 παρεκάλεσεν
1093 420 1229 465 αὐτὸν
1279 421 1532 491 έρῤωμένως

151 476 407 548 ἀντέχεσθαι
448 485 531 524 τοῦ
569 480 765 535 πολέμου
798 480 875 523 καὶ
903 477 1058 523 κοινὸν
1085 477 1289 536 ἡγεῖσθαι
1318 477 1394 522 τὸν
1421 480 1531 534 πρὸς
1560 477 1616 520 55

150 533 258 587 τούς
286 537 462 591 Πέρσας
490 537 695 607 πόλεμον.

254 591 369 650 “Apa
408 594 454 638 δὲ
498 592 670 646 τούτοις
714 591 1039 666 πραττομένοις
1063 590 1408 663 Λακεδαιμόνιοι
1451 591 1532 647 μὲν
1561 590 1590 631 5

151 649 351 722 ἔγνωσαν
380 649 634 706 στρατεύειν
673 650 743 695 ἐπὶ
779 650 859 707 τὴν
888 650 1185 698 Μαντίνειαν,
1226 648 1358 693 οὐδὲν
1393 665 1530 704 φρον-

150 708 346 758 τίσαντες
380 713 469 751 τῶν
508 706 806 780 γεγενημένων
850 709 1080 758 σπονδῶν,
1121 705 1193 749 διά
1222 705 1428 757 τοιαύτας
1465 707 1529 749 αἰ-
1557 706 1614 746 60

151 765 263 815 τίας.
321 764 710 836 προϋπαρχούσης
715 770 810 835 τοῖς
837 764 1018 832 Ἐλλησι
1056 767 1208 833 κοινῆς
1247 763 1421 833 εἰρήνης
1456 766 1533 818 τῆς

152 820 223 864 ἐπὶ
251 818 561 875 Ἀνταλκίδου,
600 819 710 867 καθ’
750 820 808 877 ἢν
847 823 894 865 αἱ
936 820 1083 872 πόλεις
1128 818 1292 893 ἅπασαι
1329 819 1408 871 τοὶς
1452 835 1533 876 μεν

151 876 350 934 φρουρὰς
379 878 696 935 ἀπετρίψαντο,
736 879 815 935 τὴν
853 877 897 922 δ’
931 877 1202 933 αὐτονομίαν
1230 875 1335 921 καθ’
1380 877 1534 932 ὁμολο-

148 937 251 991 γίαν
279 937 552 1007 παρέλαβον,
581 934 925 1008 Λακεδαιμόνιοι
954 934 1085 1008 φύσει
1115 936 1431 1005 φιλαρχοῦντες
1457 933 1533 977 καὶ

148 994 374 1047 πολεμικοὶ
402 999 496 1046 ταῖς
525 993 740 1049 αἱρέσεσιν
770 992 904 1044 ὄντες,
932 1009 1013 1049 την
1041 990 1222 1062 εἰρήνην
1241 992 1381 1045 ὥςπερ
1412 990 1531 1062 βαρὺ
1559 992 1615 1035 65

149 1051 339 1119 φορτίον
368 1067 449 1107 ουχ
475 1049 715 1123 ὑπέμενον,
745 1049 825 1106 τήν
854 1049 901 1095 δὲ
931 1048 1317 1120 προγεγενημένην
1336 1051 1412 1118 τῆς
1432 1046 1532 1091 Ελ-

147 1103 284 1176 λάδος
325 1108 585 1162 δυναστείαν
629 1107 949 1158 ἐπιποθοῦντες
981 1107 1216 1177 μετέωροι
1243 1110 1337 1156 ταῖς
1374 1103 1532 1160 ὁρμαῖς

146 1161 347 1235 ὑπῆρχον
374 1164 486 1219 πρὸς
524 1166 825 1236 καινοτομίαν.
885 1163 1021 1215 εὐθὺς
1058 1165 1142 1208 οὐν
1169 1162 1245 1214 τὰς
1273 1179 1352 1217 μεν
1382 1161 1531 1214 πόλεις

148 1220 471 1289 συνετάραττον
509 1223 584 1267 καὶ
622 1221 705 1266 δια
732 1226 822 1280 τῷν
853 1222 977 1266 ἰδίων
1019 1223 1161 1289 φίλων
1200 1219 1369 1270 στασεις
1398 1219 1529 1289 ἐγκα-

147 1275 408 1331 τεσκεύαζον
444 1281 492 1324 έν
521 1278 701 1332 αὐταῖς,
739 1280 803 1323 ὠν
831 1278 945 1324 ε’νιαι
971 1275 1163 1327 πιθανάς
1200 1274 1408 1346 ἀφορμὰς
1448 1274 1520 1320 αὖ·
1549 1281 1607 1322 70

147 1339 243 1386 τοῖς
283 1336 550 1409 παρέσχοντο
602 1340 678 1407 τῆς
714 1340 916 1406 ταραχῆς.
986 1335 1291 1390 ἀπολαβοῦσαι
1327 1333 1411 1389 γὰρ
1449 1350 1527 1384 τας

149 1390 414 1463 αὐτονομίας
459 1391 595 1449 λόγον
640 1392 841 1464 ἀπῄτουν
885 1392 1005 1448 παρὰ
1044 1408 1135 1435 των
1172 1389 1527 1446 έπεστατηκότων

146 1447 219 1491 ἐπὶ
237 1452 313 1504 τῆς
329 1450 726 1505 Λακεδαιμονίων“
702 1451 948 1521 ηγεμονίας·
977 1453 1148 1504 πικρῶν
1164 1449 1215 1496 δὲ
1235 1451 1324 1498 τῶν
1343 1447 1528 1504 ἐλέγχων

147 1506 394 1561 γινομένων
409 1506 483 1550 διὰ
499 1506 548 1550 τὸ
559 1512 841 1577 μνησικακεῖν
856 1507 962 1558 τούς
977 1505 1157 1572 δήμους,
1174 1505 1248 1549 καὶ
1258 1509 1432 1550 πολλῶν
1446 1522 1528 1560 φυ-
1557 1508 1614 1551 75

145 1563 478 1616 γαδευομένων,
505 1561 736 1633 ἀπέδειξαν
764 1563 948 1616 ἑαυτοὺς
976 1562 1172 1618 βοηθούς
1200 1567 1291 1613 τοῖς
1319 1574 1531 1606 καταστα-

147 1617 433 1674 σιαζομένοις.
488 1617 806 1692 υποδεχόμενοι
835 1622 882 1664 δὲ
910 1620 1120 1672 τούτους,
1158 1618 1233 1664 καὶ
1260 1636 1368 1673 μετα
1397 1611 1531 1662 δυνά-

149 1691 264 1732 μεως
291 1675 578 1732 ἐκπέμποντες
609 1676 680 1720 ἐπὶ
706 1675 785 1728 τοὶς
820 1674 1062 1730 καθόδους,
1102 1678 1450 1721 κατεδουλοῦντο
1479 1674 1529 1718 τό

150 1733 231 1789 μὲν
268 1737 447 1785 πρῶτον
483 1750 562 1784 τας
601 1731 916 1787 ἀσθενεστέρας
954 1731 1123 1784 πόλεις·
1161 1749 1269 1803 μετα
1309 1732 1356 1776 δὲ
1392 1736 1531 1776 ταῦτα

150 1790 226 1835 καὶ
252 1790 330 1841 τὰς
357 1788 695 1845 ἀξιολογωτέρας
722 1794 1130 1861 καταπολεμοῦντες
1157 1788 1386 1860 ὑπηκόους
1414 1789 1530 1833 ἐποί-
1558 1793 1615 1834 80

153 1863 258 1900 ουν,
300 1845 406 1891 οὐδὲ
445 1847 528 1892 δύο
578 1847 649 1920 ε’τη
689 1846 961 1902 φυλαξαντες
1002 1847 1078 1898 τὰς
1121 1863 1274 1898 κοινας
1318 1844 1527 1898 σπονδάς.

151 1902 455 1959 πλησιόχωρον
494 1902 537 1948 δ’
579 1901 720 1951 οὖσαν
757 1905 863 1962 τὴν
860 1908 966 1949 τῶν
994 1904 1258 1947 Μαντινέων
1294 1902 1425 1947 πόλιν
1452 1904 1528 1947 καὶ

151 1962 413 2032 πλήθουσαν
449 1952 627 2016 ἀνδρων
664 1960 880 2018 ἀλκίμων,
927 1960 1220 2008 ὑπώπτευσαν
1269 1959 1405 2016 αὐτῆς
1448 1960 1529 2016 τὴν

154 2016 355 2074 αὔξησιν
355 2017 442 2074 τὴν
469 2020 703 2075 γινομένην
743 2020 790 2064 ἐκ
827 2023 904 2075 τῆς
939 2017 1138 2074 εἰρήνης,
1176 2018 1250 2070 καὶ
1279 2017 1331 2060 τὰ
1363 2017 1529 2073 φρονή-
1557 2018 1614 2062 85

150 2091 273 2146 ματα
306 2090 394 2129 των
442 2075 618 2131 ἀνδρῶν
660 2077 876 2124 ε’σπευδον
911 2080 1190 2120 ταπεινῶσαι.
1259 2073 1329 2119 διὸ
1369 2075 1443 2119 καὶ
1482 2074 1532 2118 τὸ

153 2131 234 2190 μὲν
269 2148 453 2204 πρωτον
484 2133 701 2204 πρέσβεις
730 2132 1059 2183 ἀποστείλαντες
1095 2132 1206 2186 πρὸς
1246 2131 1344 2202 τὴν
1365 2132 1535 2176 Μαντί-

154 2205 278 2241 νειαν
315 2188 612 2244 προςέταττον
651 2190 705 2233 τοὶ
751 2207 846 2262 μεν
868 2192 981 2263 τείχη
1019 2194 1245 2236 καθελεῖν,
1287 2186 1451 2240 αὐτούς
1489 2187 1536 2231 δὲ

154 2249 411 2304 μετοικῆσαι
437 2246 604 2301 πάντας
631 2249 692 2300 εἰς
719 2249 797 2300 τὰς
819 2246 1001 2307 αρχαίας
1028 2245 1154 2291 πέντε
1182 2244 1354 2303 κώμας,
1384 2246 1429 2300 ἐξ
1472 2239 1537 2289 ὠν

155 2429 214 2466 60.
236 2432 315 2472 τοῖς
335 2428 512 2477 Ἕλλησι]
533 2432 613 2474 τοῖς
635 2428 860 2485 Ελληνικοῖς
882 2430 965 2476 AL,
1002 2396 1118 2471 26539
1103 2397 1305 2476 ἓλληνικξῖέ
1327 2430 1379 2472 F,
1410 2427 1539 2463 caeteri

156 2479 223 2532 τῆς
241 2474 672 2570 ξλλὸὲωάξιςετρίψαντο]
705 2521 975 2581 απερρίψαντο
985 2522 1015 2557 L
1218 2522 1278 2556 (36.
1304 2519 1539 2555 ἕπιποθουν-

159 2570 230 2613 τες]
254 2568 527 2616 ἐπιθυμοῦντες
548 2572 578 2605 F
806 2571 864 2605 72.
889 2567 1209 2615 ἐπεστατηκότων]
1241 2565 1538 2622 ἐπιστατηκότων

163 2615 256 2651 AFI.
435 2618 493 2653 73.
517 2630 660 2661 πικρων
690 2616 1212 2659 AFHIKIa‚caetc1-imn9m9
1415 2613 1472 2648 78
1495 2610 1538 2647 τό

164 2672 233 2695 om.
249 2661 283 2695 Α
465 2665 522 2699 82.
544 2663 763 2709 πλήθουσαν
786 2663 840 2706 Κ,
863 2662 1034 2720 πλήθους
1055 2665 1095 2705 Α,
1121 2662 1250 2700 caeteri
1271 2661 1416 2706 πλῆθος

163 2707 222 2742 83.
256 2704 418 2790 ‘'mam''
453 2712 537 2755 ΑΚ,
576 2711 706 2757 caetori
735 2710 903 2789 ἀλκίμων
942 2707 1097 2755 ἔχουσαν
1213 2740 1215 2743 .
1256 2707 1340 2744 88.
1371 2703 1533 2748 πάντας]

164 2752 313 2796 πάντως
