1820 3249
270 130 379 172 1362
632 125 748 168 LIB
780 125 883 165 XIX.
942 125 1074 167 CAP.
1104 129 1171 169 25.-
1201 130 1268 169 26.

273 253 356 293 μας
383 236 457 280 καὶ
484 235 775 289 παροξυνθεὶς
804 234 876 278 διά
906 251 1004 279 τινα
1042 237 1184 280 αἰτίαν
1223 237 1562 306 προςενέγκηται
1583 254 1634 294 τῃ

273 293 476 364 παρθένῳ
496 294 740 361 θηριωδῶς.
778 296 858 335 τοῦ
878 292 925 335 δὲ
944 292 1116 344 λέοντος
1130 293 1347 345 ἐξελόντος
1365 292 1469 344 τούς
1481 309 1524 336 τε
1537 292 1637 336 6vv-

274 367 393 408 χας
369 350 440 393 καὶ
460 348 563 398 τούς
582 347 776 398 ὀδόντας,
805 348 881 391 τὸν
909 349 1071 418 πατέρα
1098 350 1382 418 θεωρήσαντα
1411 349 1553 392 πάντα
1584 348 1635 392 δι’

193 412 247 456 40
277 409 340 450 ὠν
367 408 439 475 ην,
460 405 649 473 φοβερός
678 403 1031 474 αποβεβληκότα,
1077 405 1293 449 τύπτοντα
1321 411 1381 465 τῷ
1412 405 1526 477 ξύλῳ
1557 406 1638 473 ῥα-

273 465 375 513 δίως
415 459 674 504 ἀποκτεῖναι.
733 463 781 504 τὸ
804 462 1124 530 παραπλήσιον
1165 464 1246 505 οὐν
1283 467 1420 506 ποιεῖν
1459 463 1532 505 καὶ
1561 461 1640 504 τόν

271 519 540 587 Ἀντίγονον·
586 516 709 573 μέχρι
736 516 895 562 τούτου
924 518 1007 572 γαρ
1037 523 1255 562 ποιεῖσθαι
1283 536 1358 569 τας
1389 519 1641 574 ἐπαγγελίας

273 576 353 626 ἓως
394 573 448 617 ἂν
481 578 556 630 τῆς
597 574 820 629 δυνάμεως
857 574 1068 631 κυριεύσῃ
1107 576 1180 617 καὶ
1209 576 1375 632 κολάσῃ
1404 578 1642 644 τηνικαῦτα

274 632 378 683 τούς
409 630 753 700 αφηγουμένους.
816 631 1215 702 ἐπισημαινομένου
1252 632 1296 674 δὲ
1334 635 1415 674 τοῦ
1444 630 1643 687 πλήθους

193 693 246 734 45
278 688 334 740 ὠς
364 685 508 739 ὀρθῶς
537 687 747 757 λέγοιτος,
777 685 873 729 τότε
891 688 971 756 μὲν
1003 687 1123 730 έλυσε
1152 687 1231 741 τήν
1259 687 1504 757 ἐκκλησίαν.

191 752 247 791 26
387 743 565 794 Νυκτός
605 742 643 786 δ’
676 743 899 809 ἐπιγενομε
883 743 979 798 ’νης
1016 741 1125 798 ἧκόν
1162 759 1272 793 τινες
1297 742 1646 814 ηὐτομοληκότες

275 817 354 857 μεν
391 800 437 843 ἐκ
474 804 548 856 τῆς
584 798 833 854 Ἀντιγόνου
871 800 1224 852 στρατοπεδείας,
1263 799 1458 870 λέγοντες
1495 797 1538 843 6'
1580 798 1646 842 ὅτι

275 857 531 925 παρήγγειλε
580 861 671 905 τοῖς
720 854 1002 908 στρατιώταις
1041 854 1289 925 Ἀντίγονος
1340 853 1648 924 ἀναζευγνύειν

193 920 246 962 50
275 915 372 968 περὶ
404 912 610 965 δευτέραν
646 910 860 980 φυλακήν
917 910 940 954 6
981 909 1026 955 δ’
1055 910 1255 981 Εὐμένης
1293 910 1650 980 συλλογιζόμενος

279 969 452 1025 αληθῶς
492 967 678 1022 ὑπέλαβε
723 966 826 1018 τούς
863 969 1098 1022 πολεμίους
1137 967 1436 1024 αποχωρήσειν
1474 970 1532 1019 εἰς
1568 983 1649 1022 την

279 1023 514 1088 Γαβιηνήν.
560 1024 669 1079 αὕτη
698 1023 781 1078 γοέρ
813 1022 1031 1079 ἀπέχουσα
1059 1029 1192 1095 τριῶν
1219 1026 1392 1094 ἡμερῶν
1422 1024 1528 1068 ὁδόν
1558 1023 1651 1068 οἷκέ-

278 1100 401 1137 ραιος
440 1089 497 1138 ην
524 1082 597 1124 καὶ
633 1079 800 1136 πλήρης
828 1085 1010 1134 καρπῶν
1039 1082 1111 1124 καὶ
1139 1080 1447 1137 χορτασμάτων
1475 1081 1548 1124 καὶ
1575 1097 1650 1123 κα-

276 1139 418 1182 θόλου
455 1141 543 1181 τῶν
572 1138 827 1192 δυναμένων
843 1141 1093 1206 χορηγῆσαι
1120 1138 1173 1180 τὰ
1202 1138 1416 1207 ἐπιτήδεια
1448 1135 1621 1207 μεγάλα
1631 1152 1652 1186 ς

193 1199 246 1243 55
278 1196 489 1264 δυναμεσι
513 1196 716 1245 δαψιλῶς.
773 1192 882 1247 πρὸς
912 1195 957 1236 δε
986 1194 1156 1245 τούτοις
1184 1200 1275 1245 τοῖς
1305 1192 1490 1249 ἀγαθοῖς
1522 1192 1545 1236 6
1573 1191 1650 1236 τό-

275 1269 357 1303 πος
388 1250 518 1302 αὐτὸς
547 1250 773 1318 συνήργει,
812 1265 1035 1303 ποταμους
1064 1250 1172 1305 ἔχων
1201 1252 1274 1293 καὶ
1302 1250 1545 1319 χαράδρας
1555 1251 1650 1300 δυς-

277 1310 463 1361 εξόδους
507 1305 708 1350 σπεύδων
738 1305 821 1349 οὖν
851 1306 1021 1360 φθάσαι
1049 1306 1153 1357 τούς
1183 1309 1427 1376 πολεμίους,
1457 1305 1505 1349 τὸ
1531 1304 1651 1377 ὅμοι-

278 1383 330 1409 ον
364 1365 529 1417 ἔπραξε.
587 1379 674 1406 των
711 1362 760 1418 μὶ
744 1378 789 1405 εν
817 1361 1109 1417 μισθοφόρων
1137 1379 1260 1414 τινας
1288 1362 1475 1418 χρήμασι
1501 1363 1652 1412 πείσας

195 1429 248 1468 60
277 1421 506 1490 εξέπεμψεν
543 1418 600 1470 ὡς
630 1416 923 1489 αὐτομόλους,
965 1418 1176 1471 συντάξας
1212 1419 1350 1474 λέγειν
1379 1419 1446 1463 ὅτι
1475 1419 1652 1473 διέγνω-

277 1495 351 1522 κεν
384 1475 581 1545 Εὐμένης
620 1474 780 1527 νυκτός
816 1475 1088 1518 ἐπιτίθεσθαι
1116 1480 1177 1531 τῷ
1206 1475 1384 1531 χάρακι·
1444 1474 1575 1525 αὐτὸς
1604 1474 1652 1518 δὲ

277 1535 358 1590 τήν
396 1550 475 1588 μεν
510 1531 770 1604 ἀποσκευήν
795 1531 1125 1585 προαπέστειλε,
1163 1537 1257 1583 τοῖς
1298 1532 1344 1576 δὲ
1373 1531 1653 1601 στρατιώταις

280 1591 538 1646 παρήγγειλε
552 1605 647 1658 την
677 1590 876 1659 ταχίστην
906 1589 1379 1644 δειπνοποιησαμένοις
1393 1588 1653 1643 ἀναζευγνύ-

282 1664 357 1690 ειν.
425 1662 488 1689 ων
539 1643 746 1689 ἁπάντων
796 1644 926 1697 ὀξέως
979 1647 1371 1695 συντελεσθέντων,
1410 1644 1654 1713 Ἀντίγονος

197 1709 250 1750 65
281 1701 473 1753 ἀκούσας
501 1706 588 1745 τῶν
607 1700 862 1756 αὐτομόλων
893 1701 960 1745 ὅτι
990 1702 1205 1772 μαχεσθαι
1232 1701 1394 1752 νυκτὸς
1423 1700 1652 1756 διεγνώκα-

280 1772 351 1803 σιν
380 1761 423 1802 οἱ
452 1759 674 1814 πολέμιοι,
713 1762 787 1826 τῇς
818 1759 897 1814 μὲν
927 1761 1105 1813 πορείας
1133 1758 1362 1814 α’πέσχετο,
1393 1758 1578 1801 διέταττε
1608 1757 1655 1800 δὲ

279 1817 359 1872 τὴν
389 1814 577 1870 δύναμιν
613 1817 672 1866 εἰς
706 1816 783 1858 τὸν
812 1817 1035 1859 κίνδυνον.
1093 1820 1173 1859 τοῦ
1204 1815 1249 1859 δε
1286 1815 1385 1869 περὶ
1413 1819 1550 1857 ταῦτα
1577 1819 1655 1856 θο-

282 1872 582 1943 ρυβουμένου,
622 1873 694 1915 καὶ
721 1872 819 1926 περι
857 1875 937 1915 τοῦ
967 1873 1197 1940 μέλλοντος
1225 1871 1522 1926 ἀγωνιῶντος,
1555 1869 1653 1912 ε’λα-

281 1936 369 1974 θον
409 1930 452 1971 οἱ
479 1928 576 1999 περὶ
616 1927 693 1971 τὸν
722 1929 901 1997 Ευμένη
914 1927 1225 1997 προλαβόντες
1260 1929 1332 1971 καὶ
1361 1927 1450 1996 τὴν
1471 1927 1654 1970 ὁδοιπο-

197 1995 252 2034 70
284 1988 384 2040 ρίαν
424 1985 682 2039 ποιούμενοι
721 2001 831 2028 κατα
873 1984 999 2039 τάχος
1039 1987 1098 2036 εἰς
1135 2001 1222 2054 την
1253 1988 1294 2027 Γ
1292 1982 1489 2039 αβιηνην
1550 1983 1572 2026 ὁ
1603 1980 1649 2025 δ’

280 2041 521 2098 Ἀντίγονος
559 2040 680 2097 μέχρι
717 2041 797 2097 μέν
836 2057 954 2092 τινος
991 2042 1038 2084 5v
1076 2046 1168 2092 τοῖς
1198 2040 1347 2092 ὅπλοις
1375 2044 1542 2095 συνεῖχε
1569 2038 1650 2095 τὴν

281 2210 338 2245 37.
386 2211 431 2264 τῇ
455 2209 655 2255 παρθένῳ]
687 2223 754 2255 την
777 2209 970 2254 παρθένον
994 2211 1058 2243 ΤΥ
1082 2211 1163 2243 Bas.
1343 2209 1399 2244 38.
1448 2206 1648 2252 ἐξελόντος]

284 2255 485 2311 αφελόντος
516 2257 574 2300 Οἳ
581 2257 624 2289 w
657 2260 691 2290 et
725 2257 783 2299 qui
807 2258 893 2290 omi
887 2268 934 2290 so
957 2268 995 2292 τε
1019 2260 1110 2300 post
1119 2253 1275 2294 ὀδόντας
1295 2256 1390 2289 addit
1412 2253 1595 2298 ἐξελόντος
1620 2256 1649 2288 F

283 2303 341 2336 39.
365 2297 412 2347 ἦν
436 2302 612 2347 φοβερὸς]
637 2304 729 2348 φοβε
734 2302 797 2345 ρὸς
813 2298 916 2359 ἧνῈ
1037 2301 1094 2336 40.
1120 2300 1316 2345 τύπτοντα]
1342 2298 1505 2337 α’πτοντα
1523 2303 1553 2335 Υ
1568 2302 1651 2336 Bas.

492 2349 524 2383 1.
570 2349 849 2394 παραπλήσιον]
873 2362 942 2393 γαρ
966 2346 1120 2383 πλήσιον
1144 2349 1225 2381 Bas.
1407 2349 1464 2381 42.
1511 2348 1649 2381 τούτου

285 2390 377 2438 γαρ]
404 2393 543 2427 invertit
566 2395 594 2428 F
775 2395 832 2429 43.
878 2395 1081 2438 τηνικαῦτα
1104 2406 1171 2427 om.
1196 2394 1260 2427 ΤΧ
1284 2394 1379 2435 Bas,
1405 2393 1566 2429 asterisco
1589 2404 1648 2426 no-

285 2439 372 2474 τιυὶῐ
394 2439 589 2482 Stephanus
769 2441 827 2476 45.
874 2441 1059 2486 λέγοντος]
1095 2440 1242 2484 λέγοντα
1267 2441 1342 2473 VW
1524 2438 1649 2482 έλυσε]

291 2484 428 2520 διέλυσε
451 2486 480 2519 F
668 2486 722 2520 47.
771 2485 809 2521 δ’
835 2487 865 2520 F
1058 2486 1114 2520 48.
1160 2484 1394 2530 παρήγγειλε]
1432 2484 1650 2542 παρήγγελκε

290 2533 349 2565 FB
354 2532 398 2564 NV
580 2529 849 2586 ἀναζευγνύειν]
873 2529 1081 2576 ἀναζεύξειν
1105 2532 1134 2564 F
1139 2533 1161 2564 ἱ
1167 2532 1211 2564 W
1391 2531 1448 2565 50.
1494 2529 1651 2575 ὑπέλαβε

291 2577 696 2612 Rhodomann¹1321ibti
719 2575 876 2625 ’ὑπέβαλε
1057 2577 1112 2610 51.
1163 2576 1352 2623 Γαβιηνην
1376 2578 1538 2620 FQVW,
1571 2589 1649 2611 cae-

289 2623 354 2658 teri
389 2622 564 2668 Γαβηνήν
746 2624 803 2658 52.
851 2624 914 2659 καὶ
941 2635 1010 2659 om.
1042 2625 1072 2657 F
1255 2624 1311 2658 55.
1359 2622 1493 2679 αὐτὸς]
1523 2621 1651 2662 αὐτοῖς

291 2669 422 2712 va,
448 2672 506 2708 οἷς
527 2680 630 2712 super
653 2667 692 2710 69
715 2670 811 2714 ponit
833 2672 863 2704 F
1037 2669 1095 2703 (56.
1143 2668 1326 2714 διέταττε]
1348 2669 1510 2705 διέτασσε
1530 2680 1649 2702 omnes

382 2714 528 2794 Engo
573 2716 763 2762 Γαβιηνήν
784 2717 864 2761 Fv,
887 2716 1013 2752 caeteri
1037 2715 1210 2762 Γαβηνήν
1390 2716 1445 2751 71.
1492 2714 1650 2759 συνεῖχε]

290 2758 360 2806 εἶχε
