1820 3249
282 113 394 154 1174
630 110 749 153 [AB.
780 110 909 153 xvn.
966 111 1097 153 CAP.
1128 114 1197 155 41.
1228 115 1295 155 42.

281 223 370 264 τῶν
397 219 444 264 έν
471 223 525 278 τῇ
557 220 686 292 Τύρῳ
721 226 1031 293 μηχανοποιῶν
1059 224 1133 268 καὶ
1162 226 1248 267 τῶν
1278 223 1422 267 ἄλλων
1450 228 1654 280 τεχνιτῶν

198 279 252 322 55
280 280 571 322 παντοδαπῶν
602 278 755 323 ὄντων.
813 279 885 324 διά
915 280 961 324 δὲ
993 296 1165 323 τουτων
1184 285 1271 323 τῶν
1298 279 1512 334 ὀργάνων
1541 297 1654 324 παν-

281 337 486 378 τοδαπῶν
529 335 602 379 καὶ
640 335 774 388 ξένων
819 341 913 388 ταῖς
955 337 1164 389 ἐπινοίαις
1206 336 1651 392 κατασκευαζομένων,

283 390 397 442 ἅπας
425 391 504 446 μὲν
531 390 555 435 6
585 394 816 448 περίβολος
843 397 918 449 τῆς
948 393 1114 444 πόλεως
1143 394 1372 465 ἐπληρώθη
1401 398 1487 437 τῶν
1516 410 1653 461 μηχα-

281 451 396 499 νῶν,
428 447 613 503 μάλιστα
641 449 688 492 δὲ
716 466 826 493 κατα
849 450 928 494 τὸν
957 449 1094 493 τόπον
1121 454 1281 493 τοῦτον
1313 450 1359 493 έν
1390 451 1423 506 ᾠ
1454 448 1503 493 τὸ
1534 455 1655 505 χῶμα

199 513 252 552 60
283 503 531 574 συνήγγιζε
547 508 607 561 τῷ
645 507 783 561 τείχει.
841 505 899 558 ῶς
929 504 976 549 δ’
1009 507 1067 556 είς
1095 506 1175 575 τὴν
1204 507 1362 562 ἄφεσιν
1390 510 1471 550 τοῦ
1502 507 1656 560 βέλους

282 559 458 604 διέτεινε
486 560 535 604 τὸ
566 563 993 617 κατασκευαζόμενον
1029 561 1117 606 ὑπὸ
1157 566 1245 606 τῶν
1275 562 1549 607 Μακεδόνων
1591 563 1656 616 ε’-ρ

281 633 387 672 γον,
428 618 502 660 καὶ
531 618 649 673 παρὰ
679 621 766 662 τῶν
792 623 911 662 θεῶν
939 635 1040 661 τινα
1069 622 1408 688 προεσημαίνετο
1438 625 1529 670 τοῖς
1557 635 1658 662 κιν-

282 650 560 718 δυνέύουσιν.
621 675 666 718 ἐκ
701 676 780 730 μὲν
807 676 891 730 γὰρ
922 679 1002 718 τοῦ
1030 676 1244 731 πελάγους
1274 675 1296 718 6
1327 677 1501 720 κλύδων
1529 692 1657 730 προς’

283 729 458 774 επέλασε
487 735 578 782 τοῖς
610 731 753 785 ἔργοις
781 736 913 800 κῆτος
941 730 1126 775 ἄπιστον
1154 732 1204 775 το
1233 732 1438 786 μέγεθος,
1469 731 1494 776 6
1522 748 1653 785 προς·
1670 739 1732 772 191

200 790 254 832 65
283 787 418 830 πεσὸν
455 791 516 844 τῷ
555 786 720 842 χῶιιατι
753 787 892 831 κακον
930 805 1010 843 μεν
1049 786 1181 831 οὐδὲν
1206 788 1460 843 εἰργάσατο
1510 794 1570 845 τῷ
1612 787 1655 831 δ’

282 842 411 911 ετέρῳ
443 846 563 897 μέρει
601 848 682 887 τοῦ
713 844 914 899 σώματος
942 845 1391 914 προςανακεκλιμένον
1423 845 1490 887 ἐπὶ
1519 835 1659 888 πολὺν

282 898 445 954 χρόνον
484 900 627 967 ἔμενε,
687 901 761 944 καὶ
799 901 967 957 πολλὴν
1001 900 1265 971 κατάπληξιν
1302 903 1526 956 παρείχετο
1566 906 1659 952 τοῖς

282 955 520 1010 θεωμένοις
550 960 599 999 το
630 957 908 1011 παράδοξον·
952 958 1082 1001 πάλιν
1121 957 1164 1002 δ’
1205 960 1264 1009 εἰς
1291 958 1340 1001 τὸ
1372 958 1558 1027 πέλαγος
1571 975 1660 1027 νη-

200 1022 254 1060 70
284 1011 470 1066 ξάμενον
492 1014 552 1063 εἰς
573 1015 918 1067 δεισιδαιμονίαν
941 1013 1217 1068 ἀμφοτέρους
1233 1014 1516 1070 προηγάγετο.
1564 1014 1656 1057 ἑκά-

282 1085 399 1122 τεροι
429 1085 512 1124 γαρ
543 1067 601 1120 ῶς
629 1074 710 1112 τοῦ
742 1074 1020 1122 Ποσειδῶνος
1047 1069 1197 1122 αὐτοῖς
1219 1073 1460 1127 βοηθήσειν
1484 1072 1659 1125 μέλλον·

283 1141 358 1176 τος
393 1126 612 1180 διέκρινον
640 1125 689 1169 το
721 1133 920 1183 σημεῖον,
972 1129 1172 1183 ῥέποντες
1205 1133 1299 1178 ταῖς
1327 1128 1520 1184 γνώμαις
1549 1126 1660 1196 πρὸς

283 1180 332 1224 τὸ
370 1183 488 1226 ἰ’διον
526 1183 769 1251 συμφέρον.
829 1184 991 1239 ἐγίνετο
1025 1185 1070 1229 δὲ
1100 1185 1174 1228 καὶ
1205 1183 1313 1228 ἄλλα
1343 1190 1495 1240 σημεῖα
1525 1182 1662 1237 παρά-

284 1239 405 1290 δοξα,
435 1237 658 1309 δυνάμενα
687 1240 925 1311 διατροπὴν
954 1241 1025 1285 καὶ
1055 1241 1201 1310 φόβον
1228 1247 1319 1291 τοῖς
1349 1241 1493 1297 ὄχλοις
1519 1257 1661 1295 παρα-

202 1298 256 1340 75
286 1294 478 1366 σχέσθαι.
536 1294 646 1339 κατά
685 1296 769 1352 γὰρ
808 1297 887 1348 τάς
924 1298 1093 1352 τροφὰς
1131 1297 1250 1351 παρὰ
1285 1303 1377 1348 τοῖς
1406 1299 1661 1341 Μακεδόσιν

285 1353 329 1394 οἷ
357 1350 647 1422 διακλώμενοι
683 1358 771 1396 τῶν
800 1353 945 1408 ἄρτων
974 1356 1223 1409 αἰματοειδῆ
1253 1371 1346 1424 την
1363 1353 1578 1407 πρόςοψιν
1608 1351 1662 1397 εἶ-

283 1423 376 1463 χον.
433 1407 674 1461 ἑωρακέναι
700 1409 747 1452 δέ
777 1426 840 1462 τις
869 1411 1029 1466 ε’φησεν
1060 1410 1162 1458 ὄψιν
1181 1409 1288 1454 καθ’
1317 1409 1371 1468 ἣν
1392 1410 1415 1454 ὁ
1443 1409 1663 1454 Ἀπόλλων

284 1465 399 1520 ε’λεγε
436 1465 605 1536 μέλλειν
646 1465 804 1510 εαυτον
842 1467 1028 1510 ἐκλιπεῖν
1065 1469 1142 1523 τὴν
1173 1467 1314 1510 πόλιν.
1371 1472 1452 1510 τοῦ
1484 1467 1529 1511 δὲ
1558 1466 1663 1523 πλή-

283 1526 397 1571 θους
425 1519 756 1592 ὑπονοήσαντος
786 1523 854 1567 ὅτι
885 1525 1114 1575 πεπλακώς
1143 1525 1208 1580 ειη
1237 1524 1315 1567 τὸν
1342 1524 1475 1595 λόγον
1495 1525 1663 1594 χαριζό-

202 1583 256 1622 80
286 1593 415 1647 μενος
445 1575 733 1651 Ἀλεξάνδρῳ,
782 1581 855 1624 καὶ
894 1581 966 1624 διὰ
1000 1584 1133 1624 τοῦτο
1163 1585 1252 1623 τῶν
1280 1581 1502 1639 νεωτέρων
1531 1580 1662 1636 ὁρμη-

286 1632 459 1677 σάντων
497 1634 567 1678 ε’πὶ
607 1636 656 1679 τό
689 1640 977 1694 λιθοβολῆσαι
1006 1638 1083 1680 τον
1113 1637 1375 1690 ἄνθρωπον,
1419 1641 1551 1711 οὑτος
1581 1638 1661 1691 μὲν

288 1689 360 1733 διά
401 1694 491 1733 τῶν
528 1689 754 1762 ἀρχόντων
790 1695 965 1745 κλαπεις
1000 1695 1074 1737 καὶ
1112 1711 1381 1766 καταφυγων
1411 1696 1471 1745 εἰς
1500 1695 1548 1737 τὸ
1578 1698 1661 1737 τοῦ

284 1745 590 1799 Ἡρακλέους
575 1748 694 1802 ιερὸν
724 1749 903 1804 διέφυγε
927 1751 1007 1807 την
1029 1753 1242 1807 τιμωρίαν
1272 1750 1344 1794 διὰ
1366 1753 1445 1807 τὴν
1473 1752 1658 1794 ἱκεσίαν·

203 1804 258 1847 85
288 1804 332 1846 οἷ
360 1803 405 1847 δε
440 1806 595 1858 Τύριοι
626 1806 1078 1878 δεισιδαιμονήσαντες
1109 1812 1292 1863 χρυσαῖς
1322 1812 1484 1862 σειραῖς
1512 1806 1664 1861 προςέ-

287 1861 432 1929 δησαν
454 1861 503 1904 τὸ
532 1865 610 1905 τοῦ
636 1861 903 1914 ’Λπόλλωνος
933 1864 1094 1916 ξόανον
1130 1881 1184 1920 τῃ
1217 1864 1363 1933 βάσει,
1408 1864 1664 1920 ἐμποδίζον-

285 1931 368 1967 τες,
400 1914 459 1968 ὦς
491 1917 657 1974 ᾠόντο,
698 1923 780 1962 τοῦ
808 1926 920 1963 θεοῦ
947 1920 1024 1965 τὸν
1054 1921 1100 1964 ἐκ
1129 1925 1203 1989 τῆς
1232 1920 1396 1972 πόλεως
1429 1921 1660 1976 χωρισμόν.

202 1977 257 2015 42
287 1971 392 2044 μετὰ
422 1973 467 2016 δὲ
496 1978 634 2018 ταῦτα
667 1977 711 2019 οἱ
737 1976 818 2045 μὲν
851 1977 1008 2031 Τύριοι
1036 1977 1116 2046 τὴν
1146 1976 1327 2032 αὔξησιν
1355 1981 1436 2020 τοῦ
1464 1977 1663 2033 χώματος

203 2033 257 2073 90
287 2028 610 2100 εὐλαβηθέντες,
640 2031 898 2088 ἐπλήρωσαν
926 2033 1065 2077 πολλα
1095 2037 1185 2077 τῶν
1214 2034 1454 2078 ἐλαττόνων
1479 2038 1663 2088 σκαφῶν

283 2084 502 2156 ὀξυβελῶν
529 2103 573 2130 τε
607 2094 885 2133 καταπελτῶν
914 2091 988 2134 καὶ
1016 2092 1207 2143 τοξοτῶν
1240 2092 1314 2134 καὶ
1352 2093 1662 2160 σφενδονητῶν
1727 2146 1730 2147 ⁷

285 2140 483 2195 ἀνδρῶν’,
512 2144 586 2187 καὶ
615 2145 984 2216 προςπλεύσαντες
1013 2153 1104 2199 τοῖς
1134 2147 1432 2216 ἐργαζομένοις
1459 2146 1508 2190 το
1538 2151 1663 2203 χῶμα

283 2200 475 2250 πολλοὺς
504 2200 582 2255 μὲν
618 2203 918 2257 κατέτρωσαν,
968 2202 1051 2248 οὐκ
1093 2202 1269 2258 ὀλίγους
1306 2205 1351 2247 δὲ
1391 2203 1661 2247 ἀπέκτειναν.

285 2257 345 2305 εἰς
375 2253 593 2308 ἀνόπλους
622 2258 706 2313 γάρ
737 2260 809 2302 καὶ
838 2261 1032 2311 πυκνούς
1061 2265 1236 2303 πολλῶν
1256 2261 1327 2304 καὶ
1350 2262 1571 2304 παντοίων
1596 2263 1663 2315 βε-

202 2312 256 2354 95
285 2316 375 2355 λῶν
405 2315 674 2370 φερομένων,
707 2313 852 2368 οὐδεὶς
879 2315 1146 2373 ἡμάρτανεν,
1178 2317 1361 2374 ἑτοίμων
1389 2318 1462 2361 καὶ
1492 2315 1662 2375 ἀφυλά-

283 2467 341 2503 55.
389 2467 508 2506 ὄντων
532 2482 598 2506 om.
632 2473 665 2508 T
687 2474 771 2511 Bas.
966 2475 1218 2510 παντοδαπῶν
1243 2476 1275 2509 Τ
1301 2477 1402 2518 Bas„
1437 2476 1563 2510 caeteri
1587 2477 1661 2510 τῶν

283 2517 535 2552 παντοδαπῶν
725 2521 783 2555 59.
828 2519 897 2566 τήν
922 2518 1055 2565 ἄφεσιν
1078 2523 1144 2557 τοῦ
1168 2521 1314 2566 βέλους]
1352 2527 1472 2557 neuter
1494 2523 1662 2556 articulus

284 2567 338 2597 est
359 2574 395 2606 p.
420 2563 498 2598 192.
522 2563 579 2597 29.
762 2566 820 2601 6⁰.
868 2567 1040 2612 διέτεινε]
1067 2569 1258 2603 διετείνετο
1284 2569 1313 2601 1⁴*
1338 2573 1371 2602 et
1394 2569 1423 2603 L
1446 2569 1502 2602 vel
1527 2569 1559 2601 Τ

377 2607 456 2644 191.
480 2608 535 2642 (35.
569 2608 610 2644 δ’
635 2612 666 2645 F
826 2612 884 2647 66.
919 2611 1106 2669 σώματος]
1133 2613 1300 2657 χώματος
1323 2615 1354 2649 F
1515 2614 1572 2649 78.
1605 2611 1663 2648 ἕκ-

283 2654 426 2698 λιπεῖν]
461 2652 634 2690 ἐκλείπειν
666 2657 696 2690 F
901 2658 959 2693 82.
1007 2657 1070 2694 διά
1094 2660 1194 2706 τῶν]
1228 2657 1302 2697 ὑπὸ
1327 2660 1402 2694 τῶν
1426 2661 1454 2693 L

280 2698 338 2733 85.
385 2699 611 2744 προςέδησαν
636 2703 713 2747 FL,
748 2703 876 2738 caeteri
899 2703 1045 2751 περιὲδη
1050 2717 1118 2740 σαν
1308 2707 1366 2742 90.
1416 2703 1600 2753 ὀξυβελῶν
1623 2717 1661 2742 τε

283 2758 414 2780 καταπ.
427 2747 438 2791 ]
463 2747 679 2783 scribebatur
703 2729 890 2797 ὀξυβελῶν
913 2763 951 2786 τε
977 2752 1039 2787 καὶ
1062 2764 1192 2787 καταπ-
