1820 3249
465 162 579 204 LIB.
615 161 739 203 xvn.
800 159 932 203 cAP.
963 164 1030 204 30.
1059 163 1127 206 31.
1378 161 1489 203 1163

114 271 181 349 ἧς
187 277 236 322 τὸ
255 277 418 347 ’τρίτον
415 274 630 342 ’Έλληνας
657 277 837 330 ποιῆσαι
867 272 1190 329 μισθοφόρους,
1219 272 1294 315 καὶ
1324 271 1386 316 δι’
1417 273 1487 328 ἐμ-

116 334 309 404 φάσεως
314 329 444 383 αὐτὸς
472 330 694 389 ἀνεδέχετο
724 330 1024 401 κατορθώσειν
1053 331 1132 387 τήν
1151 330 1360 384 ἐπιβολὴν
1385 329 1487 372 ταύ-
1521 333 1572 374 15

114 389 313 448 την.τό
341 404 420 446 μεν
441 390 526 432 οὐν
544 391 721 442 πρῶτον
750 386 773 431 6
805 387 1012 443 βασιλευς
1042 388 1377 457 συγκατετίθετο
1399 392 1490 437 τοῖς

113 446 375 503 λεγομένοις,
405 445 510 516 μετὰ
533 446 578 489 68
600 449 736 488 ταῦτα
750 448 839 488 τῶν
862 446 1003 514 φίλων
1027 443 1346 512 γενναιότερον
1352 442 1490 486 ἀντει-

111 504 286 549 πόντων
311 498 386 546 καὶ
413 501 492 546 τόν
520 503 776 562 Χαρίδημον
798 503 857 553 εἰς
885 500 1084 553 ὑποψίαν
1105 500 1301 570 ἀγόντων
1323 499 1388 542 ὅτι
1412 504 1489 555 τῆς

114 559 369 630 στρατηγίας
398 557 593 615 ὀρέγεται
620 563 786 630 τυχεῖν,
817 558 934 609 ὅπως
962 563 1052 609 τοῖς
1082 556 1309 600 Μακεδόσι
1339 559 1491 611 προδῳ
1521 563 1575 602 20

112 615 192 688 τήν
220 618 408 671 Περσων
425 616 696 687 ἡγεμονίαν,
735 615 758 659 6
787 614 866 672 μὲν
898 617 1151 684 Χαρίδημος
1181 614 1494 684 παροργισθεὶς

111 673 187 718 καὶ
229 671 564 728 προχειρότερον
614 671 830 724 ὀνειδίσας
878 673 957 730 τὴν
1007 674 1194 726 Περσων
1249 668 1495 724 ἀνανδρίαν

110 727 314 788 ἐποίησεν
359 728 429 773 ἐπὶ
474 733 625 774 πλεῖον
671 729 932 800 προςκόψαι
956 727 1035 772 τόν
1074 729 1253 799 βασιλέα
1293 732 1384 777 τοῖς
1424 725 1497 770 λό-

109 801 218 855 γοις.
283 789 366 829 τοῦ
405 791 555 858 θυμοῦ
601 786 647 830 68
695 786 744 830 τό
790 785 1016 843 συμφέρον
1058 785 1415 855 αφαιρουμένου,
1470 780 1494 826 6

109 841 191 899 μὲν
209 846 424 913 Δαρεῖος
466 841 779 913 επιλαβόμενος
818 846 893 899 τῆς
931 846 1010 886 τοῦ
1050 841 1311 910 Χαριδήμου
1353 840 1491 895 ζώνης
1522 843 1578 888 25

108 897 221 943 κατά
258 899 338 943 τὸν
373 915 463 943 των
493 903 681 955 Περσῶν
708 898 865 970 νόμον
879 900 1104 955 παρέδωκε
1134 904 1227 950 τοῖς
1256 896 1492 968 ὑπηρέταις

110 955 186 1001 καὶ
221 955 481 1026 προςέταξεν
516 956 783 1001 ἀποκτεῖναι.
842 955 866 1001 6
905 957 951 1000 68
983 958 1234 1011 Χαρίδημος
1275 953 1492 1023 ἀπαγόμε-

108 1027 188 1064 νος
215 1011 286 1056 ἐπὶ
312 1011 393 1056 τόν
421 1012 622 1057 θάνατον
649 1012 859 1085 ἀνεβόησε
888 1012 1192 1082 μεταμελήσειν
1221 1016 1359 1055 ταῦτα
1382 1009 1490 1066 ταχύ

109 1071 173 1125 τῷ
208 1071 379 1140 βασιλεῖ
412 1070 487 1113 καὶ
525 1073 603 1142 τῆς
643 1068 801 1114 ἀδίκου
836 1073 1044 1140 τιμωρίας
1083 1068 1221 1112 αὐτοῦ
1268 1069 1492 1122 σύντομον

109 1112 220 1178 ἕξειν
247 1141 329 1183 την
357 1125 540 1170 κόλασιν
569 1125 775 1170 ἐπιδόντα
800 1126 880 1183 τήν
903 1125 1143 1170 κατάλυσιν
1163 1129 1240 1180 τῆς
1257 1126 1490 1180 βασιλείας.
1521 1127 1576 1168 30

108 1183 362 1254 Χαρίδημος
390 1184 470 1239 μὲν
497 1179 580 1227 οὗν
608 1182 810 1254 μεγάλων
838 1184 1025 1253 ἐλπίδων
1053 1182 1258 1233 ἐκπεσών,
1289 1181 1361 1225 διὰ
1388 1182 1493 1235 παῤ-

110 1238 295 1309 ρησίαν
307 1237 494 1292 ἄκαιρον
531 1239 741 1310 τοιαύτην
782 1239 874 1295 ἔσχε
903 1240 983 1295 τήν
1010 1243 1092 1282 τοῦ
1122 1238 1223 1293 βίου
1252 1249 1491 1292 καταστρο-

109 1295 213 1366 φήν.
271 1293 297 1340 6
328 1295 373 1340 68
402 1296 607 1367 βασιλεὺς
628 1294 806 1347 ἀνέντος
834 1300 914 1340 τοῦ
943 1300 1095 1348 θυμοῦ
1114 1295 1195 1351 τήν
1211 1295 1357 1351 ψυχὴν
1375 1307 1490 1350 μετε-

108 1364 269 1422 νοησε,
292 1352 374 1396 καὶ
402 1353 702 1425 κατεμέμψατο
734 1353 892 1396 ἑαυτὸν
922 1369 980 1404 ως
1008 1352 1062 1395 τὰ
1092 1352 1270 1422 μέγιστα
1298 1352 1488 1408 ήμαρτη-
1522 1351 1576 1393 35

107 1406 229 1453 κότα.
287 1408 387 1453 ἀλλ’
414 1407 469 1454 06
495 1409 580 1480 γάρ
610 1412 667 1466 ήν
697 1408 892 1453 δυνατόν
919 1409 970 1453 τὸ·
998 1408 1181 1464 γεγονὸς
1210 1409 1283 1452 διά
1313 1412 1400 1479 τῆς
1416 1411 1494 1464 βα-

110 1468 277 1521 σιλικῆς
310 1465 508 1518 ἐξουσίας
546 1467 757 1523 αγένητον
794 1465 1126 1510 κατασκευάσαι.
1186 1464 1337 1520 διόπερ
1377 1463 1493 1509 ὀνει-

109 1521 437 1596 ροπολούμενος
475 1528 569 1575 ταῖς
618 1522 889 1567 Μακεδόνων
929 1522 1127 1576 ἀρεταῖς,
1169 1522 1245 1564 καὶ
1273 1521 1353 1578 τὴν
1381 1521 1495 1576 ἐνέρ-

107 1593 234 1634 γειαν
261 1578 341 1648 τὴν
365 1577 655 1650 Ἀλεξάνδρου
683 1580 770 1634 πρὸ
801 1578 1047 1649 ὀφθαλμων
1075 1578 1326 1648 λαμβάνων,
1362 1577 1494 1633 ἐζήτει

111 1635 351 1706 στρατηγόν
381 1634 615 1707 ἀξιόχρεων
644 1635 723 1680 τόν
757 1634 1066 1706 διαδεξόμενον
1094 1634 1175 1691 τήν
1202 1639 1284 1679 τοῦ
1314 1636 1496 1706 Μέμνο-
1527 1631 1581 1674 40

110 1707 189 1744 νος
213 1690 472 1749 ἡγεμονίαν·
517 1692 573 1737 06
603 1692 848 1763 δυνάμενος
877 1690 921 1736 δ’
952 1692 1114 1746 εὑρεῖν,
1147 1690 1280 1743 αὐτὸς
1308 1690 1495 1747 ἠναγκά-

112 1751 205 1819 ζετο
243 1751 525 1820 καταβαίνειν
567 1751 628 1802 εἰς
664 1748 744 1794 τόν
772 1748 883 1802 ὑπὲρ
915 1752 992 1804 τῆς
1020 1751 1239 1805 βασιλείας
1269 1751 1493 1792 κίνδυνον.
1525 1772 1578 1810 31

111 1803 249 1857 εὐθὺς
295 1801 380 1850 οὖν
417 1806 702 1876 μετεπέμπετο
742 1805 822 1858 τὰς
860 1806 1136 1861 πανταχόθεν
1175 1805 1383 1860 δυνάμεις
1422 1805 1496 1849 καὶ
1526 1827 1580 1868 45

111 1861 366 1917 προςέταξεν
400 1878 600 1907 απανταν
629 1865 689 1915 εἰς
719 1866 984 1934 Βαβυλῶνα,
1029 1863 1105 1906 καὶ
1132 1878 1222 1905 των
1252 1864 1394 1917 φίλων
1423 1863 1496 1905 καὶ

112 1934 201 1962 των
231 1923 453 1988 συγγενῶν
483 1920 703 1976 ἐπελέγετο
732 1919 836 1971 τοὺς
864 1918 1087 1973 εὐθέτους,
1120 1935 1182 1962 ων
1204 1924 1300 1969 τοῖς
1319 1919 1399 1974 μὲν
1416 1919 1496 1969 τας

112 1974 392 2046 αρμοζούσας
418 1976 652 2034 ἡγεμονίας
680 1976 947 2048 κατεμέριζε,
987 1976 1092 2028 τοὺς
1122 1975 1168 2019 δὲ
1193 1974 1304 2030 μεθ’
1335 1975 1494 2018 εαυτοῦ

111 2031 387 2077 κινδυνεύειν
415 2035 711 2089 προςέταττεν.
772 2050 831 2085 ως
852 2032 896 2076 δ’
920 2031 943 2076 6
963 2050 1013 2075 τι
1001 2049 1039 2088 ς
1069 2034 1293 2102 στρατείας
1323 2031 1494 2102 ἀφωρι-

113 2087 270 2143 σμένος
294 2087 456 2161 χρόνος
484 2091 776 2163 προςεγένετο,
789 2088 1082 2146 κατήντησαν
1112 2105 1298 2140 απαντες
1327 2091 1387 2139 εἰς
1414 2088 1495 2144 τὴν
1526 2092 1579 2134 50

111 2147 371 2202 Βαβυλωνα.
430 2145 454 2192 6
485 2146 529 2191 6’
561 2147 751 2217 ἀριθμὸς
779 2147 834 2204 ἡν
862 2150 952 2190 τῶν
980 2150 1256 2201 στρατιωτῶν
1278 2146 1398 2198 πεζοὶ
1418 2145 1498 2216 μὲν

111 2203 290 2256 πλείους
335 2206 426 2248 τῶν
468 2203 788 2262 τετταράκοντα
827 2200 1088 2262 μυριάδων,
1146 2204 1287 2255 ἱππεῖς
1329 2201 1375 2246 68
1415 2200 1498 2247 οὐκ

112 2347 170 2386 15.
216 2348 488 2397 κατορθώσειν]
512 2353 752 2400 κατορθῶσαι
774 2352 833 2387 FL
1018 2348 1218 2397 ἐπιβολήν]
1244 2346 1445 2395 ἐπιβουλήν
1467 2350 1498 2384 F

111 2395 169 2431 22.
216 2394 354 2443 ἀνανδρ
358 2400 436 2434 είαν
459 2400 541 2435 Bas.
709 2399 861 2443 πλεῖον]
885 2398 996 2433 πλείω
1022 2399 1051 2432 F
1076 2400 1159 2433 Bts.
1322 2397 1379 2433 23.
1426 2398 1500 2431 θυ-

113 2443 188 2484 μοῦ
215 2441 254 2478 68
277 2445 382 2490 FLT,
407 2447 536 2480 caeteri
556 2445 597 2482 68
616 2446 745 2491 θυμοῦ
884 2443 1182 2489 ἀφαιρουμένου]
1208 2441 1500 2487 ἀναιρουμένου,

114 2499 144 2530 φ
168 2500 274 2532 super
296 2502 317 2524 ν
332 2470 464 2546 psssito,
486 2494 516 2526 F
685 2492 743 2526 27.
785 2488 853 2527 τὸν
879 2504 948 2527 om.
971 2493 1000 2525 F
1185 2490 1242 2526 29.
1290 2491 1423 2526 αδίκου
1448 2503 1501 2524 τι·

113 2535 279 2580 μωρίας]
318 2533 452 2573 ἀδίκου
475 2540 656 2583 τιμωρίας
681 2539 760 2581 (sic)
783 2539 831 2581 Ia,
867 2540 934 2582 τῆς
958 2536 1080 2574 αὐτοῦ
1103 2539 1284 2582 τιμωρίας
1307 2533 1443 2571 ἀδίκου
1470 2537 1500 2569 F

295 2581 354 2619 3⁰.
399 2583 605 2630 ἐπιδόντα]
640 2583 834 2625 ἐπιδόντος
864 2586 947 2619 Bas.
1141 2584 1199 2618 31.
1246 2581 1404 2618 ἐλπίδων
1429 2593 1499 2616 om.

113 2625 196 2660 Bae·
404 2630 462 2664 32.
510 2632 577 2688 ²62¹
601 2633 696 2688 τοῦ]
733 2631 803 2665 τοῦ
827 2631 885 2665 FL
1102 2629 1160 2664 34.
1191 2627 1249 2663 35.
1299 2626 1431 2664 ἑαυτὸν
1454 2648 1500 2652 -

114 2670 377 2729 ήμαρτηκότα]
425 2674 562 2712 ἑαυτοῦ
583 2698 624 2704 -
653 2674 905 2732 ἡμαρτηκότος
937 2676 999 2710 FI
1191 2675 1250 2709 36·
1297 2672 1501 2720 dys'mqtov]

114 2731 318 2764 αγεννηΐθν
339 2721 422 2756 13³8-
605 2724 664 2762 40.
712 2722 979 2768 διαδεξάμενον
999 2720 1072 2780 τήν
1097 2720 1300 2765 Μέμνονος
1322 2723 1403 2756 Bas.

207 2766 264 2800 47.
289 2766 422 2824 τους]
457 2771 536 2808 τοῖς
566 2770 597 2804 F
805 2770 863 2806 48.
913 2765 1009 2813 μεθ’
1046 2767 1207 2812 ἑαυτοῦ]
1260 2765 1344 2811 μετ’
1379 2763 1501 2802 αὐτοῦ

115 2811 189 2856 LT,
214 2810 299 2857 μετ’
322 2811 459 2850 ἑαυτοῦ
484 2816 567 2850 Bas.
754 2815 812 2852 419.
860 2814 1075 2860 στρατείας]
1111 2815 1284 2859 στρατιᾶς
1307 2813 1339 2849 F
