<?xml version="1.0" encoding="UTF-8"?>
<!DOCTYPE html PUBLIC "-//W3C//DTD XHTML 1.0 Transitional//EN"
    "http://www.w3.org/TR/xhtml1/DTD/xhtml1-transitional.dtd">
<html xmlns="http://www.w3.org/1999/xhtml" xml:lang="en" lang="en">
 <head>
  <title>
</title>
<meta http-equiv="Content-Type" content="text/html;charset=utf-8" />
  <meta name='ocr-system' content='tesseract 3.04.00' />
  <meta name='ocr-capabilities' content='ocr_page ocr_carea ocr_par ocr_line ocrx_word'/>
</head>
<body>
  <div class='ocr_page' id='page_1' title='image "./p1bibliothecahisto02dioduoft_0147.png"; bbox 0 0 1820 3249; ppageno 0'>
   <div class='ocr_carea' id='block_1_1' title="bbox 412 191 1441 237">
    <p class='ocr_par' dir='ltr' id='par_1_1' title="bbox 412 191 1441 237">
     <span class='ocr_line' id='line_1_1' title="bbox 412 191 1441 237; baseline 0.002 -3"><span class='ocrx_word' id='word_1_1' title='bbox 412 191 964 236; x_wconf 54' lang='lat' dir='ltr'><em>12113,xvl.„.cAP.31</em></span> <span class='ocrx_word' id='word_1_2' title='bbox 978 197 1113 237; x_wconf 75' lang='grc'><em>-33,</em></span> <span class='ocrx_word' id='word_1_3' title='bbox 1333 192 1441 237; x_wconf 69' lang='grc'><em>1671</em></span> 
     </span>
    </p>
   </div>
   <div class='ocr_carea' id='block_1_2' title="bbox 73 300 1528 2187">
    <p class='ocr_par' dir='ltr' id='par_1_2' title="bbox 73 300 1528 2172">
     <span class='ocr_line' id='line_1_2' title="bbox 82 300 1443 375; baseline 0 -25"><span class='ocrx_word' id='word_1_4' title='bbox 82 306 198 350; x_wconf 80' lang='grc' dir='ltr'><em>θίων</em></span> <span class='ocrx_word' id='word_1_5' title='bbox 224 321 311 350; x_wconf 83' lang='grc' dir='ltr'><em>των</em></span> <span class='ocrx_word' id='word_1_6' title='bbox 316 300 647 375; x_wconf 78' lang='grc' dir='ltr'><em>μισθοφόρων</em></span> <span class='ocrx_word' id='word_1_7' title='bbox 652 303 732 360; x_wconf 81' lang='grc' dir='ltr'><em>τήν</em></span> <span class='ocrx_word' id='word_1_8' title='bbox 752 303 992 374; x_wconf 80' lang='grc' dir='ltr'><em>ἡγεμονίαν</em></span> <span class='ocrx_word' id='word_1_9' title='bbox 1020 303 1231 356; x_wconf 79' lang='grc' dir='ltr'><em>διεδέξατο</em></span> <span class='ocrx_word' id='word_1_10' title='bbox 1257 305 1443 350; x_wconf 80' lang='grc' dir='ltr'><em>Κάλλιπ-</em></span> 
     </span>
     <span class='ocr_line' id='line_1_3' title="bbox 83 359 1443 449; baseline 0.001 -44"><span class='ocrx_word' id='word_1_11' title='bbox 83 379 164 414; x_wconf 89' lang='grc' dir='ltr'><em>πος</em></span> <span class='ocrx_word' id='word_1_12' title='bbox 193 360 218 406; x_wconf 88' lang='grc' dir='ltr'>ὁ</span> <span class='ocrx_word' id='word_1_13' title='bbox 247 360 430 412; x_wconf 80' lang='grc' dir='ltr'><strong><em>τούτους</em></strong></span> <span class='ocrx_word' id='word_1_14' title='bbox 459 359 569 416; x_wconf 86' lang='grc' dir='ltr'><em>πρὸς</em></span> <span class='ocrx_word' id='word_1_15' title='bbox 597 360 674 405; x_wconf 85' lang='grc' dir='ltr'><em>τὸν</em></span> <span class='ocrx_word' id='word_1_16' title='bbox 703 360 846 449; x_wconf 87' lang='grc' dir='ltr'><em>φόνον</em></span> <span class='ocrx_word' id='word_1_17' title='bbox 871 359 1217 416; x_wconf 77' lang='grc' dir='ltr'><em>παρασκευάσας,</em></span> <span class='ocrx_word' id='word_1_18' title='bbox 1246 364 1319 406; x_wconf 84' lang='grc' dir='ltr'><em>καὶ</em></span> <span class='ocrx_word' id='word_1_19' title='bbox 1344 359 1443 420; x_wconf 80' lang='grc' dir='ltr'><em>ἦρξε</em></span> 
     </span>
     <span class='ocr_line' id='line_1_4' title="bbox 83 419 1526 489; baseline 0.001 -27"><span class='ocrx_word' id='word_1_20' title='bbox 83 423 220 489; x_wconf 83' lang='grc' dir='ltr'><em>μῆνας</em></span> <span class='ocrx_word' id='word_1_21' title='bbox 247 419 549 472; x_wconf 83' lang='grc' dir='ltr'><em>τρειςκαίδεκα.</em></span> <span class='ocrx_word' id='word_1_22' title='bbox 1473 425 1526 463; x_wconf 82' lang='grc'><em>30</em></span> 
     </span>
     <span class='ocr_line' id='line_1_5' title="bbox 190 440 1527 543; baseline 0.001 -26.007"><span class='ocrx_word' id='word_1_23' title='bbox 190 474 282 517; x_wconf 70' lang='lat' dir='ltr'><em>&#39;&#39;Ew</em></span> <span class='ocrx_word' id='word_1_24' title='bbox 314 473 526 543; x_wconf 85' lang='grc' dir='ltr'><em>α’ρχοντος</em></span> <span class='ocrx_word' id='word_1_25' title='bbox 555 471 600 517; x_wconf 87' lang='lat'><em>6’</em></span> <span class='ocrx_word' id='word_1_26' title='bbox 643 440 874 543; x_wconf 77' lang='grc' dir='ltr'><em>Ἀθήνησιν</em></span> <span class='ocrx_word' id='word_1_27' title='bbox 904 471 1113 528; x_wconf 75' lang='grc' dir='ltr'><em>Εὔδημον</em></span> <span class='ocrx_word' id='word_1_28' title='bbox 1138 472 1339 529; x_wconf 86' lang='grc' dir='ltr'><em>Ῥωμαῖοι</em></span> <span class='ocrx_word' id='word_1_29' title='bbox 1372 492 1443 519; x_wconf 87' lang='grc' dir='ltr'><em>κα-</em></span> <span class='ocrx_word' id='word_1_30' title='bbox 1472 480 1527 518; x_wconf 73' lang='lat'><em>32</em></span> 
     </span>
     <span class='ocr_line' id='line_1_6' title="bbox 83 528 1445 603; baseline 0.001 -29"><span class='ocrx_word' id='word_1_31' title='bbox 83 530 289 603; x_wconf 82' lang='grc' dir='ltr'><em>τέστησαν</em></span> <span class='ocrx_word' id='word_1_32' title='bbox 320 529 515 582; x_wconf 77' lang='grc' dir='ltr'><em>ὑπάτους</em></span> <span class='ocrx_word' id='word_1_33' title='bbox 544 528 755 583; x_wconf 80' lang='grc' dir='ltr'><em>Μάρκον</em></span> <span class='ocrx_word' id='word_1_34' title='bbox 758 530 934 603; x_wconf 77' lang='grc' dir='ltr'><em>Φάβιον</em></span> <span class='ocrx_word' id='word_1_35' title='bbox 959 531 1032 572; x_wconf 88' lang='grc' dir='ltr'><em>καὶ</em></span> <span class='ocrx_word' id='word_1_36' title='bbox 1062 530 1251 584; x_wconf 82' lang='grc' dir='ltr'><em>Μάρκον</em></span> <span class='ocrx_word' id='word_1_37' title='bbox 1281 535 1445 576; x_wconf 86' lang='grc' dir='ltr'><em>Ποπίλ-</em></span> 
     </span>
     <span class='ocr_line' id='line_1_7' title="bbox 81 586 1440 643; baseline 0 -12"><span class='ocrx_word' id='word_1_38' title='bbox 81 591 185 631; x_wconf 87' lang='grc' dir='ltr'><em>λιον.</em></span> <span class='ocrx_word' id='word_1_39' title='bbox 245 587 333 630; x_wconf 80' lang='grc' dir='ltr'><em>ἐπὶ</em></span> <span class='ocrx_word' id='word_1_40' title='bbox 341 586 386 631; x_wconf 79' lang='grc' dir='ltr'><em>δὲ</em></span> <span class='ocrx_word' id='word_1_41' title='bbox 413 587 580 630; x_wconf 84' lang='grc' dir='ltr'><em>τούτων</em></span> <span class='ocrx_word' id='word_1_42' title='bbox 608 587 806 630; x_wconf 84' lang='grc' dir='ltr'><em>Βοιωτοὶ</em></span> <span class='ocrx_word' id='word_1_43' title='bbox 823 586 1094 643; x_wconf 86' lang='grc' dir='ltr'><em>νενικηκότες</em></span> <span class='ocrx_word' id='word_1_44' title='bbox 1121 587 1225 638; x_wconf 79' lang='grc' dir='ltr'><em>τοὺς</em></span> <span class='ocrx_word' id='word_1_45' title='bbox 1260 591 1440 639; x_wconf 81' lang='grc' dir='ltr'>Φωκεῖς,</span> 
     </span>
     <span class='ocr_line' id='line_1_8' title="bbox 80 643 1527 714; baseline 0.001 -28"><span class='ocrx_word' id='word_1_46' title='bbox 80 644 153 687; x_wconf 82' lang='grc' dir='ltr'><em>καὶ</em></span> <span class='ocrx_word' id='word_1_47' title='bbox 180 646 450 714; x_wconf 87' lang='grc' dir='ltr'><em>νομίσαντες</em></span> <span class='ocrx_word' id='word_1_48' title='bbox 461 644 537 687; x_wconf 88' lang='grc' dir='ltr'><em>τὸν</em></span> <span class='ocrx_word' id='word_1_49' title='bbox 556 644 808 687; x_wconf 82' lang='grc' dir='ltr'><em>αἰτιώτατον</em></span> <span class='ocrx_word' id='word_1_50' title='bbox 822 648 896 699; x_wconf 90' lang='grc' dir='ltr'><em>τῆς</em></span> <span class='ocrx_word' id='word_1_51' title='bbox 918 645 1163 713; x_wconf 81' lang='grc' dir='ltr'><em>ἱεροσυλίας</em></span> <span class='ocrx_word' id='word_1_52' title='bbox 1193 643 1445 714; x_wconf 77' lang='grc' dir='ltr'><em>Φιλόμηλον</em></span> <span class='ocrx_word' id='word_1_53' title='bbox 1475 648 1527 688; x_wconf 79' lang='grc'><em>35</em></span> 
     </span>
     <span class='ocr_line' id='line_1_9' title="bbox 79 698 1445 770; baseline 0.001 -28"><span class='ocrx_word' id='word_1_54' title='bbox 79 699 167 743; x_wconf 80' lang='grc' dir='ltr'><em>ὑπὸ</em></span> <span class='ocrx_word' id='word_1_55' title='bbox 195 705 312 744; x_wconf 82' lang='grc' dir='ltr'><em>θεῶν</em></span> <span class='ocrx_word' id='word_1_56' title='bbox 335 701 408 744; x_wconf 85' lang='grc' dir='ltr'><em>καὶ</em></span> <span class='ocrx_word' id='word_1_57' title='bbox 427 698 675 754; x_wconf 82' lang='grc' dir='ltr'><em>ἀνθρώπων</em></span> <span class='ocrx_word' id='word_1_58' title='bbox 702 700 1016 770; x_wconf 75' lang='grc' dir='ltr'><em>κεκολασμένον</em></span> <span class='ocrx_word' id='word_1_59' title='bbox 1049 698 1311 754; x_wconf 79' lang='grc' dir='ltr'><em>αποτρέψειν</em></span> <span class='ocrx_word' id='word_1_60' title='bbox 1339 718 1445 752; x_wconf 88' lang='grc' dir='ltr'><em>τους</em></span> 
     </span>
     <span class='ocr_line' id='line_1_10' title="bbox 80 754 1444 826; baseline 0.001 -27"><span class='ocrx_word' id='word_1_61' title='bbox 80 756 236 808; x_wconf 75' lang='grc' dir='ltr'><em>ἄλλους</em></span> <span class='ocrx_word' id='word_1_62' title='bbox 265 755 350 800; x_wconf 80' lang='grc' dir='ltr'><em>ἄπο</em></span> <span class='ocrx_word' id='word_1_63' title='bbox 380 761 455 826; x_wconf 81' lang='grc' dir='ltr'><em>τῆς</em></span> <span class='ocrx_word' id='word_1_64' title='bbox 473 755 626 812; x_wconf 80' lang='grc' dir='ltr'><em>ὁμοίας</em></span> <span class='ocrx_word' id='word_1_65' title='bbox 650 760 814 808; x_wconf 87' lang='grc' dir='ltr'><em>κακίας,</em></span> <span class='ocrx_word' id='word_1_66' title='bbox 847 754 1073 809; x_wconf 80' lang='grc' dir='ltr'><em>ανέζευξαν</em></span> <span class='ocrx_word' id='word_1_67' title='bbox 1094 758 1151 806; x_wconf 83' lang='grc' dir='ltr'><em>εἰς</em></span> <span class='ocrx_word' id='word_1_68' title='bbox 1168 758 1247 825; x_wconf 78' lang='grc' dir='ltr'><em>τὴν</em></span> <span class='ocrx_word' id='word_1_69' title='bbox 1268 759 1444 801; x_wconf 80' lang='grc' dir='ltr'><em>οἰκείαν.</em></span> 
     </span>
     <span class='ocr_line' id='line_1_11' title="bbox 80 812 1443 868; baseline 0.001 -13"><span class='ocrx_word' id='word_1_70' title='bbox 80 815 125 855; x_wconf 85' lang='grc' dir='ltr'><em>οἱ</em></span> <span class='ocrx_word' id='word_1_71' title='bbox 151 813 196 856; x_wconf 80' lang='grc' dir='ltr'><em>δὲ</em></span> <span class='ocrx_word' id='word_1_72' title='bbox 232 816 397 864; x_wconf 86' lang='grc' dir='ltr'><em>Φωκεῖς</em></span> <span class='ocrx_word' id='word_1_73' title='bbox 426 812 715 864; x_wconf 76' lang='grc' dir='ltr'><em>ἀπολυθέντες</em></span> <span class='ocrx_word' id='word_1_74' title='bbox 742 817 822 857; x_wconf 85' lang='grc' dir='ltr'><em>τοῦ</em></span> <span class='ocrx_word' id='word_1_75' title='bbox 839 813 1042 868; x_wconf 81' lang='grc' dir='ltr'><em>πολέμου</em></span> <span class='ocrx_word' id='word_1_76' title='bbox 1071 812 1179 856; x_wconf 81' lang='grc' dir='ltr'><em>κατοὶ</em></span> <span class='ocrx_word' id='word_1_77' title='bbox 1205 813 1254 857; x_wconf 81' lang='grc' dir='ltr'><em>τό</em></span> <span class='ocrx_word' id='word_1_78' title='bbox 1284 814 1443 867; x_wconf 89' lang='grc' dir='ltr'><em>παρόν,</em></span> 
     </span>
     <span class='ocr_line' id='line_1_12' title="bbox 80 868 1445 926; baseline 0.001 -14"><span class='ocrx_word' id='word_1_79' title='bbox 80 869 329 924; x_wconf 78' lang='grc' dir='ltr'><em>ἐπανῆλθον</em></span> <span class='ocrx_word' id='word_1_80' title='bbox 369 871 432 921; x_wconf 81' lang='grc' dir='ltr'><em>ε’ἰς</em></span> <span class='ocrx_word' id='word_1_81' title='bbox 477 870 708 924; x_wconf 79' lang='grc' dir='ltr'><em>Δελφούς,</em></span> <span class='ocrx_word' id='word_1_82' title='bbox 761 870 834 913; x_wconf 89' lang='grc' dir='ltr'><em>καὶ</em></span> <span class='ocrx_word' id='word_1_83' title='bbox 883 868 1166 920; x_wconf 78' lang='grc' dir='ltr'><em>συνελθόντες</em></span> <span class='ocrx_word' id='word_1_84' title='bbox 1210 886 1315 926; x_wconf 88' lang='grc' dir='ltr'><em>μετα</em></span> <span class='ocrx_word' id='word_1_85' title='bbox 1357 875 1445 914; x_wconf 78' lang='grc' dir='ltr'><em>τῶν</em></span> 
     </span>
     <span class='ocr_line' id='line_1_13' title="bbox 81 925 1527 1000; baseline -0.001 -30"><span class='ocrx_word' id='word_1_86' title='bbox 81 926 316 981; x_wconf 82' lang='grc' dir='ltr'><em>συμμάχων</em></span> <span class='ocrx_word' id='word_1_87' title='bbox 353 928 412 978; x_wconf 79' lang='grc' dir='ltr'><em>εἰς</em></span> <span class='ocrx_word' id='word_1_88' title='bbox 446 927 602 986; x_wconf 78' lang='grc' dir='ltr'><em>κοινήν</em></span> <span class='ocrx_word' id='word_1_89' title='bbox 641 927 868 996; x_wconf 73' lang='grc' dir='ltr'><em>ἐκκλησίαν</em></span> <span class='ocrx_word' id='word_1_90' title='bbox 906 926 1190 982; x_wconf 77' lang='grc' dir='ltr'><em>ἐβουλεύοντο</em></span> <span class='ocrx_word' id='word_1_91' title='bbox 1228 928 1327 1000; x_wconf 82' lang='grc' dir='ltr'><em>περι</em></span> <span class='ocrx_word' id='word_1_92' title='bbox 1362 931 1444 971; x_wconf 81' lang='grc' dir='ltr'><em>τοῦ</em></span> <span class='ocrx_word' id='word_1_93' title='bbox 1473 925 1527 969; x_wconf 79' lang='lat'><em>40</em></span> 
     </span>
     <span class='ocr_line' id='line_1_14' title="bbox 77 983 1445 1055; baseline 0.001 -30"><span class='ocrx_word' id='word_1_94' title='bbox 77 984 383 1055; x_wconf 84' lang='grc' dir='ltr'><em>πολέμου.οῑ</em></span> <span class='ocrx_word' id='word_1_95' title='bbox 421 984 509 1054; x_wconf 78' lang='grc' dir='ltr'><em>μὲν</em></span> <span class='ocrx_word' id='word_1_96' title='bbox 538 987 621 1027; x_wconf 85' lang='grc' dir='ltr'><em>οὐν</em></span> <span class='ocrx_word' id='word_1_97' title='bbox 660 983 964 1027; x_wconf 81' lang='grc' dir='ltr'><em>ἐπιεικέστατοι</em></span> <span class='ocrx_word' id='word_1_98' title='bbox 1005 983 1113 1037; x_wconf 85' lang='grc' dir='ltr'><em>πρὸς</em></span> <span class='ocrx_word' id='word_1_99' title='bbox 1151 983 1229 1039; x_wconf 80' lang='grc' dir='ltr'><em>τὴν</em></span> <span class='ocrx_word' id='word_1_100' title='bbox 1268 984 1445 1055; x_wconf 80' lang='grc' dir='ltr'><em>εἰρήνην</em></span> 
     </span>
     <span class='ocr_line' id='line_1_15' title="bbox 79 1038 1444 1097; baseline 0.001 -14"><span class='ocrx_word' id='word_1_101' title='bbox 79 1040 282 1095; x_wconf 80' lang='grc' dir='ltr'><em>ε’ρρεπον,</em></span> <span class='ocrx_word' id='word_1_102' title='bbox 329 1042 372 1083; x_wconf 92' lang='grc' dir='ltr'><em>οι</em></span> <span class='ocrx_word' id='word_1_103' title='bbox 409 1038 453 1083; x_wconf 82' lang='grc' dir='ltr'><em>δ’</em></span> <span class='ocrx_word' id='word_1_104' title='bbox 485 1038 651 1095; x_wconf 83' lang='grc' dir='ltr'><em>ασεβεΐς</em></span> <span class='ocrx_word' id='word_1_105' title='bbox 681 1041 753 1083; x_wconf 86' lang='grc' dir='ltr'><em>καὶ</em></span> <span class='ocrx_word' id='word_1_106' title='bbox 780 1040 915 1096; x_wconf 79' lang='grc' dir='ltr'><em>τόλμῃ</em></span> <span class='ocrx_word' id='word_1_107' title='bbox 945 1041 1018 1083; x_wconf 85' lang='grc' dir='ltr'><em>καὶ</em></span> <span class='ocrx_word' id='word_1_108' title='bbox 1045 1042 1265 1097; x_wconf 77' lang='grc' dir='ltr'><em>πλεονεξίᾳ</em></span> <span class='ocrx_word' id='word_1_109' title='bbox 1296 1040 1444 1096; x_wconf 87' lang='grc' dir='ltr'><em>διαφέ-</em></span> 
     </span>
     <span class='ocr_line' id='line_1_16' title="bbox 77 1095 1444 1169; baseline 0.001 -30"><span class='ocrx_word' id='word_1_110' title='bbox 77 1112 227 1150; x_wconf 89' lang='grc' dir='ltr'><em>ροντες</em></span> <span class='ocrx_word' id='word_1_111' title='bbox 247 1095 472 1151; x_wconf 80' lang='grc' dir='ltr'><em>ἐφρόνουν</em></span> <span class='ocrx_word' id='word_1_112' title='bbox 488 1097 541 1139; x_wconf 84' lang='grc' dir='ltr'><em>τοὶ</em></span> <span class='ocrx_word' id='word_1_113' title='bbox 563 1098 749 1149; x_wconf 86' lang='grc' dir='ltr'><em>ε’ναντία,</em></span> <span class='ocrx_word' id='word_1_114' title='bbox 774 1098 847 1139; x_wconf 83' lang='grc' dir='ltr'><em>καὶ</em></span> <span class='ocrx_word' id='word_1_115' title='bbox 866 1096 1059 1151; x_wconf 76' lang='grc' dir='ltr'><em>περιεβλέ</em></span> <span class='ocrx_word' id='word_1_116' title='bbox 1051 1113 1195 1140; x_wconf 90' lang='grc' dir='ltr'><em>ποντο</em></span> <span class='ocrx_word' id='word_1_117' title='bbox 1220 1102 1444 1169; x_wconf 81' lang='grc' dir='ltr'><em>ζητοῦντες</em></span> 
     </span>
     <span class='ocr_line' id='line_1_17' title="bbox 76 1152 1443 1223; baseline 0.001 -28"><span class='ocrx_word' id='word_1_118' title='bbox 76 1152 154 1196; x_wconf 86' lang='grc' dir='ltr'><em>τὸν</em></span> <span class='ocrx_word' id='word_1_119' title='bbox 192 1152 547 1208; x_wconf 83' lang='grc' dir='ltr'><em>συνηγορήσοντα</em></span> <span class='ocrx_word' id='word_1_120' title='bbox 584 1158 677 1204; x_wconf 86' lang='grc' dir='ltr'><em>ταῖς</em></span> <span class='ocrx_word' id='word_1_121' title='bbox 715 1153 940 1221; x_wconf 79' lang='grc' dir='ltr'><em>σφετέραις</em></span> <span class='ocrx_word' id='word_1_122' title='bbox 967 1155 1269 1223; x_wconf 79' lang='grc' dir='ltr'><em>παρανομίαις.</em></span> <span class='ocrx_word' id='word_1_123' title='bbox 1325 1153 1443 1198; x_wconf 85' lang='grc' dir='ltr'><em>Ὀνό-</em></span> 
     </span>
     <span class='ocr_line' id='line_1_18' title="bbox 77 1209 1525 1279; baseline 0.001 -28"><span class='ocrx_word' id='word_1_124' title='bbox 77 1226 240 1266; x_wconf 86' lang='grc' dir='ltr'><em>μαρχος</em></span> <span class='ocrx_word' id='word_1_125' title='bbox 268 1211 315 1253; x_wconf 79' lang='grc' dir='ltr'><em>δὲ</em></span> <span class='ocrx_word' id='word_1_126' title='bbox 342 1209 713 1278; x_wconf 80' lang='grc' dir='ltr'><em>πεφροντισμένον</em></span> <span class='ocrx_word' id='word_1_127' title='bbox 748 1209 881 1264; x_wconf 90' lang='grc' dir='ltr'><em>λόγον</em></span> <span class='ocrx_word' id='word_1_128' title='bbox 914 1210 1101 1253; x_wconf 82' lang='grc' dir='ltr'><em>διελθων</em></span> <span class='ocrx_word' id='word_1_129' title='bbox 1128 1210 1236 1263; x_wconf 71' lang='grc' dir='ltr'><em>’ὑπὲρ</em></span> <span class='ocrx_word' id='word_1_130' title='bbox 1265 1214 1347 1254; x_wconf 81' lang='grc' dir='ltr'><em>τοῦ</em></span> <span class='ocrx_word' id='word_1_131' title='bbox 1370 1228 1442 1279; x_wconf 75' lang='grc' dir='ltr'><em>τη-</em></span> <span class='ocrx_word' id='word_1_132' title='bbox 1471 1210 1525 1253; x_wconf 85' lang='grc'><em>45</em></span> 
     </span>
     <span class='ocr_line' id='line_1_19' title="bbox 79 1265 1440 1336; baseline 0 -26"><span class='ocrx_word' id='word_1_133' title='bbox 79 1271 170 1320; x_wconf 89' lang='grc' dir='ltr'><em>ρεῖν</em></span> <span class='ocrx_word' id='word_1_134' title='bbox 213 1267 291 1321; x_wconf 81' lang='grc' dir='ltr'><em>τὴν</em></span> <span class='ocrx_word' id='word_1_135' title='bbox 336 1267 378 1318; x_wconf 80' lang='grc' dir='ltr'><em>ἐξ</em></span> <span class='ocrx_word' id='word_1_136' title='bbox 415 1265 546 1322; x_wconf 79' lang='grc' dir='ltr'><em>αρχῆς</em></span> <span class='ocrx_word' id='word_1_137' title='bbox 582 1268 838 1336; x_wconf 62' lang='grc' dir='ltr'><em>πρραίρεσιν</em></span> <span class='ocrx_word' id='word_1_138' title='bbox 874 1267 1168 1320; x_wconf 76' lang='grc' dir='ltr'><em>προετρέψατο</em></span> <span class='ocrx_word' id='word_1_139' title='bbox 1209 1267 1259 1310; x_wconf 81' lang='grc' dir='ltr'><em>τὰ</em></span> <span class='ocrx_word' id='word_1_140' title='bbox 1297 1266 1440 1323; x_wconf 83' lang='grc' dir='ltr'><em>πληθη</em></span> 
     </span>
     <span class='ocr_line' id='line_1_20' title="bbox 76 1321 1442 1392; baseline 0.001 -26"><span class='ocrx_word' id='word_1_141' title='bbox 76 1323 186 1379; x_wconf 88' lang='grc' dir='ltr'><em>πρὸς</em></span> <span class='ocrx_word' id='word_1_142' title='bbox 223 1323 301 1366; x_wconf 85' lang='grc' dir='ltr'><em>τὸν</em></span> <span class='ocrx_word' id='word_1_143' title='bbox 335 1321 545 1392; x_wconf 87' lang='grc' dir='ltr'><em>πόλεμον,</em></span> <span class='ocrx_word' id='word_1_144' title='bbox 598 1321 678 1379; x_wconf 75' lang='grc' dir='ltr'><em>οὐχ</em></span> <span class='ocrx_word' id='word_1_145' title='bbox 716 1322 830 1366; x_wconf 82' lang='grc' dir='ltr'><em>οὕτω</em></span> <span class='ocrx_word' id='word_1_146' title='bbox 869 1327 949 1366; x_wconf 86' lang='grc' dir='ltr'><em>τοῦ</em></span> <span class='ocrx_word' id='word_1_147' title='bbox 986 1340 1111 1380; x_wconf 84' lang='grc' dir='ltr'><em>κοινη</em></span> <span class='ocrx_word' id='word_1_148' title='bbox 1142 1324 1442 1385; x_wconf 82' lang='grc' dir='ltr'><em>συμφέροντος</em></span> 
     </span>
     <span class='ocr_line' id='line_1_21' title="bbox 75 1378 1443 1451; baseline 0.001 -28"><span class='ocrx_word' id='word_1_149' title='bbox 75 1380 338 1451; x_wconf 83' lang='grc' dir='ltr'><em>προνοηθεὶς</em></span> <span class='ocrx_word' id='word_1_150' title='bbox 377 1396 435 1430; x_wconf 85' lang='grc' dir='ltr'><em>ως</em></span> <span class='ocrx_word' id='word_1_151' title='bbox 471 1378 522 1423; x_wconf 88' lang='grc' dir='ltr'><em>τὸ</em></span> <span class='ocrx_word' id='word_1_152' title='bbox 560 1380 674 1423; x_wconf 81' lang='grc' dir='ltr'><em>ἰ’διον</em></span> <span class='ocrx_word' id='word_1_153' title='bbox 711 1381 926 1431; x_wconf 88' lang='grc' dir='ltr'><em>λυσιτελες</em></span> <span class='ocrx_word' id='word_1_154' title='bbox 954 1382 1205 1433; x_wconf 86' lang='grc' dir='ltr'><em>προκρίνας.</em></span> <span class='ocrx_word' id='word_1_155' title='bbox 1262 1381 1443 1439; x_wconf 73' lang='grc' dir='ltr'><em>πρλλαΐς</em></span> 
     </span>
     <span class='ocr_line' id='line_1_22' title="bbox 75 1435 1526 1506; baseline 0.001 -28"><span class='ocrx_word' id='word_1_156' title='bbox 75 1437 158 1492; x_wconf 72' lang='grc' dir='ltr'><em>γάρ</em></span> <span class='ocrx_word' id='word_1_157' title='bbox 196 1437 267 1479; x_wconf 87' lang='grc' dir='ltr'><em>καὶ</em></span> <span class='ocrx_word' id='word_1_158' title='bbox 302 1435 506 1490; x_wconf 79' lang='grc' dir='ltr'><em>μεγάλαις</em></span> <span class='ocrx_word' id='word_1_159' title='bbox 535 1437 674 1487; x_wconf 83' lang='grc' dir='ltr'><em>δίκαις</em></span> <span class='ocrx_word' id='word_1_160' title='bbox 701 1436 788 1479; x_wconf 83' lang='grc' dir='ltr'><em>ὑπὸ</em></span> <span class='ocrx_word' id='word_1_161' title='bbox 819 1440 905 1479; x_wconf 79' lang='grc' dir='ltr'><em>τῶν</em></span> <span class='ocrx_word' id='word_1_162' title='bbox 931 1435 1256 1506; x_wconf 83' lang='grc' dir='ltr'><em>Ἀμφικτυόνων</em></span> <span class='ocrx_word' id='word_1_163' title='bbox 1283 1440 1339 1493; x_wconf 81' lang='grc' dir='ltr'><em>ἡν</em></span> <span class='ocrx_word' id='word_1_164' title='bbox 1367 1455 1442 1482; x_wconf 90' lang='grc' dir='ltr'><em>κα-</em></span> <span class='ocrx_word' id='word_1_165' title='bbox 1472 1437 1526 1480; x_wconf 88' lang='grc'><em>50</em></span> 
     </span>
     <span class='ocr_line' id='line_1_23' title="bbox 76 1492 1444 1563; baseline 0.002 -28"><span class='ocrx_word' id='word_1_166' title='bbox 76 1493 430 1559; x_wconf 79' lang='grc' dir='ltr'><em>ταδεδικασμένος</em></span> <span class='ocrx_word' id='word_1_167' title='bbox 460 1492 622 1547; x_wconf 87' lang='grc' dir='ltr'><em>ὁμοίως</em></span> <span class='ocrx_word' id='word_1_168' title='bbox 651 1498 742 1543; x_wconf 84' lang='grc' dir='ltr'><em>τοῖς</em></span> <span class='ocrx_word' id='word_1_169' title='bbox 771 1493 916 1544; x_wconf 88' lang='grc' dir='ltr'><em>αλλοις</em></span> <span class='ocrx_word' id='word_1_170' title='bbox 939 1494 1010 1536; x_wconf 87' lang='grc' dir='ltr'><em>καὶ</em></span> <span class='ocrx_word' id='word_1_171' title='bbox 1035 1493 1087 1536; x_wconf 81' lang='grc' dir='ltr'><em>τὰ</em></span> <span class='ocrx_word' id='word_1_172' title='bbox 1110 1492 1339 1563; x_wconf 86' lang='grc' dir='ltr'><em>ὀφληματα</em></span> <span class='ocrx_word' id='word_1_173' title='bbox 1360 1493 1444 1538; x_wconf 78' lang='grc' dir='ltr'><em>οὐκ</em></span> 
     </span>
     <span class='ocr_line' id='line_1_24' title="bbox 75 1547 1444 1620; baseline 0.002 -28"><span class='ocrx_word' id='word_1_174' title='bbox 75 1547 307 1599; x_wconf 79' lang='grc' dir='ltr'><em>ἐκτετικώς.</em></span> <span class='ocrx_word' id='word_1_175' title='bbox 367 1549 514 1603; x_wconf 84' lang='grc' dir='ltr'><em>διόπερ</em></span> <span class='ocrx_word' id='word_1_176' title='bbox 545 1548 663 1600; x_wconf 79' lang='grc' dir='ltr'><em>ὁρῶν</em></span> <span class='ocrx_word' id='word_1_177' title='bbox 695 1549 976 1603; x_wconf 78' lang='grc' dir='ltr'><em>αἱρετώτερον</em></span> <span class='ocrx_word' id='word_1_178' title='bbox 1008 1548 1124 1608; x_wconf 75' lang='grc' dir='ltr'><em>αὐτῷ</em></span> <span class='ocrx_word' id='word_1_179' title='bbox 1147 1550 1225 1593; x_wconf 87' lang='grc' dir='ltr'><em>τὸν</em></span> <span class='ocrx_word' id='word_1_180' title='bbox 1255 1549 1444 1620; x_wconf 90' lang='grc' dir='ltr'><em>πόλεμον</em></span> 
     </span>
     <span class='ocr_line' id='line_1_25' title="bbox 77 1605 1445 1663; baseline 0.001 -14"><span class='ocrx_word' id='word_1_181' title='bbox 77 1605 182 1649; x_wconf 82' lang='grc' dir='ltr'><em>ὄντα</em></span> <span class='ocrx_word' id='word_1_182' title='bbox 211 1609 286 1660; x_wconf 81' lang='grc' dir='ltr'><em>τῆς</em></span> <span class='ocrx_word' id='word_1_183' title='bbox 315 1606 508 1661; x_wconf 79' lang='grc' dir='ltr'><em>εἰρήνης,</em></span> <span class='ocrx_word' id='word_1_184' title='bbox 548 1606 735 1660; x_wconf 75' lang='grc' dir='ltr'><em>εὐλόγως</em></span> <span class='ocrx_word' id='word_1_185' title='bbox 762 1623 866 1656; x_wconf 89' lang='grc' dir='ltr'><em>τους</em></span> <span class='ocrx_word' id='word_1_186' title='bbox 898 1610 1061 1656; x_wconf 84' lang='grc' dir='ltr'><em>Φωκεῖς</em></span> <span class='ocrx_word' id='word_1_187' title='bbox 1091 1623 1162 1649; x_wconf 89' lang='grc' dir='ltr'><em>και</em></span> <span class='ocrx_word' id='word_1_188' title='bbox 1195 1607 1445 1663; x_wconf 83' lang='grc' dir='ltr'><em>συμμάχους</em></span> 
     </span>
     <span class='ocr_line' id='line_1_26' title="bbox 75 1661 1444 1733; baseline 0.002 -28"><span class='ocrx_word' id='word_1_189' title='bbox 75 1661 300 1716; x_wconf 77' lang='grc' dir='ltr'><em>παρώξυνε</em></span> <span class='ocrx_word' id='word_1_190' title='bbox 335 1667 480 1717; x_wconf 86' lang='grc' dir='ltr'><em>τηρεῖν</em></span> <span class='ocrx_word' id='word_1_191' title='bbox 516 1678 616 1733; x_wconf 88' lang='grc' dir='ltr'><em>την</em></span> <span class='ocrx_word' id='word_1_192' title='bbox 623 1661 864 1706; x_wconf 79' lang='grc' dir='ltr'><em>ὑπόστασιν</em></span> <span class='ocrx_word' id='word_1_193' title='bbox 891 1667 971 1705; x_wconf 82' lang='grc' dir='ltr'><em>τοῦ</em></span> <span class='ocrx_word' id='word_1_194' title='bbox 1007 1662 1268 1730; x_wconf 85' lang='grc' dir='ltr'><em>Φιλομήλου</em></span> <span class='ocrx_word' id='word_1_195' title='bbox 1330 1666 1444 1718; x_wconf 81' lang='grc' dir='ltr'><em>αἴρε-</em></span> 
     </span>
     <span class='ocr_line' id='line_1_27' title="bbox 74 1716 1528 1790; baseline 0.002 -29"><span class='ocrx_word' id='word_1_196' title='bbox 74 1721 169 1770; x_wconf 83' lang='grc' dir='ltr'><em>θεὶς</em></span> <span class='ocrx_word' id='word_1_197' title='bbox 208 1718 253 1761; x_wconf 82' lang='grc' dir='ltr'><em>δὲ</em></span> <span class='ocrx_word' id='word_1_198' title='bbox 291 1717 526 1790; x_wconf 80' lang='grc' dir='ltr'><em>στρατηγός</em></span> <span class='ocrx_word' id='word_1_199' title='bbox 562 1717 844 1772; x_wconf 79' lang='grc' dir='ltr'><em>αὐτοκρατωρ</em></span> <span class='ocrx_word' id='word_1_200' title='bbox 881 1718 1170 1774; x_wconf 85' lang='grc' dir='ltr'><em>μισθοφόρων</em></span> <span class='ocrx_word' id='word_1_201' title='bbox 1199 1736 1243 1763; x_wconf 88' lang='grc' dir='ltr'><em>τε</em></span> <span class='ocrx_word' id='word_1_202' title='bbox 1273 1725 1444 1777; x_wconf 83' lang='grc' dir='ltr'><em>πλῆθος</em></span> <span class='ocrx_word' id='word_1_203' title='bbox 1473 1716 1528 1759; x_wconf 88' lang='grc'><em>55</em></span> 
     </span>
     <span class='ocr_line' id='line_1_28' title="bbox 73 1774 1444 1849; baseline 0.001 -30"><span class='ocrx_word' id='word_1_204' title='bbox 73 1774 249 1831; x_wconf 80' lang='grc' dir='ltr'><em>ἤθροιζε</em></span> <span class='ocrx_word' id='word_1_205' title='bbox 285 1776 357 1818; x_wconf 83' lang='grc' dir='ltr'><em>καὶ</em></span> <span class='ocrx_word' id='word_1_206' title='bbox 395 1776 470 1825; x_wconf 81' lang='grc' dir='ltr'><em>τὰς</em></span> <span class='ocrx_word' id='word_1_207' title='bbox 504 1779 593 1818; x_wconf 78' lang='grc' dir='ltr'><em>τῶν</em></span> <span class='ocrx_word' id='word_1_208' title='bbox 629 1775 988 1830; x_wconf 86' lang='grc' dir='ltr'><em>τετελευτηκότων</em></span> <span class='ocrx_word' id='word_1_209' title='bbox 1023 1775 1161 1827; x_wconf 77' lang='grc' dir='ltr'><em>τάξεις</em></span> <span class='ocrx_word' id='word_1_210' title='bbox 1191 1775 1444 1849; x_wconf 78' lang='grc' dir='ltr'><em>αναπληρώ-</em></span> 
     </span>
     <span class='ocr_line' id='line_1_29' title="bbox 77 1831 1444 1901; baseline 0.002 -27"><span class='ocrx_word' id='word_1_211' title='bbox 77 1844 176 1884; x_wconf 87' lang='grc' dir='ltr'><em>σας,</em></span> <span class='ocrx_word' id='word_1_212' title='bbox 216 1832 289 1875; x_wconf 87' lang='grc' dir='ltr'><em>καὶ</em></span> <span class='ocrx_word' id='word_1_213' title='bbox 324 1835 385 1889; x_wconf 79' lang='grc' dir='ltr'><em>τῷ</em></span> <span class='ocrx_word' id='word_1_214' title='bbox 422 1831 578 1887; x_wconf 79' lang='grc' dir='ltr'><em>πλήθει</em></span> <span class='ocrx_word' id='word_1_215' title='bbox 613 1837 703 1875; x_wconf 75' lang='grc' dir='ltr'><em>τῶν</em></span> <span class='ocrx_word' id='word_1_216' title='bbox 740 1831 1110 1901; x_wconf 81' lang='grc' dir='ltr'><em>ξενολογηθέντων</em></span> <span class='ocrx_word' id='word_1_217' title='bbox 1148 1832 1334 1889; x_wconf 79' lang='grc' dir='ltr'><em>αὐξήσας</em></span> <span class='ocrx_word' id='word_1_218' title='bbox 1364 1834 1444 1890; x_wconf 82' lang='grc' dir='ltr'><em>τὴν</em></span> 
     </span>
     <span class='ocr_line' id='line_1_30' title="bbox 78 1876 1443 1945; baseline 0.001 -13"><span class='ocrx_word' id='word_1_219' title='bbox 78 1888 266 1944; x_wconf 86' lang='grc' dir='ltr'><em>δύναμιν</em></span> <span class='ocrx_word' id='word_1_220' title='bbox 305 1876 490 1944; x_wconf 81' lang='grc' dir='ltr'><em>μεγάλας</em></span> <span class='ocrx_word' id='word_1_221' title='bbox 537 1888 816 1940; x_wconf 83' lang='grc' dir='ltr'><em>παρασκευας</em></span> <span class='ocrx_word' id='word_1_222' title='bbox 853 1890 1035 1933; x_wconf 79' lang='grc' dir='ltr'><em>ἐποιεῖτο</em></span> <span class='ocrx_word' id='word_1_223' title='bbox 1087 1890 1324 1945; x_wconf 83' lang='grc' dir='ltr'><em>συμμάχων</em></span> <span class='ocrx_word' id='word_1_224' title='bbox 1370 1892 1443 1934; x_wconf 85' lang='grc' dir='ltr'><em>καὶ</em></span> 
     </span>
     <span class='ocr_line' id='line_1_31' title="bbox 76 1945 1525 2020; baseline 0.003 -32"><span class='ocrx_word' id='word_1_225' title='bbox 76 1949 165 1988; x_wconf 76' lang='grc' dir='ltr'><em>τῶν</em></span> <span class='ocrx_word' id='word_1_226' title='bbox 193 1945 338 1989; x_wconf 76' lang='grc' dir='ltr'><em>ἄλλων</em></span> <span class='ocrx_word' id='word_1_227' title='bbox 365 1961 454 1988; x_wconf 88' lang='grc' dir='ltr'><em>των</em></span> <span class='ocrx_word' id='word_1_228' title='bbox 483 1946 542 1996; x_wconf 87' lang='grc' dir='ltr'><em>εἰς</em></span> <span class='ocrx_word' id='word_1_229' title='bbox 570 1945 759 2015; x_wconf 85' lang='grc' dir='ltr'><em>πόλεμον</em></span> <span class='ocrx_word' id='word_1_230' title='bbox 787 1948 1025 2002; x_wconf 85' lang='grc' dir='ltr'><em>χρησίμων.</em></span> <span class='ocrx_word' id='word_1_231' title='bbox 1071 1946 1201 2001; x_wconf 78' lang='grc' dir='ltr'><em>έπηρε</em></span> <span class='ocrx_word' id='word_1_232' title='bbox 1231 1946 1276 1990; x_wconf 87' lang='grc' dir='ltr'><em>δ’</em></span> <span class='ocrx_word' id='word_1_233' title='bbox 1307 1946 1444 1992; x_wconf 79' lang='grc' dir='ltr'><em>αὐτὸν</em></span> <span class='ocrx_word' id='word_1_234' title='bbox 1471 1982 1525 2020; x_wconf 69' lang='grc'><strong>3.,</strong></span> 
     </span>
     <span class='ocr_line' id='line_1_32' title="bbox 76 1998 1527 2072; baseline 0.003 -28"><span class='ocrx_word' id='word_1_235' title='bbox 76 2001 188 2056; x_wconf 75' lang='grc' dir='ltr'><em>πρὸς</em></span> <span class='ocrx_word' id='word_1_236' title='bbox 215 2001 294 2072; x_wconf 81' lang='grc' dir='ltr'><em>τὴν</em></span> <span class='ocrx_word' id='word_1_237' title='bbox 319 1999 558 2045; x_wconf 72' lang='grc' dir='ltr'><em>’ὑπόστασιν</em></span> <span class='ocrx_word' id='word_1_238' title='bbox 586 2001 749 2058; x_wconf 83' lang='grc' dir='ltr'><em>ταύτην</em></span> <span class='ocrx_word' id='word_1_239' title='bbox 778 2003 949 2057; x_wconf 81' lang='grc' dir='ltr'><em>ὄνειρος</em></span> <span class='ocrx_word' id='word_1_240' title='bbox 979 2003 1166 2058; x_wconf 83' lang='grc' dir='ltr'><em>ε’μφασιν</em></span> <span class='ocrx_word' id='word_1_241' title='bbox 1185 2004 1289 2055; x_wconf 79' lang='grc' dir='ltr'><em>δούς</em></span> <span class='ocrx_word' id='word_1_242' title='bbox 1315 2005 1441 2060; x_wconf 78' lang='grc' dir='ltr'><em>μεγά-</em></span> <span class='ocrx_word' id='word_1_243' title='bbox 1501 1998 1527 2020; x_wconf 64' lang='lat'><em>²³</em></span> 
     </span>
     <span class='ocr_line' id='line_1_33' title="bbox 76 2056 1442 2128; baseline 0.004 -27"><span class='ocrx_word' id='word_1_244' title='bbox 76 2063 154 2128; x_wconf 82' lang='grc' dir='ltr'><em>λης</em></span> <span class='ocrx_word' id='word_1_245' title='bbox 184 2056 400 2114; x_wconf 70' lang='grc' dir='ltr'><em>αὐξήσεεός</em></span> <span class='ocrx_word' id='word_1_246' title='bbox 429 2075 474 2102; x_wconf 87' lang='grc' dir='ltr'><em>τε</em></span> <span class='ocrx_word' id='word_1_247' title='bbox 503 2059 576 2102; x_wconf 86' lang='grc' dir='ltr'><em>καὶ</em></span> <span class='ocrx_word' id='word_1_248' title='bbox 606 2059 753 2114; x_wconf 81' lang='grc' dir='ltr'><em>δόξης·</em></span> <span class='ocrx_word' id='word_1_249' title='bbox 795 2062 903 2103; x_wconf 80' lang='grc' dir='ltr'><em>κατὰ</em></span> <span class='ocrx_word' id='word_1_250' title='bbox 931 2076 1015 2114; x_wconf 90' lang='grc' dir='ltr'><em>γαρ</em></span> <span class='ocrx_word' id='word_1_251' title='bbox 1044 2059 1120 2103; x_wconf 85' lang='grc' dir='ltr'><em>τὸν</em></span> <span class='ocrx_word' id='word_1_252' title='bbox 1149 2060 1293 2104; x_wconf 81' lang='grc' dir='ltr'><em>ὕπνον</em></span> <span class='ocrx_word' id='word_1_253' title='bbox 1324 2063 1442 2115; x_wconf 80' lang='grc' dir='ltr'><em>ε’δοξε</em></span> 
     </span>
     <span class='ocr_line' id='line_1_34' title="bbox 75 2114 1443 2187; baseline 0.004 -29"><span class='ocrx_word' id='word_1_254' title='bbox 75 2115 153 2158; x_wconf 84' lang='grc' dir='ltr'><em>τὸν</em></span> <span class='ocrx_word' id='word_1_255' title='bbox 182 2115 387 2159; x_wconf 84' lang='grc' dir='ltr'><em>κολοττόν</em></span> <span class='ocrx_word' id='word_1_256' title='bbox 416 2114 495 2159; x_wconf 86' lang='grc' dir='ltr'><em>τὸν</em></span> <span class='ocrx_word' id='word_1_257' title='bbox 523 2119 726 2185; x_wconf 82' lang='grc' dir='ltr'><em>χαλκοῦν,</em></span> <span class='ocrx_word' id='word_1_258' title='bbox 757 2115 809 2161; x_wconf 78' lang='grc' dir='ltr'><em>ὃν</em></span> <span class='ocrx_word' id='word_1_259' title='bbox 839 2115 1059 2170; x_wconf 85' lang='grc' dir='ltr'><em>ανέθηκαν</em></span> <span class='ocrx_word' id='word_1_260' title='bbox 1088 2117 1212 2174; x_wconf 78' lang='grc' dir='ltr'><em>ἐντῷ</em></span> <span class='ocrx_word' id='word_1_261' title='bbox 1227 2120 1338 2187; x_wconf 81' lang='grc' dir='ltr'><em>ἱερῷ</em></span> <span class='ocrx_word' id='word_1_262' title='bbox 1359 2122 1443 2163; x_wconf 79' lang='grc' dir='ltr'><em>τοῦ</em></span> 
     </span>
    </p>
   </div>
   <div class='ocr_carea' id='block_1_3' title="bbox 1 2170 1524 2228">
    <p class='ocr_par' dir='ltr' id='par_1_3' title="bbox 1 2170 1524 2228">
     <span class='ocr_line' id='line_1_35' title="bbox 1 2170 1524 2228; baseline 0.003 -12"><span class='ocrx_word' id='word_1_263' title='bbox 1 2176 63 2211; x_wconf 88' lang='grc'><em>107</em></span> <span class='ocrx_word' id='word_1_264' title='bbox 74 2170 338 2223; x_wconf 84' lang='grc' dir='ltr'><em>’Λπόλλωνος</em></span> <span class='ocrx_word' id='word_1_265' title='bbox 375 2173 419 2215; x_wconf 83' lang='grc' dir='ltr'><em>οἰ</em></span> <span class='ocrx_word' id='word_1_266' title='bbox 441 2170 770 2228; x_wconf 79' lang='grc' dir='ltr'><em>Ἀμφικτύονες,</em></span> <span class='ocrx_word' id='word_1_267' title='bbox 806 2171 1091 2216; x_wconf 85' lang='grc' dir='ltr'><em>αναπλαττειν</em></span> <span class='ocrx_word' id='word_1_268' title='bbox 1120 2175 1179 2224; x_wconf 80' lang='grc' dir='ltr'><em>εἰς</em></span> <span class='ocrx_word' id='word_1_269' title='bbox 1206 2174 1321 2226; x_wconf 77' lang='grc' dir='ltr'><em>ὕψος</em></span> <span class='ocrx_word' id='word_1_270' title='bbox 1348 2181 1443 2227; x_wconf 83' lang='grc' dir='ltr'><em>ταῖς</em></span> <span class='ocrx_word' id='word_1_271' title='bbox 1471 2181 1524 2222; x_wconf 90' lang='grc'><em>65</em></span> 
     </span>
    </p>
   </div>
   <div class='ocr_carea' id='block_1_4' title="bbox 74 2228 1444 2460">
    <p class='ocr_par' dir='ltr' id='par_1_4' title="bbox 74 2228 1443 2460">
     <span class='ocr_line' id='line_1_36' title="bbox 74 2228 1443 2299; baseline 0.004 -28"><span class='ocrx_word' id='word_1_272' title='bbox 74 2230 204 2279; x_wconf 80' lang='grc' dir='ltr'><em>ἰδίαις</em></span> <span class='ocrx_word' id='word_1_273' title='bbox 242 2228 361 2284; x_wconf 77' lang='grc' dir='ltr'><em>χερσὶ</em></span> <span class='ocrx_word' id='word_1_274' title='bbox 396 2245 471 2272; x_wconf 90' lang='grc' dir='ltr'><em>και</em></span> <span class='ocrx_word' id='word_1_275' title='bbox 506 2234 685 2285; x_wconf 87' lang='grc' dir='ltr'><em>ποιῆσαι</em></span> <span class='ocrx_word' id='word_1_276' title='bbox 710 2230 823 2273; x_wconf 78' lang='grc' dir='ltr'><em>πολὺ</em></span> <span class='ocrx_word' id='word_1_277' title='bbox 862 2232 1047 2299; x_wconf 85' lang='grc' dir='ltr'><em>μείζονα.</em></span> <span class='ocrx_word' id='word_1_278' title='bbox 1113 2229 1331 2286; x_wconf 76' lang='grc' dir='ltr'><em>ὑπέλαβεν</em></span> <span class='ocrx_word' id='word_1_279' title='bbox 1361 2234 1443 2276; x_wconf 85' lang='grc' dir='ltr'><em>οὐν</em></span> 
     </span>
     <span class='ocr_line' id='line_1_37' title="bbox 74 2285 1443 2358; baseline 0.004 -30"><span class='ocrx_word' id='word_1_280' title='bbox 74 2285 192 2342; x_wconf 77' lang='grc' dir='ltr'><em>αὐτῷ</em></span> <span class='ocrx_word' id='word_1_281' title='bbox 231 2286 516 2356; x_wconf 80' lang='grc' dir='ltr'><em>σημαίνεσθαι</em></span> <span class='ocrx_word' id='word_1_282' title='bbox 553 2286 670 2341; x_wconf 84' lang='grc' dir='ltr'><em>παρὰ</em></span> <span class='ocrx_word' id='word_1_283' title='bbox 709 2291 794 2330; x_wconf 81' lang='grc' dir='ltr'><em>τῶν</em></span> <span class='ocrx_word' id='word_1_284' title='bbox 832 2291 949 2329; x_wconf 79' lang='grc' dir='ltr'><em>θεῶν</em></span> <span class='ocrx_word' id='word_1_285' title='bbox 985 2285 1165 2358; x_wconf 79' lang='grc' dir='ltr'><em>αὔξησιν</em></span> <span class='ocrx_word' id='word_1_286' title='bbox 1199 2288 1326 2343; x_wconf 80' lang='grc' dir='ltr'><em>δόξης</em></span> <span class='ocrx_word' id='word_1_287' title='bbox 1356 2289 1443 2333; x_wconf 82' lang='grc' dir='ltr'><em>ε’σε-</em></span> 
     </span>
     <span class='ocr_line' id='line_1_38' title="bbox 75 2341 1443 2414; baseline 0.003 -29"><span class='ocrx_word' id='word_1_288' title='bbox 75 2347 180 2386; x_wconf 83' lang='grc' dir='ltr'><em>σθαι</em></span> <span class='ocrx_word' id='word_1_289' title='bbox 211 2343 283 2385; x_wconf 85' lang='grc' dir='ltr'><em>διὰ</em></span> <span class='ocrx_word' id='word_1_290' title='bbox 307 2345 387 2412; x_wconf 86' lang='grc' dir='ltr'><em>τῆς</em></span> <span class='ocrx_word' id='word_1_291' title='bbox 414 2341 553 2386; x_wconf 82' lang='grc' dir='ltr'><em>αὐτοῦ</em></span> <span class='ocrx_word' id='word_1_292' title='bbox 583 2342 958 2398; x_wconf 86' lang='grc' dir='ltr'><em>στρατηγίας·τὸ</em></span> <span class='ocrx_word' id='word_1_293' title='bbox 990 2341 1032 2387; x_wconf 85' lang='lat'><em>6</em></span> <span class='ocrx_word' id='word_1_294' title='bbox 1068 2343 1228 2414; x_wconf 79' lang='grc' dir='ltr'><em>αληθὲς</em></span> <span class='ocrx_word' id='word_1_295' title='bbox 1259 2344 1337 2401; x_wconf 81' lang='grc' dir='ltr'><em>οὐχ</em></span> <span class='ocrx_word' id='word_1_296' title='bbox 1367 2345 1443 2389; x_wconf 79' lang='grc' dir='ltr'><em>οὕ-</em></span> 
     </span>
     <span class='ocr_line' id='line_1_39' title="bbox 74 2396 1444 2460; baseline 0.003 -19"><span class='ocrx_word' id='word_1_297' title='bbox 74 2414 157 2450; x_wconf 85' lang='grc' dir='ltr'><em>τως</em></span> <span class='ocrx_word' id='word_1_298' title='bbox 185 2396 280 2455; x_wconf 78' lang='grc' dir='ltr'><em>εἶχε,</em></span> <span class='ocrx_word' id='word_1_299' title='bbox 308 2397 569 2444; x_wconf 82' lang='grc' dir='ltr'><em>τούναντίον</em></span> <span class='ocrx_word' id='word_1_300' title='bbox 597 2399 644 2444; x_wconf 79' lang='grc' dir='ltr'><em>δὲ</em></span> <span class='ocrx_word' id='word_1_301' title='bbox 672 2402 1025 2456; x_wconf 85' lang='grc' dir='ltr'><em>παρεσημαίνετο,</em></span> <span class='ocrx_word' id='word_1_302' title='bbox 1053 2401 1126 2444; x_wconf 89' lang='grc' dir='ltr'><em>δια</em></span> <span class='ocrx_word' id='word_1_303' title='bbox 1147 2400 1198 2444; x_wconf 85' lang='grc' dir='ltr'><em>τὸ</em></span> <span class='ocrx_word' id='word_1_304' title='bbox 1221 2402 1329 2454; x_wconf 78' lang='grc' dir='ltr'><em>τούς</em></span> <span class='ocrx_word' id='word_1_305' title='bbox 1349 2399 1444 2460; x_wconf 82' lang='grc' dir='ltr'><em>’-Αμ</em></span> 
     </span>
    </p>
   </div>
   <div class='ocr_carea' id='block_1_5' title="bbox 73 2531 1442 2825">
    <p class='ocr_par' dir='ltr' id='par_1_5' title="bbox 75 2531 1442 2593">
     <span class='ocr_line' id='line_1_40' title="bbox 75 2531 1442 2593; baseline 0.005 -15"><span class='ocrx_word' id='word_1_306' title='bbox 75 2544 133 2579; x_wconf 88' lang='grc'><em>27.</em></span> <span class='ocrx_word' id='word_1_307' title='bbox 162 2531 260 2590; x_wconf 72' lang='grc' dir='ltr'><em>τῶν]</em></span> <span class='ocrx_word' id='word_1_308' title='bbox 285 2559 397 2583; x_wconf 88' lang='grc' dir='ltr'><em>τινων</em></span> <span class='ocrx_word' id='word_1_309' title='bbox 420 2546 566 2592; x_wconf 72' lang='lat' dir='ltr'>scripsit,</span> <span class='ocrx_word' id='word_1_310' title='bbox 589 2546 619 2581; x_wconf 75' lang='lat' dir='ltr'><em>si</em></span> <span class='ocrx_word' id='word_1_311' title='bbox 641 2546 723 2590; x_wconf 79' lang='lat' dir='ltr'>quid</span> <span class='ocrx_word' id='word_1_312' title='bbox 745 2547 881 2591; x_wconf 72' lang='lat' dir='ltr'><strong>scripsit</strong></span> <span class='ocrx_word' id='word_1_313' title='bbox 898 2546 988 2581; x_wconf 77' lang='lat' dir='ltr'>inter</span> <span class='ocrx_word' id='word_1_314' title='bbox 1009 2531 1228 2583; x_wconf 79' lang='grc' dir='ltr'><em>Ζακυνθίων</em></span> <span class='ocrx_word' id='word_1_315' title='bbox 1252 2551 1286 2583; x_wconf 77' lang='lat' dir='ltr'><em>et</em></span> <span class='ocrx_word' id='word_1_316' title='bbox 1306 2551 1442 2593; x_wconf 79' lang='grc' dir='ltr'><em>μισθο-</em></span> 
     </span>
    </p>

    <p class='ocr_par' dir='ltr' id='par_1_6' title="bbox 76 2589 1225 2638">
     <span class='ocr_line' id='line_1_41' title="bbox 76 2589 1225 2638; baseline 0.002 -14"><span class='ocrx_word' id='word_1_317' title='bbox 76 2589 208 2635; x_wconf 85' lang='grc' dir='ltr'><em>φόρων</em></span> <span class='ocrx_word' id='word_1_318' title='bbox 422 2593 479 2627; x_wconf 83' lang='lat'><em>30.</em></span> <span class='ocrx_word' id='word_1_319' title='bbox 526 2595 796 2638; x_wconf 82' lang='grc' dir='ltr'><em>τρειςκαίὸεκα]</em></span> <span class='ocrx_word' id='word_1_320' title='bbox 834 2597 926 2638; x_wconf 83' lang='grc' dir='ltr'><em>τρεῖς</em></span> <span class='ocrx_word' id='word_1_321' title='bbox 950 2594 1010 2628; x_wconf 80' lang='grc' dir='ltr'><em>καὶ</em></span> <span class='ocrx_word' id='word_1_322' title='bbox 1036 2594 1121 2629; x_wconf 78' lang='grc' dir='ltr'><em>δέκα</em></span> <span class='ocrx_word' id='word_1_323' title='bbox 1146 2596 1185 2627; x_wconf 82' lang='grc' dir='ltr'><strong><em>Β</em></strong></span> <span class='ocrx_word' id='word_1_324' title='bbox 1187 2606 1225 2627; x_wconf 72' lang='grc' dir='ltr'><em>ιε</em></span> 
     </span>
    </p>

    <p class='ocr_par' dir='ltr' id='par_1_7' title="bbox 74 2634 1440 2683">
     <span class='ocr_line' id='line_1_42' title="bbox 74 2634 1440 2683; baseline 0.004 -13"><span class='ocrx_word' id='word_1_325' title='bbox 74 2637 131 2669; x_wconf 83' lang='grc'><strong>31.</strong></span> <span class='ocrx_word' id='word_1_326' title='bbox 182 2634 384 2683; x_wconf 74' lang='grc' dir='ltr'><em>Εὔδημον]</em></span> <span class='ocrx_word' id='word_1_327' title='bbox 420 2639 499 2673; x_wconf 82' lang='lat' dir='ltr'><strong>vide</strong></span> <span class='ocrx_word' id='word_1_328' title='bbox 521 2639 776 2673; x_wconf 81' lang='lat' dir='ltr'>annotationem</span> <span class='ocrx_word' id='word_1_329' title='bbox 958 2640 1013 2674; x_wconf 83' lang='lat'><em>33.</em></span> <span class='ocrx_word' id='word_1_330' title='bbox 1065 2642 1268 2675; x_wconf 86' lang='grc' dir='ltr'><em>Ποπίλλιον</em></span> <span class='ocrx_word' id='word_1_331' title='bbox 1301 2641 1440 2676; x_wconf 78' lang='lat' dir='ltr'>Wesse-</span> 
     </span>
    </p>

    <p class='ocr_par' dir='ltr' id='par_1_8' title="bbox 75 2682 1437 2740">
     <span class='ocr_line' id='line_1_43' title="bbox 75 2682 1437 2740; baseline 0.004 -25"><span class='ocrx_word' id='word_1_332' title='bbox 75 2682 224 2726; x_wconf 67' lang='lat' dir='ltr'>ungine,</span> <span class='ocrx_word' id='word_1_333' title='bbox 251 2685 382 2740; x_wconf 70' lang='lat' dir='ltr'><em>Pbpilio</em></span> <span class='ocrx_word' id='word_1_334' title='bbox 397 2686 554 2740; x_wconf 72' lang='lat' dir='ltr'>Cospus,</span> <span class='ocrx_word' id='word_1_335' title='bbox 586 2686 714 2720; x_wconf 81' lang='lat' dir='ltr'>caete1i</span> <span class='ocrx_word' id='word_1_336' title='bbox 737 2682 902 2721; x_wconf 87' lang='grc' dir='ltr'><em>Πόπλιον</em></span> <span class='ocrx_word' id='word_1_337' title='bbox 1084 2687 1141 2721; x_wconf 78' lang='grc'><strong>36.</strong></span> <span class='ocrx_word' id='word_1_338' title='bbox 1191 2685 1437 2740; x_wconf 72' lang='grc' dir='ltr'><em>ἀποτρέψειν]</em></span> 
     </span>
    </p>

    <p class='ocr_par' dir='ltr' id='par_1_9' title="bbox 73 2728 1439 2825">
     <span class='ocr_line' id='line_1_44' title="bbox 73 2728 1439 2778; baseline 0.004 -15"><span class='ocrx_word' id='word_1_339' title='bbox 73 2731 220 2775; x_wconf 81' lang='grc' dir='ltr'><em>τρέψειν</em></span> <span class='ocrx_word' id='word_1_340' title='bbox 242 2728 543 2774; x_wconf 68' lang='grc' dir='ltr'><em>1.,ἀτρέψεινΕ</em></span> <span class='ocrx_word' id='word_1_341' title='bbox 700 2731 757 2767; x_wconf 82' lang='lat'><em>41.</em></span> <span class='ocrx_word' id='word_1_342' title='bbox 803 2731 957 2777; x_wconf 69' lang='grc' dir='ltr'><em>ἐρῤεπον</em></span> <span class='ocrx_word' id='word_1_343' title='bbox 980 2733 1115 2774; x_wconf 70' lang='lat' dir='ltr'>FLQY,</span> <span class='ocrx_word' id='word_1_344' title='bbox 1138 2732 1265 2766; x_wconf 62' lang='lat' dir='ltr'><strong>caetui</strong></span> <span class='ocrx_word' id='word_1_345' title='bbox 1289 2732 1439 2778; x_wconf 79' lang='grc' dir='ltr'><em>ἔβλεπον</em></span> 
     </span>
     <span class='ocr_line' id='line_1_45' title="bbox 257 2774 1379 2825; baseline 0.003 -15"><span class='ocrx_word' id='word_1_346' title='bbox 257 2774 348 2811; x_wconf 62' lang='lat'><em>6³1⁰</em></span> <span class='ocrx_word' id='word_1_347' title='bbox 373 2777 474 2818; x_wconf 59' lang='lat' dir='ltr'><em>Bas„</em></span> <span class='ocrx_word' id='word_1_348' title='bbox 498 2777 626 2812; x_wconf 82' lang='lat' dir='ltr'><strong>caeteri</strong></span> <span class='ocrx_word' id='word_1_349' title='bbox 650 2775 690 2813; x_wconf 87' lang='grc' dir='ltr'><em>δε</em></span> <span class='ocrx_word' id='word_1_350' title='bbox 870 2777 928 2813; x_wconf 79' lang='lat'><em>43.</em></span> <span class='ocrx_word' id='word_1_351' title='bbox 973 2777 1274 2825; x_wconf 79' lang='grc' dir='ltr'><em>συνηγορήσαντα</em></span> <span class='ocrx_word' id='word_1_352' title='bbox 1298 2780 1379 2813; x_wconf 77' lang='lat' dir='ltr'><em>Bas.</em></span> 
     </span>
    </p>
   </div>
   <div class='ocr_carea' id='block_1_6' title="bbox 163 2831 769 2879">
    <p class='ocr_par' dir='ltr' id='par_1_10' title="bbox 163 2831 769 2879">
     <span class='ocr_line' id='line_1_46' title="bbox 163 2831 769 2879; baseline 0.007 -13"><span class='ocrx_word' id='word_1_353' title='bbox 163 2832 243 2869; x_wconf 85' lang='grc'><strong>107.</strong></span> <span class='ocrx_word' id='word_1_354' title='bbox 275 2832 331 2868; x_wconf 81' lang='grc'><strong>69.</strong></span> <span class='ocrx_word' id='word_1_355' title='bbox 381 2831 423 2870; x_wconf 78' lang='grc' dir='ltr'>τὸ</span> <span class='ocrx_word' id='word_1_356' title='bbox 447 2832 553 2879; x_wconf 77' lang='grc' dir='ltr'><em>τούς]</em></span> <span class='ocrx_word' id='word_1_357' title='bbox 579 2833 642 2870; x_wconf 89' lang='grc' dir='ltr'><em>τότ</em></span> <span class='ocrx_word' id='word_1_358' title='bbox 653 2831 769 2871; x_wconf 75' lang='lat' dir='ltr'>&#39;.Bas</span> 
     </span>
    </p>
   </div>
  </div>
 </body>
</html>
