1820 3249
461 187 578 229 LIB.
599 185 707 228 XVI.
747 185 876 229 CAP.
902 189 970 230 3-1.
988 190 1057 230 35.
1334 192 1442 232 1073

79 315 194 353 νιοι,
244 299 318 342 καὶ
350 299 425 349 τὰς
456 296 633 366 Ὀρνεάς
669 295 1080 367 ἐκπολιορκήσαντες
1108 296 1352 354 ἐπανῆλθον
1380 302 1442 352 εἰς

78 356 156 410 τὴν
195 355 411 411 Σπάρτην.
460 353 619 424 Χάρης
655 353 701 397 δὲ
740 351 763 396 6
797 358 885 396 τῶν
922 352 1166 408 Ἀθηναίων
1196 356 1440 425 στρατηγός

80 412 324 462 εἰςπλεύσας
367 413 426 461 εἰς
460 407 795 466 Ἑλληςποντον,
835 409 908 452 καὶ
943 409 1117 480 Σηστόν
1147 409 1276 453 πόλιν
1314 412 1437 464 ἑλών,
1469 422 1518 460 15

77 468 180 518 τούς
207 468 284 522 μὲν
313 465 515 535 ἡβῶντας
539 467 767 522 ἀπέσφαξε,
799 466 899 516 τοὺς
927 464 970 509 6'
1000 466 1156 518 ἄλλους
1180 466 1436 536 ἐξηνδραπο-

3 537 66 572 103
81 527 241 568 δίσατο.
297 522 629 592 Κερσοβλέπτου
668 523 712 566 δὲ
739 526 818 566 τοῦ
849 522 1020 573 Κότυος
1049 521 1121 565 διά
1149 537 1193 565 τε
1222 523 1300 579 τὴν
1326 524 1436 579 πρὸς

84 582 299 622 Φίλιππον
328 578 634 651 αλλοτριότητα
661 579 734 621 καὶ
761 579 841 636 τήν
869 578 980 632 πρός
1005 579 1265 649 Ἀθηναίους
1285 583 1435 635 φιλίαν

74 632 384 691 ἐγχειρίσαντος
424 641 515 684 τοῖς
538 634 784 705 Ἀθηναίοις
814 652 891 686 τας
920 635 966 678 ἐν
994 635 1261 704 Χερρονήσῳ
1289 636 1436 689 πόλεις
1463 647 1516 686 20

71 693 182 760 πλην
211 694 429 746 Καρδίας,
477 690 723 736 απὲστειλεν
752 691 775 735 6
806 694 943 747 δῆμος
975 691 1243 748 κληρούχους
1272 694 1331 744 εἰς
1359 695 1435 745 τὰς

69 747 222 799 πόλεις.
288 751 502 800 Φίλιππος
541 747 581 792 δ’
622 747 742 817 ὁρῶν
779 749 882 799 τούς
909 750 1207 799 Μεθωναίους
1246 747 1437 806 ὁρμητή-

71 821 168 858 ριον
194 805 515 860 παρεχομένους
544 804 623 861 τὴν
651 803 780 850 πόλιν
810 810 900 855 τοῖς
918 806 1139 874 πολεμίοις
1159 804 1329 856 ἑαυτοῦ,
1360 822 1436 850 πο-

70 863 269 916 λιορκίαν
308 861 615 934 συνεστήσατο.
672 862 745 905 καὶ
782 860 906 917 μέχρι
943 860 1022 916 μέν
1059 878 1178 912 τινος
1204 863 1249 904 οἶ
1276 866 1437 906 Μεθω-

70 923 189 961 ναῖοι
218 917 534 973 διεκαρτέρουν,
563 918 706 962 ε’πειτα
727 917 1056 973 κατισχυόμενοι
1079 916 1434 988 συνηναγκάσθη·
1460 927 1515 968 25

71 985 153 1017 σαν
189 976 467 1028 παραδοῦναι
503 974 582 1030 τὴν
617 974 747 1018 πόλιν
773 978 833 1032 τῷ
852 977 1072 1047 βασιλεῖ,
1099 990 1199 1024 ωςτε
1228 979 1433 1019 απελθεῑν

68 1031 172 1082 τοὺς
210 1033 388 1082 πολίτας
418 1031 465 1074 ἐκ
494 1035 570 1087 τῆς
600 1019 819 1100 Μεθώνης
849 1032 1024 1100 ἔχοντας
1050 1033 1102 1074 εν
1133 1030 1306 1085 ἱμάτιον
1337 1031 1434 1075 ἔκα-

71 1098 185 1130 στον
247 1085 270 1130 6
301 1087 346 1130 δὲ
377 1089 591 1138 Φίλιππος
624 1088 705 1143 τὴν
731 1103 810 1157 μεν
836 1088 966 1131 πόλιν
994 1087 1247 1139 κατέσκαψε,
1278 1086 1356 1143 τὴν
1387 1087 1434 1132 δὲ

67 1142 215 1212 χώραν
255 1143 437 1199 διένειμε
474 1149 565 1195 τοῖς
603 1142 873 1187 Μακεδόσιν.
937 1143 985 1186 ἐν
1025 1144 1071 1187 δὲ
1110 1161 1168 1212 τη
1201 1115 1433 1202 πολιόρκίᾳ

67 1199 203 1256 ταύτῃ
234 1200 392 1256 συνέβη
426 1199 505 1243 τόν
531 1202 751 1244 Φίλιππον
779 1202 839 1251 εἰς
867 1198 943 1243 τὸν
962 1198 1198 1256 ὀφθαλμόν
1220 1191 1432 1256 πληγέντα
1460 1209 1514 1248 30

67 1257 301 1325 τοξεύματι
322 1259 624 1326 διαφθαρῆναι
652 1258 731 1312 τὴν
764 1255 927 1310 ὅρασιν.

178 1312 304 1383 Μετα
333 1313 378 1356 δὲ
407 1313 540 1357 ταῦθ’
571 1312 594 1356 ὁ
623 1315 835 1363 Φίλιππος
860 1311 948 1355 ὑπὸ
980 1314 1207 1356 Θετταλῶν
1230 1317 1432 1383 μετακλη-
1458 1320 1515 1360 35

66 1369 161 1419 θεὶς
188 1370 291 1425 ἡκεν
319 1371 379 1420 εἰς
411 1372 645 1413 Θετταλίαν
672 1369 777 1437 μετοὶ
805 1373 882 1425 τῆς
908 1367 1158 1436 δυνάμεως·
1191 1371 1264 1413 καὶ
1283 1369 1332 1413 τὸ
1353 1387 1432 1425 μεν

66 1429 239 1479 πρῶτον
267 1424 377 1478 πρὸς
407 1427 678 1480 Λυκόφρονα
706 1425 784 1469 τὸν
815 1429 970 1479 Φερῶν
997 1423 1216 1480 τύραννον
1246 1427 1432 1470 διεπολέ-
1460 1431 1514 1474 35

71 1497 140 1536 μει
175 1484 354 1538 βοηθῶν
391 1487 481 1533 τοῖς
513 1487 758 1533 Θετταλοῖς·
793 1482 910 1550 μετὰ
941 1482 986 1525 δὲ
1014 1486 1151 1525 ταῦτα
1181 1486 1264 1526 τοῦ
1291 1480 1437 1526 Λυκό-

67 1554 233 1592 φρονος
261 1539 650 1609 μεταπεμψαμένου
685 1554 820 1608 παρα
834 1542 922 1581 τῶν
953 1537 1142 1581 Φωκέων
1174 1541 1434 1606 συμμαχίαν,

67 1593 280 1649 απεστάλη
311 1594 511 1645 Φάυλλος
541 1594 567 1642 6
592 1593 783 1664 ἀδελφὸς
809 1592 1081 1661 Ὀνομάρχου
1108 1594 1213 1650 μετὰ
1234 1607 1436 1650 στρατιω-

65 1654 154 1693 τῶν
185 1650 523 1721 έπτακιςχιλίων.
581 1649 605 1694 6
646 1651 691 1694 δὲ
734 1652 828 1694 dm
818 1666 947 1700 .ππος
981 1649 1087 1701 τούς
1122 1653 1286 1701 Φωκεῖς
1316 1651 1433 1708 νική-

65 1704 143 1756 σας
180 1705 375 1762 εξέβαλεν
410 1707 457 1750 ἐκ
493 1710 568 1775 τῆς
603 1709 844 1758 Θετταλίας.
900 1705 1163 1777 Ὀνόμαρχος
1192 1705 1241 1750 δ’
1271 1705 1432 1751 ἆναλα*
1461 1707 1515 1751 40

65 1761 158 1820 βων
183 1767 330 1806 πᾶσαν
357 1762 436 1819 τὴν
465 1762 678 1834 δύναμιν,
716 1764 789 1806 καὶ
817 1764 1005 1817 νομίζων
1033 1762 1136 1819 ὅλης
1163 1767 1238 1819 τῆς
1270 1767 1431 1807 Θετταώ

65 1821 158 1870 λίας
175 1818 452 1889 κυριεύσειν,
491 1815 597 1889 ἧκεν
625 1818 672 1862 ἐν
698 1835 815 1875 ταχει
843 1818 1080 1888 βοηθήσων
1108 1824 1199 1870 τοῖς
1226 1820 1326 1873 περὶ
1353 1818 1431 1863 τὸν

66 1874 353 1931 Λυκόφρονα.
407 1879 490 1921 τοῦ
520 1875 567 1919 δὲ
599 1877 819 1919 Φιλίππου
846 1891 952 1946 μετα
979 1879 1069 1918 τῶν
1103 1878 1328 1920 Θετταλῶν
1357 1873 1432 1920 οἷν-

64 1931 464 1988 τιπαραταξαμένου
498 1937 589 1982 τοῖς
629 1936 880 1985 Φωκεῦσιν,
924 1930 1187 1999 Ὀνόμαρχος
1215 1930 1434 1988 ὑπερέχων

65 1993 156 2039 τοῖς
183 1989 366 2059 πλήθεσι
394 1989 492 2033 δυσὶ
521 1989 674 2044 μάχαις
701 1988 880 2061 ἐνίκησε,
909 1989 982 2032 καὶ
1011 1987 1202 2058 πολλούς
1222 1993 1310 2032 τῶν
1331 1992 1432 2031 Μα-
1460 1991 1515 2033 45

63 2043 255 2088 κεδόνων
293 2044 442 2089 ἀνεῖλε.
508 2047 723 2096 Φίλιππος
759 2045 805 2089 δὲ
835 2045 894 2096 εἰς
922 2043 1026 2096 τούς
1057 2043 1262 2114 ἑσχατους
1287 2044 1433 2088 κινδύ-

62 2117 170 2152 νους
197 2102 537 2171 περικλεισθείς,
550 2102 623 2145 καὶ
641 2106 730 2145 τῶν
748 2105 1020 2170 στρατιωτῶν
1040 2101 1112 2144 δια
1132 2100 1212 2156 τήν
1236 2100 1432 2170 ἀθυμίαν

62 2157 388 2202 καταλιπόντων
430 2156 586 2209 αὐτόν,
634 2156 984 2227 παραθαρρύνας
1021 2156 1068 2201 τὸ
1109 2161 1277 2226 πλῆθος
1306 2155 1432 2213 μόγις

63 2214 264 2284 εποίησεν
300 2212 462 2266 αύτούς
499 2213 724 2266 εὐπειθεῖς.
780 2213 886 2270 μετὰ
917 2214 962 2257 δὲ
991 2217 1125 2256 ταῦτα
1156 2212 1179 2256 6
1216 2215 1431 2265 Φίλιππος
1461 2217 1514 2259 50

65 2287 144 2326 μεν
191 2269 464 2340 ἀνεχώρησεν
503 2272 563 2322 εἰς
601 2270 681 2327 τήν
722 2272 1034 2321 ΝΙακεδονίαν,
1076 2265 1342 2338 Ὀνόμαρχος
1387 2270 1433 2313 δὲ

65 2326 326 2398 στρατεύσας
367 2328 425 2378 εἰς
461 2328 677 2371 Βοιωτίαν
711 2326 880 2394 ἐνίκησε
920 2326 1033 2395 μάχῃ
1072 2325 1173 2376 τοὺς
1210 2324 1433 2376 Βοιωτούς

64 2383 138 2427 καὶ
168 2381 299 2426 πόλιν
327 2380 410 2427 εἷλε
431 2382 699 2436 Κορώνειαν.
731 2383 840 2426 κατὰ
861 2382 907 2425 δὲ
926 2399 975 2438 τη
979 2399 1004 2424 ν
1030 2383 1263 2425 Θετταλίαν
1284 2384 1434 2424 Φίλιπ·

64 2455 147 2490 πος
184 2455 264 2494 μεν
302 2439 348 2483 ἐκ
383 2443 458 2495 τῆς
498 2441 777 2491 Μακεδονίας
815 2438 919 2506 μετὰ
956 2442 1033 2494 τῆς
1070 2436 1297 2492 δυναμεως
1331 2436 1431 2492 α’ρτι

63 2495 350 2583 κατηντηκώς,
378 2495 658 2552 ἐστράτευσεν
687 2496 754 2540 ἐπὶ
783 2493 1054 2551 Λυκόφρονα
1082 2493 1159 2539 τὸν
1183 2497 1336 2550 Φερῶν
1356 2493 1427 2538 τύ·
1459 2495 1513 2537 55

64 2666 122 2702 16
155 2666 328 2757 1ῗ)8.Ὲ36.
373 2720 725 2780 μεταπεμψαμένου]
758 2719 1086 2775 μεταπεμπομένου
1109 2721 1189 2756 Bas.
1372 2718 1429 2754 49.

63 2767 147 2809 libri
169 2769 461 2823 παραθαρσύνας
638 2769 695 2803 49.
741 2766 849 2812 μόγις
870 2769 973 2810 Fffl‘,
998 2768 1126 2802 caeteri
1149 2764 1252 2811 μόλις

64 2805 121 2849 56.
153 2811 220 2861 τήν
244 2826 313 2851 om.
332 2816 363 2850 F
545 2812 603 2851 52.
642 2810 732 2855 τούς
754 2824 824 2851 om.
847 2813 929 2849 Bas
1113 2780 1174 2847 55⁹
1201 2811 1279 2856 τὸν]
1304 2809 1379 2846 τῶν
1402 2809 1433 2844 1⁴*

1104 2873 1161 2913 69
