1820 3249
0 1300 42 1336 752

474 166 890 208 121113.xV.cAP.
917 169 1074 208 87.88.
1346 169 1456 210 1029

86 295 165 323 τον
191 278 427 348 ἡγρύμενοι
453 276 503 321 τὸ
532 280 763 332 κυριεῦσαι
789 280 878 319 τῶν
902 291 1082 344 νεκρων.
1139 274 1455 346 ἀνακαλεσαμέ-

87 353 178 378 νων
208 337 290 380 οὐν
318 339 408 378 τῶν
436 337 711 389 σαλπιγκτῶν
739 332 845 384 τούς
873 330 1137 401 στρατιώτας
1166 331 1350 384 ἅπαντες
1378 338 1453 390 τῆς

85 392 221 462 μάχης
261 391 526 458 ἀπέστησαν,
565 407 638 434 και
681 389 893 444 τρόπαιον
939 387 1181 460 ἀμφότεροι
1221 387 1452 444 στήσαιτες

82 447 382 518 ήμφιςβήτουν
419 451 495 501 τῆς
522 464 655 516 νικης.
715 448 758 490 οἱ
787 447 871 516 μὲν
907 445 989 501 γὰρ
1028 444 1249 501 Ἀθηναῖοι
1289 462 1453 501 νενικη-
1480 445 1535 485 65

84 504 205 555 κότες
239 503 339 554 τούς
373 505 470 558 περὶ
510 503 586 547 τὸν
625 501 767 558 λόφον
801 501 991 558 Ευβοεῖς
1035 502 1110 545 καὶ
1147 502 1454 571 μισθοφόρους

83 559 230 614 κύριοι
260 563 346 603 τῶν
373 563 540 614 νεκρῶν
566 557 790 629 ὑπῆρχον,
822 560 865 602 οἱ
894 559 941 602 δὲ
969 559 1158 602 Βοιωτοὶ
1186 557 1292 609 τοὺς
1320 562 1455 601 Λακε-

83 618 340 686 δαιμονίους
369 615 453 660 ἀπὸ
493 615 682 687 κράτους
719 613 946 670 ἡττηκότες
975 615 1049 658 καὶ
1076 619 1337 686 κρατοῦντες
1364 619 1455 658 τῶν

79 671 368 716 πεπτωκότων
410 673 678 728 προςένεμον
719 672 891 722 ἑαυτοῖς
938 670 1019 726 τὴν
1055 673 1198 742 νίκην.
1267 670 1336 714 ἐπὶ
1374 671 1454 723 μὲν

80 731 165 772 οὐν
191 727 353 785 χρόνον
380 729 480 772 τινά
509 730 605 784 περὶ
635 733 709 785 τῆς
735 733 823 773 τῶν
851 733 1018 782 νεκρῶν
1039 726 1301 782 ἀναιρέσεως
1330 726 1451 771 ούδέ-
1480 730 1535 768 70

78 801 197 838 τεροι
238 785 645 856 διεπρεσβεύσαντο,
693 787 768 829 ἳνα
808 802 866 842 μη
907 784 1092 836 δόξωσιν
1131 785 1363 854 ἐκχωρεῖν
1372 788 1452 827 τοῦ

76 843 322 895 πρωτείου·
363 842 467 898 μετὰ
505 843 551 886 δὲ
586 845 725 886 ταῦτα
757 845 842 885 τῶν
840 803 1231 910 ηΛακεδαιμονίων
1268 839 1452 894 πρώτων

75 899 540 969 ἐπικηρυκευσαμένων
580 899 679 955 περὶ
723 915 801 954 της
845 913 935 942 των
981 901 1159 965 νεκρῶν
1192 895 1452 969 ἀναιρέσεως

77 954 330 1025 ἀμφότεροι
357 972 463 1007 τους
502 957 643 1006 ἰδίους
681 955 866 1007 ε’θαψαν.
922 952 1269 1025 Ἐπαμεινώνδας
1307 952 1350 998 δ’
1389 954 1452 997 ἔτι

78 1015 163 1064 ζῶν
192 1014 253 1063 εἰς
281 1011 360 1067 τήν
387 1012 667 1083 παρεμβολὴν
695 1011 939 1081 ἀπηνέχθη,
969 1012 1041 1055 καὶ
1071 1015 1161 1055 τῶν
1190 1010 1451 1082 συγκληθέν-
1480 1007 1535 1048 75

75 1084 164 1111 των
202 1070 364 1122 ἰατρων
401 1068 757 1137 ἀποφηναμένων
802 1067 869 1111 ὅτι
907 1085 1101 1120 παντως,
1140 1067 1246 1111 ὅταν
1283 1067 1330 1111 ἐκ
1372 1071 1452 1110 τοῦ

74 1123 280 1178 θώρακος
319 1124 520 1181 ἐξαιρεθῇ
566 1125 616 1168 τὸ
661 1124 797 1176 δόρυ,
840 1123 1104 1180 συμβήσεται
1140 1125 1215 1168 καὶ
1252 1123 1331 1167 τὸν
1367 1122 1450 1166 θά-

72 1197 209 1224 νατον
263 1181 647 1252 ἐπακολουθῆσαι,
695 1180 994 1251 ευψυχοτάτην
1040 1184 1121 1224 τοῦ
1168 1182 1270 1250 βίου
1323 1196 1450 1223 κατα-

76 1236 273 1294 στροφὴν
302 1237 547 1307 ἐποιήσατο.
605 1241 781 1291 πρῶτον
820 1254 900 1293 μεν
938 1237 1021 1293 γοὶρ
1050 1238 1128 1281 τὸν
1170 1235 1449 1307 ὑπασπιστην
1478 1242 1534 1280 80

71 1293 477 1363 προςκαλεσάμενος
506 1295 781 1367 ἐπηρώτησεν
817 1295 854 1338 εἰ
884 1295 1119 1338 διασέσωκε
1155 1294 1235 1350 τὴν
1271 1292 1448 1336 ἀσπίδα.

72 1354 153 1393 τοῦ
192 1350 238 1394 δὲ
277 1350 500 1411 φήσαντος
537 1353 612 1394 καὶ
647 1352 805 1400 θέντος
845 1349 984 1420 αὐτὴν
1020 1350 1111 1421 πρὸ
1143 1354 1219 1406 τῆς
1256 1349 1451 1404 ὁράσεως

72 1405 204 1450 πάλιν
232 1403 483 1477 ἐπηρώτησε
522 1407 698 1461 πότεροι
733 1406 1026 1479 νενικήκασιν.
1084 1405 1449 1462 ἀποφαινομένου

73 1462 120 1506 δὲ
158 1466 239 1506 τοῦ
265 1464 419 1515 παιδός
457 1464 524 1509 ὅτι
560 1463 748 1506 Βοιωτοὶ
785 1463 1088 1532 νενικήκασιν,
1115 1464 1258 1516 ’Ὡρα,
1299 1464 1448 1533 φησίν,

71 1519 160 1562 ἐστὶ
188 1523 411 1572 τελευτᾶν,
448 1520 523 1564 καὶ
551 1520 807 1574 προςέταξεν
834 1519 1046 1563 έκσπάσαι
1074 1519 1124 1563 τὸ
1158 1520 1280 1575 δόρυ.
1340 1519 1447 1562 ἀνα·
1477 1520 1532 1562 85

73 1575 328 1645 βοησάντων
359 1577 414 1646 δὲ,
433 1580 521 1619 τῶν
551 1577 784 1628 παρόντων
815 1578 968 1630 φίλων,
1000 1577 1075 1619 καί
1106 1592 1227 1627 τινος
1250 1575 1448 1627 εἰπόντος

72 1631 138 1675 ὅτι
167 1636 367 1689 τελευτᾷς
395 1632 597 1684 ἄτεκνος,
623 1631 974 1686 Ἐπαμεινώνδα,
1015 1633 1090 1676 καὶ
1131 1631 1447 1686 δακρύσαντος,

72 1687 151 1757 ’Μά
181 1690 268 1732 Δία
296 1690 393 1743 μέν,
433 1691 591 1745 φησίν,
634 1688 744 1732 ἀλλὰ
781 1690 1025 1732 καταλείπω
1066 1687 1148 1731 δύο
1185 1688 1447 1744 θυγατέρας,

69 1743 149 1800 τήν
175 1760 221 1787 τε
251 1745 297 1788 ἐν
326 1744 563 1801 Λεύκτροις
590 1747 719 1815 νίκην
748 1745 822 1788 καὶ
855 1745 935 1802 τὴν
974 1744 1020 1787 έν
1051 1747 1310 1788 Μαντινεία.
1373 1745 1448 1788 καὶ
1490 1778 1491 1781 ¹

69 1804 151 1844 τοῦ
195 1800 380 1857 δόρατος
426 1800 722 1857 ἐξαιρεθέντος
771 1800 878 1845 ἄνευ
928 1800 1070 1858 πάσης
1118 1805 1309 1886 ταραχῆς
1357 1801 1446 1854 ἓξέ-
1475 1805 1531 1844 90

67 1864 265 1901 πνευσεν.

120 1934 318 1992 ,Ἡμεῖς
347 1937 392 1981 δ’
421 1936 620 1987 εἰωθότες
652 1942 747 1988 ταῖς
774 1953 864 1980 των
885 1937 1070 2008 ἀγαθων
1099 1936 1277 2006 ἀνδρων
1304 1939 1443 1979 τελευ·
1470 1939 1528 1979 88

66 1997 162 2043 ταῖς
209 1993 418 2048 ἐπιλέγειν
459 1993 538 2037 τόν
584 1994 702 2037 ἰ’διον
747 1993 928 2040 ε’παινον
975 1994 1185 2064 οὐδαμῶς
1225 1992 1446 2060 ἁρμόττον

80 2047 295 2120 ’γουμεθα
322 2052 627 2105 παραδραμεῖν
657 2048 820 2105 ἀνδρός
848 2049 1110 2123 τηλικούτου
1138 2048 1218 2120 τὴν
1243 2048 1444 2121 τελευτὴν
1473 2049 1530 2097 95

67 2105 427 2177 ανεπισήμαντον
467 2109 591 2151 δοκεῖ
612 2106 696 2162 γάρ
726 2124 802 2164 μοι
826 2124 883 2163 μη
905 2106 1046 2177 μόνον
1075 2106 1179 2158 τοὺς
1207 2104 1313 2150 καθ’
1347 2105 1444 2148 έαυ·

66 2162 145 2206 τόν
172 2162 430 2233 ὑπερβαλεῖν
459 2162 507 2206 ἓν
538 2180 592 2219 τη
630 2168 916 2236 στρατηγικῆ
927 2163 1098 2208 συνέσει
1129 2163 1203 2206 καὶ
1230 2162 1441 2231 ἐμπειρία,

66 2218 175 2271 πρὸς
212 2219 258 2288 δὲ
296 2218 470 2270 τούτοις
517 2219 719 2288 ἐπιεικείᾳ
757 2236 801 2263 τε
847 2220 921 2264 καὶ
957 2220 1264 2290 μεγαλοψυχίᾳ.
1329 2235 1439 2261 κατα

67 2275 147 2330 μὲν
175 2274 257 2331 γὰρ
276 2274 366 2330 τὴν
394 2275 566 2332 ἡλικίαν
595 2276 676 2331 τὴν
704 2274 864 2320 τούτου
895 2275 1127 2346 γεγόνασιν
1165 2276 1320 2331 ἄνδρες
1352 2275 1437 2317 ἐπι-

67 2336 253 2386 φανεῖς,
295 2334 543 2385 Πελοπίδας
570 2348 614 2377 τε
645 2337 838 2390 Θηβαῖος
876 2334 951 2378 καὶ
994 2332 1212 2405 Τιμόθεος
1250 2333 1324 2376 καὶ
1355 2329 1553 2382 K6-100

65 2477 124 2512 (32.
148 2479 396 2524 σαλπιγκτῶν]
431 2480 635 2524 σαλπιγγῶν
657 2480 674 2514 1
867 2478 924 2514 64.
943 2475 1226 2537 ἧμφιςβήτουν]
1259 2475 1441 2523 ἀμφιςβῆ-

67 2535 156 2557 τουν
181 2527 209 2557 Α
389 2525 446 2560 65.
471 2526 508 2560 οἱ
531 2525 612 2570 μεν]
641 2525 679 2560 οἱ
699 2526 733 2559 Κ
915 2525 971 2559 13.
997 2524 1274 2571 ἐπικηρυκευσ.]
1308 2523 1439 2570 ἐπικη-

68 2579 189 2614 ρυευσ.
212 2569 247 2603 Κ
430 2571 489 2606 77.
517 2570 706 2627 ἐξαιρεθῇ]
732 2569 903 2618 ἕξενεχθη
927 2572 957 2606 L

158 2614 216 2648 7⁹.
239 2614 297 2649 82.
319 2613 389 2658 πρὸ
413 2618 502 2660 τῆς]
535 2615 626 2661 πρὸς
657 2619 762 2662 τῆς-1
967 2616 1023 2651 88.
1046 2615 1142 2674 μέν]
1175 2620 1235 2652 aut
1257 2616 1440 2652 delendum

67 2661 136 2693 hoc
159 2664 220 2694 aut
240 2665 423 2714 praeeunte
441 2663 512 2705 Sto}
514 2664 617 2698 »hano
641 2664 858 2698 scribendum
884 2660 931 2698 οὗ
954 2661 997 2707 μὲ
983 2676 1020 2697 ν
1041 2675 1111 2698 ουν
1245 2662 1303 2697 96.
1327 2674 1441 2705 υπερ-

67 2707 216 2750 βαλεῖν]
245 2702 480 2761 υπερβάλλειν
502 2711 533 2742 1³·
716 2708 756 2744 ἐν
781 2721 850 2745 mn.
876 2711 905 2743 1⁴
1087 2709 1147 2743 99.
1183 2709 1348 2754 Θηβαῖος
1369 2709 1440 2747 Ab,

68 2751 194 2784 ameni
226 2752 354 2785 addunt
386 2751 437 2787 ε’τι
461 2752 517 2795 as,
559 2767 648 2798 quae
681 2755 803 2791 asturi„
795 2767 846 2790 co
878 2754 1016 2790 notavit
1039 2755 1252 2801 Stephanus:
1275 2755 1356 2790 fort
1377 2764 1440 2789 au-

69 2803 138 2831 tem
163 2797 355 2832 addendum
376 2794 396 2832 ὁ
