<?xml version="1.0" encoding="UTF-8"?>
<!DOCTYPE html PUBLIC "-//W3C//DTD XHTML 1.0 Transitional//EN"
    "http://www.w3.org/TR/xhtml1/DTD/xhtml1-transitional.dtd">
<html xmlns="http://www.w3.org/1999/xhtml" xml:lang="en" lang="en">
 <head>
  <title>
</title>
<meta http-equiv="Content-Type" content="text/html;charset=utf-8" />
  <meta name='ocr-system' content='tesseract 3.04.00' />
  <meta name='ocr-capabilities' content='ocr_page ocr_carea ocr_par ocr_line ocrx_word'/>
</head>
<body>
  <div class='ocr_page' id='page_1' title='image "./p1bibliothecahisto02dioduoft_0503.png"; bbox 0 0 1820 3249; ppageno 0'>
   <div class='ocr_carea' id='block_1_1' title="bbox 482 177 1488 221">
    <p class='ocr_par' dir='ltr' id='par_1_1' title="bbox 482 177 1488 221">
     <span class='ocr_line' id='line_1_1' title="bbox 482 177 1488 221; baseline -0.004 -1"><span class='ocrx_word' id='word_1_1' title='bbox 482 181 593 221; x_wconf 54' lang='lat'>12113.</span> <span class='ocrx_word' id='word_1_2' title='bbox 623 179 733 219; x_wconf 84' lang='lat' dir='ltr'>xlx.</span> <span class='ocrx_word' id='word_1_3' title='bbox 795 178 926 220; x_wconf 83' lang='lat' dir='ltr'>CAP.</span> <span class='ocrx_word' id='word_1_4' title='bbox 960 180 1026 220; x_wconf 79' lang='grc'><em>76.</em></span> <span class='ocrx_word' id='word_1_5' title='bbox 1057 179 1124 220; x_wconf 73' lang='grc'><em>77.</em></span> <span class='ocrx_word' id='word_1_6' title='bbox 1376 177 1488 218; x_wconf 69' lang='grc'><em>1417</em></span> 
     </span>
    </p>
   </div>
   <div class='ocr_carea' id='block_1_2' title="bbox 111 287 1577 2270">
    <p class='ocr_par' dir='ltr' id='par_1_2' title="bbox 115 287 1575 801">
     <span class='ocr_line' id='line_1_2' title="bbox 119 287 1484 365; baseline -0.004 -28"><span class='ocrx_word' id='word_1_7' title='bbox 119 293 281 365; x_wconf 88' lang='grc' dir='ltr'><em>ταύτην</em></span> <span class='ocrx_word' id='word_1_8' title='bbox 317 291 395 347; x_wconf 78' lang='grc' dir='ltr'><em>μὲν</em></span> <span class='ocrx_word' id='word_1_9' title='bbox 432 290 570 341; x_wconf 76' lang='grc' dir='ltr'><em>εὐθὺς</em></span> <span class='ocrx_word' id='word_1_10' title='bbox 608 288 848 357; x_wconf 78' lang='grc' dir='ltr'><em>έρῤύσαντο</em></span> <span class='ocrx_word' id='word_1_11' title='bbox 878 306 965 332; x_wconf 89' lang='grc' dir='ltr'><em>των</em></span> <span class='ocrx_word' id='word_1_12' title='bbox 996 287 1274 338; x_wconf 82' lang='grc' dir='ltr'><em>ἐπικειμένων</em></span> <span class='ocrx_word' id='word_1_13' title='bbox 1299 287 1484 356; x_wconf 73' lang='grc' dir='ltr'><em>φόβων·</em></span> 
     </span>
     <span class='ocr_line' id='line_1_3' title="bbox 119 344 1571 417; baseline -0.006 -23"><span class='ocrx_word' id='word_1_14' title='bbox 119 349 212 406; x_wconf 84' lang='grc' dir='ltr'><em>μετ’</em></span> <span class='ocrx_word' id='word_1_15' title='bbox 244 350 390 405; x_wconf 77' lang='grc' dir='ltr'><strong><em>ὀλίγας</em></strong></span> <span class='ocrx_word' id='word_1_16' title='bbox 419 347 461 393; x_wconf 85' lang='grc' dir='ltr'><em>δ’</em></span> <span class='ocrx_word' id='word_1_17' title='bbox 481 346 643 417; x_wconf 81' lang='grc' dir='ltr'><em>ἡμέρας</em></span> <span class='ocrx_word' id='word_1_18' title='bbox 673 345 940 397; x_wconf 77' lang='grc' dir='ltr'><em>ἐκταξάντων</em></span> <span class='ocrx_word' id='word_1_19' title='bbox 971 345 1250 417; x_wconf 80' lang='grc' dir='ltr'><em>ἀμφοτέρων</em></span> <span class='ocrx_word' id='word_1_20' title='bbox 1259 361 1333 394; x_wconf 88' lang='grc' dir='ltr'><em>τας</em></span> <span class='ocrx_word' id='word_1_21' title='bbox 1358 344 1488 387; x_wconf 82' lang='grc' dir='ltr'><em>δυνά·</em></span> <span class='ocrx_word' id='word_1_22' title='bbox 1518 351 1571 390; x_wconf 88' lang='grc'><em>60</em></span> 
     </span>
     <span class='ocr_line' id='line_1_4' title="bbox 117 400 1488 474; baseline -0.005 -24"><span class='ocrx_word' id='word_1_23' title='bbox 117 423 210 462; x_wconf 88' lang='grc' dir='ltr'><em>μεις</em></span> <span class='ocrx_word' id='word_1_24' title='bbox 238 406 402 474; x_wconf 79' lang='grc' dir='ltr'><em>ἐγένετο</em></span> <span class='ocrx_word' id='word_1_25' title='bbox 432 403 544 460; x_wconf 82' lang='grc' dir='ltr'><strong><em>μάχη</em></strong></span> <span class='ocrx_word' id='word_1_26' title='bbox 574 403 775 456; x_wconf 78' lang='grc' dir='ltr'><em>καρτερά,</em></span> <span class='ocrx_word' id='word_1_27' title='bbox 807 403 880 445; x_wconf 81' lang='grc' dir='ltr'><em>καὶ</em></span> <span class='ocrx_word' id='word_1_28' title='bbox 906 405 1054 469; x_wconf 89' lang='grc' dir='ltr'><em>συχνοι</em></span> <span class='ocrx_word' id='word_1_29' title='bbox 1085 400 1192 456; x_wconf 83' lang='grc' dir='ltr'><em>παρ’</em></span> <span class='ocrx_word' id='word_1_30' title='bbox 1223 400 1488 470; x_wconf 78' lang='grc' dir='ltr'><em>ἀμφοτέροις</em></span> 
     </span>
     <span class='ocr_line' id='line_1_5' title="bbox 118 457 1489 514; baseline -0.005 -8"><span class='ocrx_word' id='word_1_31' title='bbox 118 464 285 506; x_wconf 78' lang='grc' dir='ltr'><em>έ’.πεσον</em></span> <span class='ocrx_word' id='word_1_32' title='bbox 333 462 383 506; x_wconf 83' lang='grc' dir='ltr'><em>τὸ</em></span> <span class='ocrx_word' id='word_1_33' title='bbox 412 461 458 505; x_wconf 79' lang='grc' dir='ltr'><em>δὲ</em></span> <span class='ocrx_word' id='word_1_34' title='bbox 479 462 598 511; x_wconf 82' lang='grc' dir='ltr'><em>τέλος</em></span> <span class='ocrx_word' id='word_1_35' title='bbox 621 461 666 502; x_wconf 80' lang='grc' dir='ltr'><em>οἱ</em></span> <span class='ocrx_word' id='word_1_36' title='bbox 684 457 891 514; x_wconf 85' lang='grc' dir='ltr'><em>Ῥωμαῖοι</em></span> <span class='ocrx_word' id='word_1_37' title='bbox 916 457 1172 514; x_wconf 81' lang='grc' dir='ltr'><em>βιασάμενοι</em></span> <span class='ocrx_word' id='word_1_38' title='bbox 1193 458 1302 501; x_wconf 73' lang='grc' dir='ltr'><em>κατὰ</em></span> <span class='ocrx_word' id='word_1_39' title='bbox 1331 458 1489 510; x_wconf 80' lang='grc' dir='ltr'><em>κράτος</em></span> 
     </span>
     <span class='ocr_line' id='line_1_6' title="bbox 116 501 1490 581; baseline -0.004 -19"><span class='ocrx_word' id='word_1_40' title='bbox 116 520 415 574; x_wconf 76' lang='grc' dir='ltr'><em>περιεγένοντο</em></span> <span class='ocrx_word' id='word_1_41' title='bbox 444 522 532 559; x_wconf 80' lang='grc' dir='ltr'><em>τῶν</em></span> <span class='ocrx_word' id='word_1_42' title='bbox 561 501 800 571; x_wconf 72' lang='grc' dir='ltr'><em>πολεμίων·</em></span> <span class='ocrx_word' id='word_1_43' title='bbox 834 516 902 558; x_wconf 82' lang='grc' dir='ltr'><em>ἐπὶ</em></span> <span class='ocrx_word' id='word_1_44' title='bbox 931 516 1072 558; x_wconf 89' lang='grc' dir='ltr'><em>πολυν</em></span> <span class='ocrx_word' id='word_1_45' title='bbox 1102 515 1146 558; x_wconf 76' lang='grc' dir='ltr'><em>δὲ</em></span> <span class='ocrx_word' id='word_1_46' title='bbox 1176 514 1310 558; x_wconf 84' lang='grc' dir='ltr'><em>τόπον</em></span> <span class='ocrx_word' id='word_1_47' title='bbox 1336 513 1490 581; x_wconf 74' lang='grc' dir='ltr'><em>χρησοί-</em></span> 
     </span>
     <span class='ocr_line' id='line_1_7' title="bbox 117 569 1575 645; baseline -0.005 -26"><span class='ocrx_word' id='word_1_48' title='bbox 117 593 242 645; x_wconf 87' lang='grc' dir='ltr'><em>μενοι</em></span> <span class='ocrx_word' id='word_1_49' title='bbox 260 579 320 632; x_wconf 79' lang='grc' dir='ltr'><em>τῷ</em></span> <span class='ocrx_word' id='word_1_50' title='bbox 343 576 517 644; x_wconf 77' lang='grc' dir='ltr'><em>διωγμῷ</em></span> <span class='ocrx_word' id='word_1_51' title='bbox 536 575 711 645; x_wconf 80' lang='grc' dir='ltr'><em>πλείους</em></span> <span class='ocrx_word' id='word_1_52' title='bbox 729 589 815 616; x_wconf 75' lang='lat' dir='ltr'><em>um</em></span> <span class='ocrx_word' id='word_1_53' title='bbox 830 576 1001 626; x_wconf 86' lang='grc' dir='ltr'><em>μυρίων</em></span> <span class='ocrx_word' id='word_1_54' title='bbox 1018 573 1201 614; x_wconf 84' lang='grc' dir='ltr'><em>α’νεῖλον.</em></span> <span class='ocrx_word' id='word_1_55' title='bbox 1233 572 1306 614; x_wconf 77' lang='grc' dir='ltr'><em>καὶ</em></span> <span class='ocrx_word' id='word_1_56' title='bbox 1323 576 1397 626; x_wconf 75' lang='grc' dir='ltr'><em>τῆς</em></span> <span class='ocrx_word' id='word_1_57' title='bbox 1414 569 1491 624; x_wconf 81' lang='grc' dir='ltr'><em>μοί-</em></span> <span class='ocrx_word' id='word_1_58' title='bbox 1522 578 1575 619; x_wconf 84' lang='grc'><em>65</em></span> 
     </span>
     <span class='ocr_line' id='line_1_8' title="bbox 118 627 1492 699; baseline -0.004 -24"><span class='ocrx_word' id='word_1_59' title='bbox 118 649 193 687; x_wconf 77' lang='grc' dir='ltr'><em>χης</em></span> <span class='ocrx_word' id='word_1_60' title='bbox 217 630 512 699; x_wconf 77' lang='grc' dir='ltr'><em>ἀγνοουμένης</em></span> <span class='ocrx_word' id='word_1_61' title='bbox 535 631 595 673; x_wconf 76' lang='grc' dir='ltr'><em>ἔτι</em></span> <span class='ocrx_word' id='word_1_62' title='bbox 616 630 849 682; x_wconf 83' lang='grc' dir='ltr'><em>Καμπανοὶ</em></span> <span class='ocrx_word' id='word_1_63' title='bbox 874 629 952 698; x_wconf 64' lang='grc' dir='ltr'><em>μὲν</em></span> <span class='ocrx_word' id='word_1_64' title='bbox 976 645 1201 682; x_wconf 77' lang='grc' dir='ltr'><em>καταφροτ</em></span> <span class='ocrx_word' id='word_1_65' title='bbox 1205 627 1382 682; x_wconf 82' lang='grc' dir='ltr'><em>ησαντες</em></span> <span class='ocrx_word' id='word_1_66' title='bbox 1403 643 1492 669; x_wconf 90' lang='grc' dir='ltr'><em>των</em></span> 
     </span>
     <span class='ocr_line' id='line_1_9' title="bbox 111 671 1493 757; baseline -0.004 -25.96"><span class='ocrx_word' id='word_1_67' title='bbox 111 688 336 743; x_wconf 86' lang='grc' dir='ltr'><em>Ῥωμαίων</em></span> <span class='ocrx_word' id='word_1_68' title='bbox 349 686 616 757; x_wconf 78' lang='grc' dir='ltr'><em>απέστησαν·</em></span> <span class='ocrx_word' id='word_1_69' title='bbox 636 685 659 729; x_wconf 86' lang='grc' dir='ltr'>ὁ</span> <span class='ocrx_word' id='word_1_70' title='bbox 673 671 717 729; x_wconf 82' lang='grc' dir='ltr'><em>δὲ</em></span> <span class='ocrx_word' id='word_1_71' title='bbox 738 689 872 741; x_wconf 84' lang='grc' dir='ltr'><em>δημος</em></span> <span class='ocrx_word' id='word_1_72' title='bbox 890 684 1025 736; x_wconf 77' lang='grc' dir='ltr'><em>εὐθύς</em></span> <span class='ocrx_word' id='word_1_73' title='bbox 1041 686 1227 728; x_wconf 80' lang='grc' dir='ltr'><em>δύναιιίν</em></span> <span class='ocrx_word' id='word_1_74' title='bbox 1241 701 1283 727; x_wconf 83' lang='grc' dir='ltr'><em>τε</em></span> <span class='ocrx_word' id='word_1_75' title='bbox 1301 684 1379 739; x_wconf 65' lang='grc' dir='ltr'><em>τὴν</em></span> <span class='ocrx_word' id='word_1_76' title='bbox 1402 685 1493 726; x_wconf 84' lang='grc' dir='ltr'><em>ἵκα-</em></span> 
     </span>
     <span class='ocr_line' id='line_1_10' title="bbox 115 739 1493 807; baseline -0.004 -19"><span class='ocrx_word' id='word_1_77' title='bbox 115 761 199 801; x_wconf 87' lang='grc' dir='ltr'><em>νην</em></span> <span class='ocrx_word' id='word_1_78' title='bbox 219 743 484 798; x_wconf 81' lang='grc' dir='ltr'><em>ε’ξέπεμψεν’</em></span> <span class='ocrx_word' id='word_1_79' title='bbox 469 742 529 786; x_wconf 81' lang='grc' dir='ltr'><em>επ’</em></span> <span class='ocrx_word' id='word_1_80' title='bbox 540 742 702 792; x_wconf 82' lang='grc' dir='ltr'><em>αὐτούς</em></span> <span class='ocrx_word' id='word_1_81' title='bbox 720 744 793 785; x_wconf 77' lang='grc' dir='ltr'><em>καὶ</em></span> <span class='ocrx_word' id='word_1_82' title='bbox 814 743 1054 811; x_wconf 72' lang='grc' dir='ltr'><em>στρατηγὸν</em></span> <span class='ocrx_word' id='word_1_83' title='bbox 1074 739 1493 792; x_wconf 70' lang='grc' dir='ltr'><em>αὐτοκράτοραῖάϊ-</em></span> 
     </span>
    </p>

    <p class='ocr_par' dir='ltr' id='par_1_3' title="bbox 116 795 1577 1365">
     <span class='ocr_line' id='line_1_11' title="bbox 117 795 1493 855; baseline -0.005 -10"><span class='ocrx_word' id='word_1_84' title='bbox 117 818 170 845; x_wconf 88' lang='grc' dir='ltr'><em>ον</em></span> <span class='ocrx_word' id='word_1_85' title='bbox 194 803 392 844; x_wconf 87' lang='grc' dir='ltr'><em>Μαίνιον</em></span> <span class='ocrx_word' id='word_1_86' title='bbox 414 801 485 842; x_wconf 76' lang='grc' dir='ltr'><em>καὶ</em></span> <span class='ocrx_word' id='word_1_87' title='bbox 504 798 596 855; x_wconf 81' lang='grc' dir='ltr'><em>μετ’</em></span> <span class='ocrx_word' id='word_1_88' title='bbox 620 798 759 843; x_wconf 84' lang='grc' dir='ltr'><em>αὐτοῦ</em></span> <span class='ocrx_word' id='word_1_89' title='bbox 789 799 897 842; x_wconf 73' lang='grc' dir='ltr'><em>κατὰ</em></span> <span class='ocrx_word' id='word_1_90' title='bbox 919 799 965 842; x_wconf 81' lang='grc' dir='ltr'><em>τὸ</em></span> <span class='ocrx_word' id='word_1_91' title='bbox 987 814 1170 851; x_wconf 89' lang='grc' dir='ltr'><em>πατριον</em></span> <span class='ocrx_word' id='word_1_92' title='bbox 1192 798 1294 847; x_wconf 78' lang='grc' dir='ltr'><em>έύος</em></span> <span class='ocrx_word' id='word_1_93' title='bbox 1313 795 1493 839; x_wconf 67' lang='grc' dir='ltr'><em>ιΛάνιον</em></span> 
     </span>
     <span class='ocr_line' id='line_1_12' title="bbox 120 853 1577 914; baseline -0.005 -14"><span class='ocrx_word' id='word_1_94' title='bbox 120 857 345 914; x_wconf 84' lang='grc' dir='ltr'><em>Φούλβιον</em></span> <span class='ocrx_word' id='word_1_95' title='bbox 373 859 601 911; x_wconf 72' lang='grc' dir='ltr'><em>ἵππαρχον.</em></span> <span class='ocrx_word' id='word_1_96' title='bbox 631 856 801 900; x_wconf 86' lang='grc' dir='ltr'><em>τούτων</em></span> <span class='ocrx_word' id='word_1_97' title='bbox 830 856 876 899; x_wconf 76' lang='grc' dir='ltr'><em>δὲ</em></span> <span class='ocrx_word' id='word_1_98' title='bbox 905 858 1089 910; x_wconf 76' lang='grc' dir='ltr'><em>πλησίον</em></span> <span class='ocrx_word' id='word_1_99' title='bbox 1116 871 1191 909; x_wconf 89' lang='grc' dir='ltr'><em>της</em></span> <span class='ocrx_word' id='word_1_100' title='bbox 1212 853 1397 907; x_wconf 84' lang='grc' dir='ltr'><em>Καπύης</em></span> <span class='ocrx_word' id='word_1_101' title='bbox 1421 869 1494 895; x_wconf 81' lang='grc' dir='ltr'><em>κα·</em></span> <span class='ocrx_word' id='word_1_102' title='bbox 1522 861 1577 899; x_wconf 81' lang='grc'><em>70</em></span> 
     </span>
     <span class='ocr_line' id='line_1_13' title="bbox 116 908 1493 968; baseline -0.004 -11"><span class='ocrx_word' id='word_1_103' title='bbox 116 913 648 968; x_wconf 83' lang='grc' dir='ltr'><em>ταστρατοπεδευσαντων,</em></span> <span class='ocrx_word' id='word_1_104' title='bbox 681 914 725 955; x_wconf 82' lang='grc' dir='ltr'><em>οἱ</em></span> <span class='ocrx_word' id='word_1_105' title='bbox 754 914 988 966; x_wconf 87' lang='grc' dir='ltr'><em>Καμπανοὶ</em></span> <span class='ocrx_word' id='word_1_106' title='bbox 1016 911 1065 954; x_wconf 81' lang='grc' dir='ltr'><em>τό</em></span> <span class='ocrx_word' id='word_1_107' title='bbox 1096 927 1144 965; x_wconf 86' lang='grc' dir='ltr'><em>με</em></span> <span class='ocrx_word' id='word_1_108' title='bbox 1129 928 1174 953; x_wconf 90' lang='grc' dir='ltr'><em>ν</em></span> <span class='ocrx_word' id='word_1_109' title='bbox 1201 914 1380 963; x_wconf 80' lang='grc' dir='ltr'><em>πρῶτον</em></span> <span class='ocrx_word' id='word_1_110' title='bbox 1401 908 1493 952; x_wconf 83' lang='grc' dir='ltr'><em>έπε-</em></span> 
     </span>
     <span class='ocr_line' id='line_1_14' title="bbox 117 965 1494 1035; baseline -0.006 -21"><span class='ocrx_word' id='word_1_111' title='bbox 117 973 294 1027; x_wconf 82' lang='grc' dir='ltr'><em>χείρουν</em></span> <span class='ocrx_word' id='word_1_112' title='bbox 323 971 628 1027; x_wconf 75' lang='grc' dir='ltr'><em>ἀγωνίζεσθαι·</em></span> <span class='ocrx_word' id='word_1_113' title='bbox 657 969 760 1024; x_wconf 74' lang='grc' dir='ltr'><em>μετα</em></span> <span class='ocrx_word' id='word_1_114' title='bbox 791 970 836 1012; x_wconf 78' lang='grc' dir='ltr'><em>δὲ</em></span> <span class='ocrx_word' id='word_1_115' title='bbox 861 973 996 1011; x_wconf 84' lang='grc' dir='ltr'><em>ταῦτα</em></span> <span class='ocrx_word' id='word_1_116' title='bbox 1025 965 1270 1035; x_wconf 77' lang='grc' dir='ltr'><em>πυθόμενοι</em></span> <span class='ocrx_word' id='word_1_117' title='bbox 1299 982 1379 1022; x_wconf 86' lang='grc' dir='ltr'><em>την</em></span> <span class='ocrx_word' id='word_1_118' title='bbox 1402 981 1494 1008; x_wconf 86' lang='grc' dir='ltr'><em>των</em></span> 
     </span>
     <span class='ocr_line' id='line_1_15' title="bbox 118 1021 1492 1097; baseline -0.004 -27"><span class='ocrx_word' id='word_1_119' title='bbox 118 1030 356 1097; x_wconf 78' lang='grc' dir='ltr'><em>Σαμνιτῶν</em></span> <span class='ocrx_word' id='word_1_120' title='bbox 393 1028 550 1095; x_wconf 79' lang='grc' dir='ltr'><em>ἡτταν,</em></span> <span class='ocrx_word' id='word_1_121' title='bbox 590 1026 663 1068; x_wconf 79' lang='grc' dir='ltr'><em>καὶ</em></span> <span class='ocrx_word' id='word_1_122' title='bbox 699 1028 953 1080; x_wconf 86' lang='grc' dir='ltr'><em>νομίσαντες</em></span> <span class='ocrx_word' id='word_1_123' title='bbox 986 1023 1127 1074; x_wconf 73' lang='grc' dir='ltr'><em>πασας</em></span> <span class='ocrx_word' id='word_1_124' title='bbox 1173 1023 1247 1074; x_wconf 82' lang='grc' dir='ltr'><em>τὰς</em></span> <span class='ocrx_word' id='word_1_125' title='bbox 1287 1021 1492 1077; x_wconf 79' lang='grc' dir='ltr'><em>δυνάμεις</em></span> 
     </span>
     <span class='ocr_line' id='line_1_16' title="bbox 117 1079 1576 1138; baseline -0.003 -12"><span class='ocrx_word' id='word_1_126' title='bbox 117 1083 233 1138; x_wconf 76' lang='grc' dir='ltr'><em>ἥξειν</em></span> <span class='ocrx_word' id='word_1_127' title='bbox 258 1081 332 1126; x_wconf 79' lang='grc' dir='ltr'><em>ἐπ’</em></span> <span class='ocrx_word' id='word_1_128' title='bbox 361 1081 537 1133; x_wconf 79' lang='grc' dir='ltr'><em>αὐτούς,</em></span> <span class='ocrx_word' id='word_1_129' title='bbox 568 1079 822 1125; x_wconf 79' lang='grc' dir='ltr'><em>διελύσαντο</em></span> <span class='ocrx_word' id='word_1_130' title='bbox 852 1082 964 1134; x_wconf 79' lang='grc' dir='ltr'><em>πρὸς</em></span> <span class='ocrx_word' id='word_1_131' title='bbox 988 1080 1241 1135; x_wconf 87' lang='grc' dir='ltr'><em>Ρωμαίους.</em></span> <span class='ocrx_word' id='word_1_132' title='bbox 1285 1079 1388 1129; x_wconf 79' lang='grc' dir='ltr'><em>τοὺς</em></span> <span class='ocrx_word' id='word_1_133' title='bbox 1407 1079 1490 1134; x_wconf 76' lang='grc' dir='ltr'><em>γὰρ</em></span> <span class='ocrx_word' id='word_1_134' title='bbox 1521 1088 1576 1131; x_wconf 83' lang='lat'><em>75</em></span> 
     </span>
     <span class='ocr_line' id='line_1_17' title="bbox 119 1137 1493 1208; baseline -0.004 -26"><span class='ocrx_word' id='word_1_135' title='bbox 119 1141 287 1190; x_wconf 82' lang='grc' dir='ltr'><em>αἰτίους</em></span> <span class='ocrx_word' id='word_1_136' title='bbox 314 1143 389 1193; x_wconf 86' lang='grc' dir='ltr'><em>τῆς</em></span> <span class='ocrx_word' id='word_1_137' title='bbox 427 1142 616 1208; x_wconf 79' lang='grc' dir='ltr'><em>ταραχῆς</em></span> <span class='ocrx_word' id='word_1_138' title='bbox 644 1137 878 1190; x_wconf 73' lang='grc' dir='ltr'><em>ἐξέδωκαν,</em></span> <span class='ocrx_word' id='word_1_139' title='bbox 911 1140 953 1180; x_wconf 81' lang='grc' dir='ltr'><em>οἱ</em></span> <span class='ocrx_word' id='word_1_140' title='bbox 989 1138 1274 1191; x_wconf 79' lang='grc' dir='ltr'><em>προτεθείσης</em></span> <span class='ocrx_word' id='word_1_141' title='bbox 1309 1138 1493 1189; x_wconf 83' lang='grc' dir='ltr'><em>κρίσεως</em></span> 
     </span>
     <span class='ocr_line' id='line_1_18' title="bbox 119 1191 1493 1263; baseline -0.003 -25"><span class='ocrx_word' id='word_1_142' title='bbox 119 1195 174 1238; x_wconf 83' lang='grc' dir='ltr'><em>ου’</em></span> <span class='ocrx_word' id='word_1_143' title='bbox 201 1197 520 1251; x_wconf 83' lang='grc' dir='ltr'><em>περιμείναντες</em></span> <span class='ocrx_word' id='word_1_144' title='bbox 555 1194 636 1250; x_wconf 78' lang='grc' dir='ltr'><em>τὴν</em></span> <span class='ocrx_word' id='word_1_145' title='bbox 672 1193 896 1263; x_wconf 83' lang='grc' dir='ltr'><em>ἀπόφασιν</em></span> <span class='ocrx_word' id='word_1_146' title='bbox 933 1192 1096 1242; x_wconf 82' lang='grc' dir='ltr'><em>αὐτοὺς</em></span> <span class='ocrx_word' id='word_1_147' title='bbox 1126 1192 1312 1235; x_wconf 79' lang='grc' dir='ltr'><em>ἀνεῖλον</em></span> <span class='ocrx_word' id='word_1_148' title='bbox 1371 1193 1416 1234; x_wconf 82' lang='grc' dir='ltr'><em>αἱ</em></span> <span class='ocrx_word' id='word_1_149' title='bbox 1446 1191 1493 1235; x_wconf 81' lang='grc' dir='ltr'><em>δὲ</em></span> 
     </span>
     <span class='ocr_line' id='line_1_19' title="bbox 116 1247 1493 1322; baseline -0.004 -26"><span class='ocrx_word' id='word_1_150' title='bbox 116 1251 264 1303; x_wconf 83' lang='grc' dir='ltr'><em>πόλεις</em></span> <span class='ocrx_word' id='word_1_151' title='bbox 284 1256 494 1322; x_wconf 87' lang='grc' dir='ltr'><em>τυχοῦσαι</em></span> <span class='ocrx_word' id='word_1_152' title='bbox 523 1249 779 1307; x_wconf 81' lang='grc' dir='ltr'><em>συγγνώμης</em></span> <span class='ocrx_word' id='word_1_153' title='bbox 805 1252 864 1302; x_wconf 84' lang='grc' dir='ltr'><em>εἷς</em></span> <span class='ocrx_word' id='word_1_154' title='bbox 890 1249 970 1307; x_wconf 82' lang='grc' dir='ltr'><em>τὴν</em></span> <span class='ocrx_word' id='word_1_155' title='bbox 993 1247 1369 1305; x_wconf 76' lang='grc' dir='ltr'><em>προύπαρχουσαν</em></span> <span class='ocrx_word' id='word_1_156' title='bbox 1387 1259 1493 1303; x_wconf 84' lang='grc' dir='ltr'><em>συμ-</em></span> 
     </span>
     <span class='ocr_line' id='line_1_20' title="bbox 116 1307 669 1380; baseline -0.002 -29"><span class='ocrx_word' id='word_1_157' title='bbox 116 1310 277 1365; x_wconf 83' lang='grc' dir='ltr'><em>μαχίαν</em></span> <span class='ocrx_word' id='word_1_158' title='bbox 305 1307 669 1380; x_wconf 76' lang='grc' dir='ltr'><em>ἀποκατέστησαν.</em></span> 
     </span>
    </p>

    <p class='ocr_par' dir='ltr' id='par_1_4' title="bbox 117 1360 1574 2270">
     <span class='ocr_line' id='line_1_21' title="bbox 236 1360 1491 1418; baseline -0.005 -9"><span class='ocrx_word' id='word_1_159' title='bbox 236 1369 327 1408; x_wconf 87' lang='grc' dir='ltr'><em>Τοῦ</em></span> <span class='ocrx_word' id='word_1_160' title='bbox 356 1364 398 1409; x_wconf 89' lang='grc' dir='ltr'><em>δ’</em></span> <span class='ocrx_word' id='word_1_161' title='bbox 431 1365 555 1414; x_wconf 88' lang='grc' dir='ltr'><em>ε’τους</em></span> <span class='ocrx_word' id='word_1_162' title='bbox 581 1362 744 1407; x_wconf 84' lang='grc' dir='ltr'><em>τούτου</em></span> <span class='ocrx_word' id='word_1_163' title='bbox 773 1361 1024 1414; x_wconf 78' lang='grc' dir='ltr'><em>διελθόντος</em></span> <span class='ocrx_word' id='word_1_164' title='bbox 1049 1360 1255 1418; x_wconf 79' lang='grc' dir='ltr'><em>Ἀθήνησι</em></span> <span class='ocrx_word' id='word_1_165' title='bbox 1283 1377 1363 1417; x_wconf 92' lang='grc' dir='ltr'><em>μεν</em></span> <span class='ocrx_word' id='word_1_166' title='bbox 1390 1376 1491 1416; x_wconf 84' lang='grc' dir='ltr'><em>ηρχε</em></span> 
     </span>
     <span class='ocr_line' id='line_1_22' title="bbox 119 1418 1490 1492; baseline -0.005 -26"><span class='ocrx_word' id='word_1_167' title='bbox 119 1421 375 1492; x_wconf 86' lang='grc' dir='ltr'><em>Πολέμων,</em></span> <span class='ocrx_word' id='word_1_168' title='bbox 392 1421 441 1465; x_wconf 83' lang='grc' dir='ltr'><em>ἐν</em></span> <span class='ocrx_word' id='word_1_169' title='bbox 464 1420 605 1477; x_wconf 81' lang='grc' dir='ltr'><em>Ρώμῃ</em></span> <span class='ocrx_word' id='word_1_170' title='bbox 636 1419 679 1463; x_wconf 86' lang='grc' dir='ltr'><em>δ’</em></span> <span class='ocrx_word' id='word_1_171' title='bbox 709 1418 904 1474; x_wconf 84' lang='grc' dir='ltr'><em>ὑπῆρχον</em></span> <span class='ocrx_word' id='word_1_172' title='bbox 942 1418 1102 1462; x_wconf 78' lang='grc' dir='ltr'><em>ὕπατοι</em></span> <span class='ocrx_word' id='word_1_173' title='bbox 1131 1419 1321 1468; x_wconf 80' lang='grc' dir='ltr'><em>Λεύκιος</em></span> <span class='ocrx_word' id='word_1_174' title='bbox 1353 1419 1490 1460; x_wconf 91' lang='grc' dir='ltr'><em>Παπί-</em></span> 
     </span>
     <span class='ocr_line' id='line_1_23' title="bbox 121 1473 1492 1548; baseline -0.004 -26"><span class='ocrx_word' id='word_1_175' title='bbox 121 1495 215 1532; x_wconf 89' lang='grc' dir='ltr'><em>ριος</em></span> <span class='ocrx_word' id='word_1_176' title='bbox 247 1477 295 1522; x_wconf 86' lang='grc' dir='ltr'><em>τὸ</em></span> <span class='ocrx_word' id='word_1_177' title='bbox 325 1478 519 1548; x_wconf 88' lang='grc' dir='ltr'><em>πέμπτον</em></span> <span class='ocrx_word' id='word_1_178' title='bbox 547 1478 619 1521; x_wconf 81' lang='grc' dir='ltr'><em>καὶ</em></span> <span class='ocrx_word' id='word_1_179' title='bbox 651 1476 784 1526; x_wconf 76' lang='grc' dir='ltr'><em>Γάιος</em></span> <span class='ocrx_word' id='word_1_180' title='bbox 808 1475 1003 1526; x_wconf 86' lang='grc' dir='ltr'><em>Ἰούνιος,</em></span> <span class='ocrx_word' id='word_1_181' title='bbox 1033 1474 1145 1544; x_wconf 78' lang='grc' dir='ltr'><em>ἤχθη</em></span> <span class='ocrx_word' id='word_1_182' title='bbox 1176 1475 1222 1518; x_wconf 80' lang='grc' dir='ltr'><em>δὲ</em></span> <span class='ocrx_word' id='word_1_183' title='bbox 1252 1475 1322 1518; x_wconf 83' lang='grc' dir='ltr'><em>καὶ</em></span> <span class='ocrx_word' id='word_1_184' title='bbox 1341 1473 1492 1529; x_wconf 86' lang='grc' dir='ltr'><em>Ὀλυμ-</em></span> 
     </span>
     <span class='ocr_line' id='line_1_24' title="bbox 118 1530 1492 1587; baseline -0.004 -9"><span class='ocrx_word' id='word_1_185' title='bbox 118 1536 220 1586; x_wconf 85' lang='grc' dir='ltr'><em>πιάς</em></span> <span class='ocrx_word' id='word_1_186' title='bbox 249 1533 358 1578; x_wconf 82' lang='grc' dir='ltr'><em>κατὰ</em></span> <span class='ocrx_word' id='word_1_187' title='bbox 396 1539 556 1578; x_wconf 90' lang='grc' dir='ltr'><em>τοῦτον</em></span> <span class='ocrx_word' id='word_1_188' title='bbox 592 1534 670 1576; x_wconf 92' lang='grc' dir='ltr'><em>τὸν</em></span> <span class='ocrx_word' id='word_1_189' title='bbox 701 1532 903 1577; x_wconf 81' lang='grc' dir='ltr'><em>ἐνιαυτὸν</em></span> <span class='ocrx_word' id='word_1_190' title='bbox 943 1531 1103 1587; x_wconf 77' lang='grc' dir='ltr'><em>ἑβδόμη</em></span> <span class='ocrx_word' id='word_1_191' title='bbox 1133 1530 1241 1585; x_wconf 84' lang='grc' dir='ltr'><em>πρὸς</em></span> <span class='ocrx_word' id='word_1_192' title='bbox 1270 1536 1362 1581; x_wconf 86' lang='grc' dir='ltr'><em>ταῖς</em></span> <span class='ocrx_word' id='word_1_193' title='bbox 1392 1530 1492 1573; x_wconf 87' lang='grc' dir='ltr'><em>έκα-</em></span> 
     </span>
     <span class='ocr_line' id='line_1_25' title="bbox 118 1588 1574 1657; baseline -0.003 -23"><span class='ocrx_word' id='word_1_194' title='bbox 118 1591 198 1635; x_wconf 86' lang='grc' dir='ltr'><em>τόν</em></span> <span class='ocrx_word' id='word_1_195' title='bbox 226 1591 299 1634; x_wconf 82' lang='grc' dir='ltr'><em>καὶ</em></span> <span class='ocrx_word' id='word_1_196' title='bbox 328 1590 453 1643; x_wconf 82' lang='grc' dir='ltr'><em>δέκα,</em></span> <span class='ocrx_word' id='word_1_197' title='bbox 484 1588 596 1634; x_wconf 76' lang='grc' dir='ltr'><em>καθ’</em></span> <span class='ocrx_word' id='word_1_198' title='bbox 626 1589 682 1644; x_wconf 80' lang='grc' dir='ltr'><em>ἣν</em></span> <span class='ocrx_word' id='word_1_199' title='bbox 712 1590 831 1632; x_wconf 80' lang='grc' dir='ltr'><em>ἐνίκα</em></span> <span class='ocrx_word' id='word_1_200' title='bbox 860 1588 1041 1631; x_wconf 84' lang='grc' dir='ltr'><em>σταδιον</em></span> <span class='ocrx_word' id='word_1_201' title='bbox 1072 1589 1334 1657; x_wconf 87' lang='grc' dir='ltr'><em>Παρμενίων</em></span> <span class='ocrx_word' id='word_1_202' title='bbox 1355 1590 1493 1630; x_wconf 88' lang='grc' dir='ltr'><em>Μυτι-</em></span> <span class='ocrx_word' id='word_1_203' title='bbox 1523 1594 1574 1635; x_wconf 87' lang='grc'><em>85</em></span> 
     </span>
     <span class='ocr_line' id='line_1_26' title="bbox 117 1642 1494 1713; baseline -0.004 -21"><span class='ocrx_word' id='word_1_204' title='bbox 117 1653 307 1704; x_wconf 85' lang='grc' dir='ltr'><em>ληναῑος.</em></span> <span class='ocrx_word' id='word_1_205' title='bbox 354 1647 422 1691; x_wconf 81' lang='grc' dir='ltr'><em>ἐπὶ</em></span> <span class='ocrx_word' id='word_1_206' title='bbox 449 1648 495 1690; x_wconf 80' lang='grc' dir='ltr'><em>δὲ</em></span> <span class='ocrx_word' id='word_1_207' title='bbox 519 1646 689 1691; x_wconf 87' lang='grc' dir='ltr'><em>τούτων</em></span> <span class='ocrx_word' id='word_1_208' title='bbox 716 1662 805 1689; x_wconf 89' lang='grc' dir='ltr'><em>των</em></span> <span class='ocrx_word' id='word_1_209' title='bbox 832 1645 1003 1700; x_wconf 83' lang='grc' dir='ltr'><em>χρόνων</em></span> <span class='ocrx_word' id='word_1_210' title='bbox 1034 1644 1279 1713; x_wconf 79' lang='grc' dir='ltr'><em>Ἀντίγονος</em></span> <span class='ocrx_word' id='word_1_211' title='bbox 1308 1642 1494 1686; x_wconf 87' lang='grc' dir='ltr'><em>απέστει-</em></span> 
     </span>
     <span class='ocr_line' id='line_1_27' title="bbox 119 1700 1494 1768; baseline -0.004 -20"><span class='ocrx_word' id='word_1_212' title='bbox 119 1710 193 1748; x_wconf 87' lang='grc' dir='ltr'><em>λεν</em></span> <span class='ocrx_word' id='word_1_213' title='bbox 211 1705 269 1755; x_wconf 86' lang='grc' dir='ltr'><em>εἰς</em></span> <span class='ocrx_word' id='word_1_214' title='bbox 297 1703 376 1758; x_wconf 77' lang='grc' dir='ltr'><em>τήν</em></span> <span class='ocrx_word' id='word_1_215' title='bbox 400 1702 582 1747; x_wconf 81' lang='grc' dir='ltr'><em>Ἑλλάδα</em></span> <span class='ocrx_word' id='word_1_216' title='bbox 602 1702 843 1758; x_wconf 73' lang='grc' dir='ltr'><em>στρατηγόν</em></span> <span class='ocrx_word' id='word_1_217' title='bbox 866 1706 1139 1756; x_wconf 86' lang='grc' dir='ltr'><em>Πτολεμαῖον</em></span> <span class='ocrx_word' id='word_1_218' title='bbox 1159 1700 1262 1751; x_wconf 77' lang='grc' dir='ltr'><em>τοὺς</em></span> <span class='ocrx_word' id='word_1_219' title='bbox 1278 1701 1494 1768; x_wconf 69' lang='grc' dir='ltr'><em>’Έλληνας</em></span> 
     </span>
     <span class='ocr_line' id='line_1_28' title="bbox 118 1757 1493 1829; baseline -0.004 -25"><span class='ocrx_word' id='word_1_220' title='bbox 118 1760 491 1814; x_wconf 75' lang='grc' dir='ltr'><em>ἐλευθερώσοντα·</em></span> <span class='ocrx_word' id='word_1_221' title='bbox 534 1760 778 1829; x_wconf 82' lang='grc' dir='ltr'><em>συνέπεμψε</em></span> <span class='ocrx_word' id='word_1_222' title='bbox 817 1757 862 1802; x_wconf 84' lang='grc' dir='ltr'><em>δ’</em></span> <span class='ocrx_word' id='word_1_223' title='bbox 901 1757 1019 1815; x_wconf 81' lang='grc' dir='ltr'><em>αὐτῷ</em></span> <span class='ocrx_word' id='word_1_224' title='bbox 1057 1761 1166 1808; x_wconf 85' lang='grc' dir='ltr'><em>ναῦς</em></span> <span class='ocrx_word' id='word_1_225' title='bbox 1205 1758 1283 1813; x_wconf 78' lang='grc' dir='ltr'><em>μὲν</em></span> <span class='ocrx_word' id='word_1_226' title='bbox 1324 1773 1493 1811; x_wconf 83' lang='grc' dir='ltr'><em>μακρας</em></span> 
     </span>
     <span class='ocr_line' id='line_1_29' title="bbox 119 1803 1490 1887; baseline -0.005 -25"><span class='ocrx_word' id='word_1_227' title='bbox 119 1818 275 1862; x_wconf 77' lang='grc' dir='ltr'><em>ἑκατὸν</em></span> <span class='ocrx_word' id='word_1_228' title='bbox 312 1818 387 1861; x_wconf 81' lang='grc' dir='ltr'><em>καὶ</em></span> <span class='ocrx_word' id='word_1_229' title='bbox 424 1816 715 1887; x_wconf 85' lang='grc' dir='ltr'><em>πεντήκοντα,</em></span> <span class='ocrx_word' id='word_1_230' title='bbox 755 1814 934 1871; x_wconf 85' lang='grc' dir='ltr'><em>Μήδιον</em></span> <span class='ocrx_word' id='word_1_231' title='bbox 975 1803 1204 1870; x_wconf 80' lang='grc' dir='ltr'><em>ἐπιστήσας</em></span> <span class='ocrx_word' id='word_1_232' title='bbox 1253 1814 1490 1868; x_wconf 85' lang='grc' dir='ltr'><em>ναύαρχον,</em></span> 
     </span>
     <span class='ocr_line' id='line_1_30' title="bbox 120 1870 1574 1941; baseline -0.004 -24"><span class='ocrx_word' id='word_1_233' title='bbox 120 1872 383 1929; x_wconf 74' lang='grc' dir='ltr'><em>στρατιώτας</em></span> <span class='ocrx_word' id='word_1_234' title='bbox 421 1873 468 1917; x_wconf 82' lang='grc' dir='ltr'><em>δὲ</em></span> <span class='ocrx_word' id='word_1_235' title='bbox 512 1873 667 1926; x_wconf 79' lang='grc' dir='ltr'><em>πεζοὺς</em></span> <span class='ocrx_word' id='word_1_236' title='bbox 705 1889 784 1928; x_wconf 85' lang='grc' dir='ltr'><em>μεν</em></span> <span class='ocrx_word' id='word_1_237' title='bbox 825 1874 1207 1941; x_wconf 80' lang='grc' dir='ltr'><em>πεντακιςχιλίους,</em></span> <span class='ocrx_word' id='word_1_238' title='bbox 1258 1872 1400 1920; x_wconf 84' lang='grc' dir='ltr'><em>ἱππεῖς</em></span> <span class='ocrx_word' id='word_1_239' title='bbox 1443 1870 1489 1913; x_wconf 78' lang='grc' dir='ltr'><em>δὲ</em></span> <span class='ocrx_word' id='word_1_240' title='bbox 1520 1872 1574 1911; x_wconf 81' lang='lat'><em>90</em></span> 
     </span>
     <span class='ocr_line' id='line_1_31' title="bbox 119 1926 1491 1985; baseline -0.003 -12"><span class='ocrx_word' id='word_1_241' title='bbox 119 1932 446 1981; x_wconf 84' lang='grc' dir='ltr'><em>πεντακοσίους</em></span> <span class='ocrx_word' id='word_1_242' title='bbox 501 1930 733 1985; x_wconf 82' lang='grc' dir='ltr'><em>ἐποιήσατο</em></span> <span class='ocrx_word' id='word_1_243' title='bbox 776 1929 821 1972; x_wconf 81' lang='grc' dir='ltr'><em>δὲ</em></span> <span class='ocrx_word' id='word_1_244' title='bbox 860 1929 934 1972; x_wconf 77' lang='grc' dir='ltr'><em>καὶ</em></span> <span class='ocrx_word' id='word_1_245' title='bbox 962 1929 1070 1982; x_wconf 84' lang='grc' dir='ltr'><em>πρὸς</em></span> <span class='ocrx_word' id='word_1_246' title='bbox 1096 1926 1292 1978; x_wconf 86' lang='grc' dir='ltr'><em>Ῥοδίους</em></span> <span class='ocrx_word' id='word_1_247' title='bbox 1322 1940 1491 1982; x_wconf 82' lang='grc' dir='ltr'><em>συμμα-</em></span> 
     </span>
     <span class='ocr_line' id='line_1_32' title="bbox 118 1983 1489 2055; baseline -0.004 -25"><span class='ocrx_word' id='word_1_248' title='bbox 118 1989 238 2042; x_wconf 86' lang='grc' dir='ltr'><em>χίαν,</em></span> <span class='ocrx_word' id='word_1_249' title='bbox 286 1987 359 2030; x_wconf 83' lang='grc' dir='ltr'><em>καὶ</em></span> <span class='ocrx_word' id='word_1_250' title='bbox 398 1987 686 2041; x_wconf 85' lang='grc' dir='ltr'><em>προςελάβετο</em></span> <span class='ocrx_word' id='word_1_251' title='bbox 726 1983 831 2055; x_wconf 76' lang='grc' dir='ltr'><em>παρ’</em></span> <span class='ocrx_word' id='word_1_252' title='bbox 873 1984 1019 2028; x_wconf 81' lang='grc' dir='ltr'><em>αὐτῶν</em></span> <span class='ocrx_word' id='word_1_253' title='bbox 1055 1988 1163 2034; x_wconf 85' lang='grc' dir='ltr'><em>ναῦς</em></span> <span class='ocrx_word' id='word_1_254' title='bbox 1191 1984 1489 2054; x_wconf 79' lang='grc' dir='ltr'><em>ἐξηρτυμένας</em></span> 
     </span>
     <span class='ocr_line' id='line_1_33' title="bbox 118 2039 1488 2097; baseline -0.004 -10"><span class='ocrx_word' id='word_1_255' title='bbox 118 2043 229 2096; x_wconf 82' lang='grc' dir='ltr'><em>πρὸς</em></span> <span class='ocrx_word' id='word_1_256' title='bbox 257 2044 334 2087; x_wconf 88' lang='grc' dir='ltr'><em>τὸν</em></span> <span class='ocrx_word' id='word_1_257' title='bbox 362 2043 551 2097; x_wconf 89' lang='grc' dir='ltr'><em>πόλεμον</em></span> <span class='ocrx_word' id='word_1_258' title='bbox 584 2045 687 2087; x_wconf 85' lang='grc' dir='ltr'><em>δέκα</em></span> <span class='ocrx_word' id='word_1_259' title='bbox 723 2041 832 2096; x_wconf 79' lang='grc' dir='ltr'><em>πρὸς</em></span> <span class='ocrx_word' id='word_1_260' title='bbox 861 2041 940 2097; x_wconf 80' lang='grc' dir='ltr'><em>τὴν</em></span> <span class='ocrx_word' id='word_1_261' title='bbox 968 2058 1056 2084; x_wconf 88' lang='grc' dir='ltr'><em>των</em></span> <span class='ocrx_word' id='word_1_262' title='bbox 1079 2039 1294 2097; x_wconf 85' lang='grc' dir='ltr'><em>Ελλήνων</em></span> <span class='ocrx_word' id='word_1_263' title='bbox 1323 2040 1488 2083; x_wconf 82' lang='grc' dir='ltr'><em>ἐλευθέ-</em></span> 
     </span>
     <span class='ocr_line' id='line_1_34' title="bbox 118 2097 1488 2155; baseline -0.002 -13"><span class='ocrx_word' id='word_1_264' title='bbox 118 2112 266 2154; x_wconf 88' lang='grc' dir='ltr'><em>ρωσιν.</em></span> <span class='ocrx_word' id='word_1_265' title='bbox 324 2097 347 2143; x_wconf 88' lang='grc' dir='ltr'>ὁ</span> <span class='ocrx_word' id='word_1_266' title='bbox 377 2100 422 2144; x_wconf 80' lang='grc' dir='ltr'><em>δὲ</em></span> <span class='ocrx_word' id='word_1_267' title='bbox 452 2104 718 2155; x_wconf 87' lang='grc' dir='ltr'><em>Πτολεμαῖος</em></span> <span class='ocrx_word' id='word_1_268' title='bbox 746 2098 851 2154; x_wconf 84' lang='grc' dir='ltr'><em>μετὰ</em></span> <span class='ocrx_word' id='word_1_269' title='bbox 877 2097 1038 2149; x_wconf 88' lang='grc' dir='ltr'><em>παντὸς</em></span> <span class='ocrx_word' id='word_1_270' title='bbox 1065 2102 1145 2141; x_wconf 87' lang='grc' dir='ltr'><em>τοῦ</em></span> <span class='ocrx_word' id='word_1_271' title='bbox 1176 2098 1333 2141; x_wconf 89' lang='grc' dir='ltr'><em>στόλου</em></span> <span class='ocrx_word' id='word_1_272' title='bbox 1362 2113 1488 2140; x_wconf 83' lang='grc' dir='ltr'><em>κατα-</em></span> 
     </span>
     <span class='ocr_line' id='line_1_35' title="bbox 119 2153 1570 2213; baseline -0.001 -13"><span class='ocrx_word' id='word_1_273' title='bbox 119 2156 306 2207; x_wconf 85' lang='grc' dir='ltr'><em>πλεύσας</em></span> <span class='ocrx_word' id='word_1_274' title='bbox 333 2160 410 2213; x_wconf 86' lang='grc' dir='ltr'><em>τῆς</em></span> <span class='ocrx_word' id='word_1_275' title='bbox 426 2159 638 2208; x_wconf 86' lang='grc' dir='ltr'><em>Βοιωτίας</em></span> <span class='ocrx_word' id='word_1_276' title='bbox 668 2157 727 2206; x_wconf 88' lang='grc' dir='ltr'><em>εἰς</em></span> <span class='ocrx_word' id='word_1_277' title='bbox 755 2157 834 2199; x_wconf 87' lang='grc' dir='ltr'><em>τὸν</em></span> <span class='ocrx_word' id='word_1_278' title='bbox 858 2154 1006 2211; x_wconf 77' lang='grc' dir='ltr'><em>βαθύν</em></span> <span class='ocrx_word' id='word_1_279' title='bbox 1034 2156 1306 2208; x_wconf 78' lang='grc' dir='ltr'><em>καλούμενον</em></span> <span class='ocrx_word' id='word_1_280' title='bbox 1334 2153 1487 2208; x_wconf 86' lang='grc' dir='ltr'><em>λιμένα</em></span> <span class='ocrx_word' id='word_1_281' title='bbox 1517 2158 1570 2198; x_wconf 84' lang='grc'><em>95</em></span> 
     </span>
     <span class='ocr_line' id='line_1_36' title="bbox 120 2210 1491 2270; baseline -0.003 -13"><span class='ocrx_word' id='word_1_282' title='bbox 120 2212 238 2269; x_wconf 77' lang='grc' dir='ltr'><em>παρὰ</em></span> <span class='ocrx_word' id='word_1_283' title='bbox 274 2229 354 2270; x_wconf 88' lang='grc' dir='ltr'><em>μεν</em></span> <span class='ocrx_word' id='word_1_284' title='bbox 381 2217 462 2258; x_wconf 89' lang='grc' dir='ltr'><em>τοῦ</em></span> <span class='ocrx_word' id='word_1_285' title='bbox 490 2217 645 2258; x_wconf 81' lang='grc' dir='ltr'><em>κοινοῦ</em></span> <span class='ocrx_word' id='word_1_286' title='bbox 674 2216 763 2256; x_wconf 78' lang='grc' dir='ltr'><em>τῶν</em></span> <span class='ocrx_word' id='word_1_287' title='bbox 792 2215 1002 2256; x_wconf 78' lang='grc' dir='ltr'><em>Βοιωτῶν</em></span> <span class='ocrx_word' id='word_1_288' title='bbox 1029 2210 1318 2268; x_wconf 84' lang='grc' dir='ltr'><em>προςελάβετο</em></span> <span class='ocrx_word' id='word_1_289' title='bbox 1357 2223 1491 2265; x_wconf 88' lang='grc' dir='ltr'><em>στρα-</em></span> 
     </span>
    </p>
   </div>
   <div class='ocr_carea' id='block_1_3' title="bbox 1520 1341 1576 1443">
    <p class='ocr_par' dir='ltr' id='par_1_5' title="bbox 1520 1341 1576 1443">
     <span class='ocr_line' id='line_1_37' title="bbox 1520 1341 1576 1382; baseline -0.018 0"><span class='ocrx_word' id='word_1_290' title='bbox 1520 1341 1576 1382; x_wconf 75' lang='grc'><em>77</em></span> 
     </span>
     <span class='ocr_line' id='line_1_38' title="bbox 1520 1403 1576 1443; baseline 0.018 -1"><span class='ocrx_word' id='word_1_291' title='bbox 1520 1403 1576 1443; x_wconf 81' lang='grc'><em>80</em></span> 
     </span>
    </p>
   </div>
   <div class='ocr_carea' id='block_1_4' title="bbox 120 2401 1490 2818">
    <p class='ocr_par' dir='ltr' id='par_1_6' title="bbox 120 2401 1490 2725">
     <span class='ocr_line' id='line_1_39' title="bbox 120 2401 1489 2450; baseline -0.002 -10"><span class='ocrx_word' id='word_1_292' title='bbox 120 2405 179 2439; x_wconf 80' lang='lat'><em>61.</em></span> <span class='ocrx_word' id='word_1_293' title='bbox 224 2403 449 2448; x_wconf 75' lang='grc' dir='ltr'><em>ἀμφοτέροις</em></span> <span class='ocrx_word' id='word_1_294' title='bbox 469 2406 590 2450; x_wconf 61' lang='lat' dir='ltr'><em>va,</em></span> <span class='ocrx_word' id='word_1_295' title='bbox 614 2406 740 2440; x_wconf 75' lang='lat' dir='ltr'>caeteri</span> <span class='ocrx_word' id='word_1_296' title='bbox 767 2403 987 2448; x_wconf 70' lang='grc' dir='ltr'><em>ἀμφοτέρων</em></span> <span class='ocrx_word' id='word_1_297' title='bbox 1143 2403 1202 2438; x_wconf 81' lang='grc'><em>63.</em></span> <span class='ocrx_word' id='word_1_298' title='bbox 1249 2401 1380 2448; x_wconf 84' lang='grc' dir='ltr'><em>τόπον]</em></span> <span class='ocrx_word' id='word_1_299' title='bbox 1404 2402 1489 2447; x_wconf 81' lang='grc' dir='ltr'><em>χρό-</em></span> 
     </span>
     <span class='ocr_line' id='line_1_40' title="bbox 121 2449 1489 2494; baseline -0.001 -10"><span class='ocrx_word' id='word_1_300' title='bbox 121 2463 189 2485; x_wconf 78' lang='grc' dir='ltr'><em>νον</em></span> <span class='ocrx_word' id='word_1_301' title='bbox 212 2451 309 2494; x_wconf 63' lang='grc' dir='ltr'><em>ΦΧΥ</em></span> <span class='ocrx_word' id='word_1_302' title='bbox 333 2452 412 2488; x_wconf 74' lang='lat' dir='ltr'>Bas.</span> <span class='ocrx_word' id='word_1_303' title='bbox 644 2453 937 2494; x_wconf 60' lang='grc' dir='ltr'><em>(58.1ν1αίνιον]</em></span> <span class='ocrx_word' id='word_1_304' title='bbox 969 2449 1049 2483; x_wconf 76' lang='lat' dir='ltr'>libri</span> <span class='ocrx_word' id='word_1_305' title='bbox 1073 2449 1226 2485; x_wconf 84' lang='grc' dir='ltr'><em>Μάνιον</em></span> <span class='ocrx_word' id='word_1_306' title='bbox 1431 2450 1489 2482; x_wconf 77' lang='grc'><em>70.</em></span> 
     </span>
     <span class='ocr_line' id='line_1_41' title="bbox 122 2494 1490 2540; baseline -0.001 -9"><span class='ocrx_word' id='word_1_307' title='bbox 122 2497 304 2540; x_wconf 72' lang='grc' dir='ltr'><em>ἵππαρχον</em></span> <span class='ocrx_word' id='word_1_308' title='bbox 327 2507 396 2533; x_wconf 86' lang='lat' dir='ltr'><em>om.</em></span> <span class='ocrx_word' id='word_1_309' title='bbox 418 2498 577 2539; x_wconf 80' lang='lat' dir='ltr'>FTVW,</span> <span class='ocrx_word' id='word_1_310' title='bbox 616 2498 738 2533; x_wconf 75' lang='lat' dir='ltr'>aeteri</span> <span class='ocrx_word' id='word_1_311' title='bbox 729 2510 780 2532; x_wconf 86' lang='lat' dir='ltr'><em>co</em></span> <span class='ocrx_word' id='word_1_312' title='bbox 802 2498 936 2531; x_wconf 80' lang='lat' dir='ltr'>notavit</span> <span class='ocrx_word' id='word_1_313' title='bbox 958 2496 1152 2539; x_wconf 79' lang='lat' dir='ltr'>Stephanus</span> <span class='ocrx_word' id='word_1_314' title='bbox 1345 2494 1411 2540; x_wconf 79' lang='grc' dir='ltr'><em>δὲ]</em></span> <span class='ocrx_word' id='word_1_315' title='bbox 1449 2494 1490 2530; x_wconf 79' lang='grc' dir='ltr'><em>δὲ</em></span> 
     </span>
     <span class='ocr_line' id='line_1_42' title="bbox 122 2542 1486 2602; baseline -0.001 -26"><span class='ocrx_word' id='word_1_316' title='bbox 122 2557 169 2576; x_wconf 86' lang='grc' dir='ltr'><em>τοι</em></span> <span class='ocrx_word' id='word_1_317' title='bbox 203 2543 235 2576; x_wconf 88' lang='grc' dir='ltr'>Τ</span> <span class='ocrx_word' id='word_1_318' title='bbox 260 2543 342 2577; x_wconf 78' lang='lat' dir='ltr'>Bas.</span> <span class='ocrx_word' id='word_1_319' title='bbox 536 2544 593 2578; x_wconf 80' lang='grc'><em>73.</em></span> <span class='ocrx_word' id='word_1_320' title='bbox 641 2545 878 2602; x_wconf 83' lang='grc' dir='ltr'><em>νομίσαντες]</em></span> <span class='ocrx_word' id='word_1_321' title='bbox 921 2544 1128 2586; x_wconf 83' lang='grc' dir='ltr'><em>νομιζοντες</em></span> <span class='ocrx_word' id='word_1_322' title='bbox 1152 2542 1228 2576; x_wconf 83' lang='lat' dir='ltr'><em>FW</em></span> <span class='ocrx_word' id='word_1_323' title='bbox 1427 2542 1486 2576; x_wconf 68' lang='grc'><em>7-1.</em></span> 
     </span>
     <span class='ocr_line' id='line_1_43' title="bbox 122 2585 1486 2644; baseline -0.006 -16"><span class='ocrx_word' id='word_1_324' title='bbox 122 2585 189 2623; x_wconf 63' lang='grc' dir='ltr'><em>ἐπ</em></span> <span class='ocrx_word' id='word_1_325' title='bbox 202 2589 214 2631; x_wconf 92' lang='grc'><strong>]</strong></span> <span class='ocrx_word' id='word_1_326' title='bbox 245 2587 365 2644; x_wconf 68' lang='grc' dir='ltr'><strong><em>πρὸς</em></strong></span> <span class='ocrx_word' id='word_1_327' title='bbox 370 2588 430 2621; x_wconf 80' lang='lat' dir='ltr'><em>FV</em></span> <span class='ocrx_word' id='word_1_328' title='bbox 575 2591 578 2594; x_wconf 71' lang='grc'><strong>’</strong></span> <span class='ocrx_word' id='word_1_329' title='bbox 616 2591 673 2625; x_wconf 89' lang='grc'><em>77.</em></span> <span class='ocrx_word' id='word_1_330' title='bbox 723 2589 889 2633; x_wconf 76' lang='grc' dir='ltr'><em>ἀνεῖλον]</em></span> <span class='ocrx_word' id='word_1_331' title='bbox 928 2587 1074 2623; x_wconf 73' lang='grc' dir='ltr'><em>ἀνεῖλαν</em></span> <span class='ocrx_word' id='word_1_332' title='bbox 1098 2588 1131 2620; x_wconf 85' lang='grc' dir='ltr'>Ἰ</span> <span class='ocrx_word' id='word_1_333' title='bbox 1155 2590 1237 2623; x_wconf 73' lang='lat' dir='ltr'><strong>Bas.</strong></span> <span class='ocrx_word' id='word_1_334' title='bbox 1428 2588 1486 2621; x_wconf 88' lang='grc'><em>81.</em></span> 
     </span>
     <span class='ocr_line' id='line_1_44' title="bbox 123 2630 1486 2684; baseline -0.001 -16"><span class='ocrx_word' id='word_1_335' title='bbox 123 2632 310 2678; x_wconf 76' lang='grc' dir='ltr'><em>ὑπῆρχον]</em></span> <span class='ocrx_word' id='word_1_336' title='bbox 341 2630 469 2679; x_wconf 76' lang='grc' dir='ltr'><em>ἦρχον,</em></span> <span class='ocrx_word' id='word_1_337' title='bbox 500 2635 650 2670; x_wconf 77' lang='lat' dir='ltr'><strong>alterum</strong></span> <span class='ocrx_word' id='word_1_338' title='bbox 670 2651 727 2684; x_wconf 68' lang='grc' dir='ltr'><em>γρ.</em></span> <span class='ocrx_word' id='word_1_339' title='bbox 752 2638 788 2672; x_wconf 87' lang='lat' dir='ltr'><em>in</em></span> <span class='ocrx_word' id='word_1_340' title='bbox 812 2647 922 2679; x_wconf 78' lang='lat' dir='ltr'><strong>marg.</strong></span> <span class='ocrx_word' id='word_1_341' title='bbox 947 2646 1085 2678; x_wconf 75' lang='lat' dir='ltr'>ponens,</span> <span class='ocrx_word' id='word_1_342' title='bbox 1110 2633 1139 2666; x_wconf 87' lang='lat' dir='ltr'><strong>F</strong></span> <span class='ocrx_word' id='word_1_343' title='bbox 1300 2633 1356 2668; x_wconf 76' lang='lat'><em>82.</em></span> <span class='ocrx_word' id='word_1_344' title='bbox 1406 2635 1486 2667; x_wconf 87' lang='grc' dir='ltr'><em>Πα-</em></span> 
     </span>
     <span class='ocr_line' id='line_1_45' title="bbox 123 2678 1487 2737; baseline -0.002 -22"><span class='ocrx_word' id='word_1_345' title='bbox 123 2681 269 2725; x_wconf 78' lang='grc' dir='ltr'><em>πίριος]</em></span> <span class='ocrx_word' id='word_1_346' title='bbox 295 2682 498 2737; x_wconf 85' lang='grc' dir='ltr'><em>Παπείριος</em></span> <span class='ocrx_word' id='word_1_347' title='bbox 521 2682 552 2714; x_wconf 88' lang='lat' dir='ltr'><strong>F</strong></span> <span class='ocrx_word' id='word_1_348' title='bbox 575 2682 657 2717; x_wconf 77' lang='lat' dir='ltr'><strong>Bas.</strong></span> <span class='ocrx_word' id='word_1_349' title='bbox 800 2680 842 2718; x_wconf 86' lang='grc' dir='ltr'><strong><em>τό</em></strong></span> <span class='ocrx_word' id='word_1_350' title='bbox 865 2681 1029 2725; x_wconf 81' lang='grc' dir='ltr'><em>πέμπτον</em></span> <span class='ocrx_word' id='word_1_351' title='bbox 1054 2681 1147 2721; x_wconf 81' lang='lat' dir='ltr'><em>F,W</em></span> <span class='ocrx_word' id='word_1_352' title='bbox 1172 2679 1297 2714; x_wconf 82' lang='lat' dir='ltr'><strong>caeteri</strong></span> <span class='ocrx_word' id='word_1_353' title='bbox 1320 2678 1487 2722; x_wconf 77' lang='grc' dir='ltr'><em>πέμπτον</em></span> 
     </span>
    </p>

    <p class='ocr_par' dir='ltr' id='par_1_7' title="bbox 125 2721 1489 2817">
     <span class='ocr_line' id='line_1_46' title="bbox 307 2721 1489 2771; baseline -0.003 -11"><span class='ocrx_word' id='word_1_354' title='bbox 307 2723 428 2770; x_wconf 71' lang='grc' dir='ltr'><em>ἤχθη]</em></span> <span class='ocrx_word' id='word_1_355' title='bbox 461 2721 509 2771; x_wconf 79' lang='grc' dir='ltr'><em>ἦν</em></span> <span class='ocrx_word' id='word_1_356' title='bbox 532 2727 593 2760; x_wconf 87' lang='lat' dir='ltr'><em>Fv</em></span> <span class='ocrx_word' id='word_1_357' title='bbox 782 2729 840 2763; x_wconf 79' lang='lat'><em>85.</em></span> <span class='ocrx_word' id='word_1_358' title='bbox 887 2726 1030 2762; x_wconf 81' lang='grc' dir='ltr'><em>τούτων</em></span> <span class='ocrx_word' id='word_1_359' title='bbox 1056 2726 1130 2759; x_wconf 78' lang='grc' dir='ltr'><em>ταῖν</em></span> <span class='ocrx_word' id='word_1_360' title='bbox 1152 2725 1323 2770; x_wconf 81' lang='grc' dir='ltr'><em>χρόνων]</em></span> <span class='ocrx_word' id='word_1_361' title='bbox 1355 2728 1489 2760; x_wconf 81' lang='grc' dir='ltr'><em>τοῦτον</em></span> 
     </span>
     <span class='ocr_line' id='line_1_47' title="bbox 125 2770 1488 2818; baseline -0.003 -10"><span class='ocrx_word' id='word_1_362' title='bbox 125 2770 189 2808; x_wconf 74' lang='grc' dir='ltr'><em>τὸν</em></span> <span class='ocrx_word' id='word_1_363' title='bbox 211 2770 346 2817; x_wconf 76' lang='grc' dir='ltr'><em>χρόνον</em></span> <span class='ocrx_word' id='word_1_364' title='bbox 368 2773 415 2807; x_wconf 88' lang='lat' dir='ltr'>W</span> <span class='ocrx_word' id='word_1_365' title='bbox 573 2772 630 2807; x_wconf 82' lang='grc'><em>87-</em></span> <span class='ocrx_word' id='word_1_366' title='bbox 676 2776 908 2818; x_wconf 84' lang='grc' dir='ltr'><em>Πτολεμαῖον</em></span> <span class='ocrx_word' id='word_1_367' title='bbox 931 2771 1150 2807; x_wconf 72' lang='lat' dir='ltr'>palmerius.-</span> <span class='ocrx_word' id='word_1_368' title='bbox 1177 2773 1259 2806; x_wconf 87' lang='lat' dir='ltr'>libri</span> <span class='ocrx_word' id='word_1_369' title='bbox 1284 2771 1488 2814; x_wconf 76' lang='grc' dir='ltr'><em>Πολέμωνα</em></span> 
     </span>
    </p>
   </div>
   <div class='ocr_carea' id='block_1_5' title="bbox 306 2816 1447 2867">
    <p class='ocr_par' dir='ltr' id='par_1_8' title="bbox 306 2816 1447 2867">
     <span class='ocr_line' id='line_1_48' title="bbox 306 2816 1447 2867; baseline 0.001 -15"><span class='ocrx_word' id='word_1_370' title='bbox 306 2818 364 2854; x_wconf 83' lang='grc'><em>92.</em></span> <span class='ocrx_word' id='word_1_371' title='bbox 412 2816 676 2865; x_wconf 76' lang='grc' dir='ltr'><em>ἐξηρτυμένας]</em></span> <span class='ocrx_word' id='word_1_372' title='bbox 703 2820 946 2867; x_wconf 78' lang='grc' dir='ltr'><em>ἐξηρτημένας</em></span> <span class='ocrx_word' id='word_1_373' title='bbox 968 2819 1020 2860; x_wconf 88' lang='lat' dir='ltr'><em>F,</em></span> <span class='ocrx_word' id='word_1_374' title='bbox 1043 2817 1171 2853; x_wconf 75' lang='lat' dir='ltr'>caeteri</span> <span class='ocrx_word' id='word_1_375' title='bbox 1192 2816 1447 2863; x_wconf 76' lang='grc' dir='ltr'><em>ἐξηρτισμένας</em></span> 
     </span>
    </p>
   </div>
  </div>
 </body>
</html>
