1820 3249
491 156 607 198 [ΑΒ.
637 155 766 197 xvir.
825 154 953 196 CAP.
985 154 1050 198 10.
1081 157 1148 197 11.
1399 156 1512 198 1145

129 263 306 339 γμάτων
322 269 533 313 ποικίλων
550 271 752 336 χειμῶνα,
782 266 863 310 τόν
881 266 928 310 δὲ
949 270 1038 309 τῶν
1057 263 1331 321 ἀνδριάντων
1348 267 1510 336 ἱδρῶτα

129 325 490 397 υπερβάλλουσαν
527 323 851 374 κακοπαθειαν,
899 323 949 365 τὸ
992 322 1037 366 δ’
1075 323 1123 365 έν
1161 324 1329 365 πλείοσι
1359 322 1510 373 τόποις

131 382 403 450 φαινόμενον
432 379 546 438 αἷμα
569 380 731 436 φόνον
726 381 881 424 πολύν
909 379 1019 422 κατά
1036 397 1116 435 την
1133 378 1262 422 πόλιν
1283 379 1507 434 ἐσόμενον.
1539 381 1593 419 90

133 438 452 494 συνεβούλευον
492 439 574 482 οὐν
602 442 692 481 τῶν
720 442 839 480 θεῶν
869 453 1070 490 φανερως
1102 435 1406 493 σημαινόντων
1435 435 1516 505 τὴν

131 496 338 550 ἐσομένην
375 512 426 552 τῃ
467 494 591 538 πόλει
622 494 859 564 συμφοράν
888 492 946 550 μὴ
979 495 1343 548 συγκαταβαίνειν
1377 494 1435 542 εἰς
1465 491 1513 534 τό

133 551 204 596 δια
234 551 371 607 μάχης
399 554 566 604 κρίνειν
595 551 672 594 τὸν
702 550 919 606 πόλεμον,
962 550 1113 603 ἑτέραν
1145 551 1189 594 δὲ
1221 548 1422 592 διάλυσιν
1454 553 1517 603 ζη-

131 614 220 654 τεῖν
260 610 333 653 διά
372 608 515 664 λόγων
555 608 892 664 ἀσφαλεστέραν.
950 605 1003 650 οὐ
1046 607 1133 662 μήν
1171 608 1215 650 οἱ
1254 607 1439 660 Θηβαῖοί
1467 621 1516 660 γε

131 669 225 714 ταῖς
262 671 421 720 ψυχαῖς
453 665 804 717 έμαλακύνοντο,
855 662 1117 707 τούναντίον
1160 663 1206 707 δὲ
1233 668 1325 712 τοῖς
1355 667 1515 717 θυμοῖς
1545 660 1599 702 95

130 725 422 792 προαχθέντες
454 723 785 794 ἀνεμίμνησκον
825 719 1057 776 άλληλους
1074 720 1154 776 τὴν
1186 721 1231 762 ἐν
1274 720 1515 771 Λεύκτροις

131 776 366 846 εὐημερίαν
393 781 468 823 καὶ
496 797 586 823 των
604 779 757 823 άλλων
786 778 1068 832 παρατάξεων
1089 778 1134 821 έν
1158 775 1226 827 αἶς
1248 779 1516 830 θαυμαστῶς

131 851 226 886 ταις
264 838 395 887 ἰδίαις
433 835 750 894 ἀνδραγαθίαις
790 834 1074 885 ἀνελπίστους
1111 836 1236 884 νίκας
1264 831 1515 902 περιεποιή-

132 903 278 936 σαντο
319 895 383 938 οἰ
411 894 490 948 μὲν
518 896 600 937 οὐν
623 897 810 949 Θηβαῖοι
839 897 930 943 τοῖς
961 891 1295 961 παραστήμασιν
1319 887 1516 944 άνδρειό-
1549 889 1628 928 100

132 965 259 1004 τερον
287 954 452 1005 μᾶλλον
479 951 508 1007 ἢ
539 950 871 1022 φρονιμώτερον
901 947 1164 1018 χρησάμειοι
1189 946 1433 1002 προέπεσον
1455 948 1514 996 εἰς

131 1004 365 1061 πάνδημον
396 1012 472 1075 τῆς
501 1009 709 1062 πατρίδος
739 1006 939 1060 ὄλεθρον.
986 1003 1009 1049 ὁ
1042 1006 1087 1048 δὲ
1107 1004 1345 1060 βασιλεὺς’
1329 1021 1376 1047 εν
1399 1003 1512 1058 τρισὶ
1545 1001 1596 1039 ll

129 1068 223 1113 ταῖς
251 1063 411 1114 πάσαις
417 1063 618 1135 ἡμέραις
644 1062 980 1120 ἑτοιμασάμενος
1008 1079 1060 1104 τα
1089 1062 1198 1116 πρὸς
1226 1061 1305 1117 τὴν
1335 1065 1512 1133 πολιορ-

131 1121 233 1163 κίαν
269 1122 343 1163 καὶ
379 1119 456 1170 τὰς
491 1121 722 1177 δυνάμεις,
767 1123 945 1164 διείλετο
979 1120 1055 1174 τὴν
1085 1120 1294 1173 στρατιὰν
1325 1120 1385 1168 εἰς
1412 1120 1513 1171 τρία
1544 1112 1570 1154 5

133 1176 279 1232 μέρη,
290 1178 383 1221 καὶ
393 1177 442 1221 τὸ
474 1177 553 1233 μὲν
583 1183 674 1228 τοῖς
702 1176 986 1233 χαρακώμασι
1014 1180 1105 1225 τοῖς
1134 1174 1220 1229 πρὸ
1249 1179 1324 1231 τῆς
1353 1173 1520 1224 πόλεως

131 1234 550 1303 κατεσκευασμένοις
573 1234 858 1305 προςβάλλειν
888 1234 1018 1285 ε’ταξε,
1048 1233 1099 1275 τό
1129 1232 1175 1275 δε
1194 1237 1286 1282 τοῖς
1310 1233 1519 1299 Θηβαίοις

133 1287 474 1343 ἀντιτάττεσθαι,
505 1291 554 1337 τό
587 1292 632 1335 δὲ
660 1293 809 1343 τρίτον
838 1289 1090 1346 εφεδρεύειν
1123 1292 1183 1344 τῷ
1211 1292 1426 1332 πονοῦντι
1449 1287 1518 1341 μέ-

134 1362 201 1400 ρει
229 1350 304 1411 τῆς
330 1349 554 1417 δυνάμεως
582 1348 656 1392 καὶ
687 1348 977 1419 διαδέχεσθαι
992 1348 1070 1402 τὴν
1099 1346 1345 1416 μάχην.οἱ
1364 1345 1410 1388 δὲ
1437 1348 1521 1400 Θη-
1553 1341 1605 1380 10

136 1406 256 1458 βαῖοι
293 1421 400 1455 τους
439 1421 518 1460 μεν
559 1407 700 1455 ἱππεῖς
739 1405 861 1454 ἐντὸς
897 1408 977 1447 τοῦ
1005 1407 1331 1472 χαρακώματος
1351 1402 1520 1453 ε’ταξαν,

136 1476 240 1510 τους
271 1459 318 1504 6⁷
349 1461 726 1533 ἐλευθερωθέντας
766 1461 933 1511 οἰκέτας
973 1462 1047 1504 καὶ
1080 1460 1183 1510 τοὺς
1211 1458 1414 1530 φυγάδας
1445 1458 1522 1501 καὶ

137 1533 241 1567 τους
271 1520 499 1572 μετοίκους
526 1523 615 1569 τοῖς
636 1518 746 1572 πρὸς
764 1518 816 1561 τὰ
836 1520 950 1573 τείχη
970 1517 1245 1586 βιαζομένοις
1271 1515 1524 1566 άντεταξαν,

138 1572 277 1620 αὐτοὶ
303 1575 348 1617 δὲ
386 1580 477 1626 τοῖς
513 1591 618 1645 μετα
657 1579 738 1618 τοῦ
781 1574 990 1643 βασιλέως
1019 1572 1248 1617 Μακεδόσι
1277 1576 1523 1624 πολλαπλα-

137 1631 251 1680 σίοις
281 1633 383 1673 οὐσι
412 1632 649 1675 συνάπτειν
666 1632 806 1687 μάχην
829 1631 917 1684 πρό
937 1631 1013 1686 τὴς
1038 1630 1203 1680 πόλεως
1221 1628 1522 1697 ἡτοιμάζοντο.
1556 1625 1608 1667 15

114 1687 266 1730 ,τέκνα
297 1687 342 1730 δὲ
372 1689 445 1731 καὶ
473 1694 677 1743 γυναῖκες
706 1688 963 1743 συνέτρεχον
993 1689 1050 1738 εἰς
1080 1705 1133 1729 τα
1165 1685 1282 1740 ἱερά,
1314 1687 1388 1729 καὶ
1418 1702 1524 1736 τους

137 1743 273 1814 θεους
304 1746 499 1802 ἱκέτευον
529 1750 667 1788 σῶσαι
696 1744 777 1800 τὴν
809 1746 940 1788 πόλιν
974 1745 1022 1787 ἐκ
1051 1761 1140 1787 των
1170 1742 1403 1788 κινδύνων
1464 1740 1524 1792 ὠς

139 1799 188 1843 δ’
229 1796 415 1856 ἤγγισαν
452 1804 496 1845 οἱ
532 1802 787 1852 ιγακεδόνες
824 1803 897 1845 καὶ
925 1806 1018 1852 τοῖς
1042 1800 1316 1855 τεταγμένοις
1347 1799 1522 1856 μέρεσιν

139 1857 314 1901 ε’καστοι
335 1859 621 1913 προςέπεσον,
655 1861 699 1902 αἱ
728 1874 806 1914 μεν
836 1859 1063 1913 σάλπιγγες
1093 1857 1346 1927 έσημαινον
1361 1857 1410 1900 τὸ
1445 1871 1522 1898 πο-
1553 1855 1608 1895 20

137 1913 336 1984 λεμικόν,
381 1917 427 1958 αἱ
455 1916 500 1959 δὲ
531 1914 638 1968 παρ’
671 1915 935 1984 ἀμφοτέροις
966 1913 1172 1970 δυνάμεις
1192 1913 1266 1986 ’ὑφ
1323 1912 1400 1956 ε’να
1432 1929 1522 1956 και-

140 1970 223 2025 ρὸν
249 1971 547 2027 συνηλάλαξαν
576 1973 648 2016 καὶ
670 1972 723 2015 τὰ
748 1977 900 2028 κοῦφα
922 1989 1008 2015 των
1030 1975 1168 2027 βελῶν
1186 1971 1254 2014 ἐπὶ
1272 1988 1378 2021 τους
1399 1974 1524 2013 πολ-ε

139 2029 269 2097 μίους
314 2028 483 2084 εβαλον.
561 2029 668 2099 ταχὺ
709 2030 754 2073 δὲ
798 2030 966 2072 τούτων
1008 2027 1396 2080 ἐξαναλωθέντων,
1450 2026 1524 2070 καὶ

138 2083 318 2127 πάντων
357 2087 417 2136 εἰς
457 2084 536 2141 τὴν
572 2085 655 2129 ἀπὸ
697 2089 778 2130 τοῦ
819 2087 976 2140 ξίφους
1001 2085 1154 2154 μάχην
1194 2083 1524 2154 συμπεσόντων,

139 2141 268 2197 μέγας
301 2140 421 2198 άγών
459 2144 809 2186 συνίστατο.οἰ
827 2143 924 2214 μὲν
960 2159 1043 2197 γαρ
1074 2141 1332 2192 Μακεδόνες
1371 2140 1443 2184 διὰ
1475 2139 1522 2182 τό
1556 2141 1609 2184 25

138 2202 308 2267 πλῆθος
338 2203 428 2242 τῶν
469 2199 645 2254 ἀνδρῶν
681 2199 753 2242 καὶ
790 2198 839 2242 τὸ
874 2199 1009 2254 βάρος
1039 2203 1114 2253 τῆς
1145 2198 1370 2254 φάλαγγος
1401 2199 1524 2247 δυςυ-

139 2253 361 2298 πόστατον
390 2254 512 2326 εἶχον
536 2257 615 2312 τὴν
644 2258 759 2312 βίαν,
792 2258 835 2300 οἱ
867 2255 914 2299 δὲ
949 2258 1134 2311 Θηβαῖοι
1163 2261 1257 2306 ταῖς
1277 2260 1366 2298 τῶν
1387 2251 1528 2324 σωμά-

141 2327 231 2354 των
281 2311 448 2368 ῥώμαις
484 2312 768 2368 υπερέχοντες
803 2314 877 2356 καὶ
919 2318 1011 2363 τοῖς
1049 2312 1095 2355 ἐν
1135 2318 1228 2363 τοῖς
1266 2313 1529 2367 γυμνασίοις

145 2369 367 2424 συνεχέσιν
396 2369 665 2426 ἀθλήμασιν,
697 2371 758 2414 ἔτι
788 2370 834 2415 δὲ
864 2373 924 2427 τῷ
953 2370 1257 2426 παραστήματι
1283 2372 1359 2425 τῆς
1388 2371 1530 2424 ψυχης
1560 2372 1613 2410 30

144 2525 202 2560 154.
251 2525 310 2571 οὶ]
337 2525 357 2562 ὁ
382 2529 435 2564 ed.
460 2529 580 2573 Stcpln.
606 2533 738 2564 tanente
763 2530 806 2571 F,
834 2540 902 2565 om.
926 2528 1008 2563 Bas.
1185 2527 1244 2562 95.
1290 2528 1368 2566 τοῖς
1392 2526 1532 2568 θυμοῖς

146 2583 216 2605 ⁰¹¹1·
240 2571 269 2604 L
445 2575 478 2608 4.
526 2589 571 2610 τα
597 2574 711 2621 πρὸς]
736 2589 760 2610 π
763 2574 825 2638 ρόΓς
849 2576 908 2609 FL
1086 2574 1148 2610 καὶ
1171 2572 1262 2617 τοὶς]
1285 2586 1353 2612 τας
1377 2573 1455 2606 FL:
1482 2571 1532 2605 ita

146 2616 214 2661 τήν
238 2618 413 2658 στρατιὰν
436 2621 617 2676 ‹lelcndqm
801 2621 833 2655 5.
884 2620 1062 2664 διείλετο]
1098 2621 1258 2657 διείλατο
1286 2620 1315 2653 1⁴
1319 2620 1347 2653 L

149 2662 323 2706 στρατιάν
347 2666 390 2707 F,
413 2665 607 2709 στρατειάν
631 2669 710 2703 Bas.
704 2693 726 2709 ,,
753 2667 876 2701 caeteri
901 2667 1094 2709 στρατείαν
1259 2665 1338 2746 14.2
1365 2663 1435 2698 τοῦ
1460 2673 1531 2695 om·

149 2710 999 2769 1338·19.ἐσημαινον]ἐσημαίνοντο
1025 2714 1107 2747 Bas.
1291 2711 1338 2746 22
1341 2708 1529 2767 ,ἔβαλονῙ

150 2754 303 2800 ἔβαλλον
328 2757 362 2789 Τ
386 2758 468 2792 Bas.
667 2761 723 2794 23.
772 2758 847 2797 απὸ
872 2764 1053 2797 servatunt
1075 2759 1166 2795 Fm
1191 2759 1272 2794 Bas.
1471 2752 1529 2788 24-

149 2801 431 2850 σνμπεσόντων]
457 2802 687 2849 ἐμπεσόντων
714 2807 743 2842 F
