1820 3249
274 125 385 165 15ὂο
634 119 752 159 LIB.
782 117 871 158 XX.
931 118 1061 160 CAP.
1093 122 1161 161 99.
1192 122 1288 162 100.

388 230 653 297 Δημήτριος
669 229 715 272 δὲ
721 227 824 298 “triv
851 232 937 298 τῆς
957 202 1124 281 πόλεως
1153 229 1317 274 ἅλωσιν
1346 229 1581 299 ὑπολαβών
1611 231 1658 276 ἐκ

275 293 364 334 τῶν
401 293 561 345 χειρῶν
598 286 739 330 αὐτοῦ
776 285 857 342 τὴν
888 285 1022 342 τύχην
1051 286 1336 348 ἀφῃρῆσθαι,
1367 285 1500 330 πάλιν
1528 303 1659 341 παρε-

190 356 245 400 95
277 346 504 400 σκευάζετο
534 343 646 399 πρὸς
675 344 754 412 τὴν
784 345 1058 398 πολιορκίαν.
1118 348 1209 387 εἰτα
1237 348 1317 387 τοῦ
1344 344 1510 399 πατρὸς
1539 344 1661 403 αὐτῷ

272 403 527 472 γράψαντος
565 399 860 445 διαλύσασθαι
898 399 1010 453 πρὸς
1034 400 1232 451 Ῥοδίους
1271 399 1330 451 ὠς
1359 401 1416 444 ἄν
1452 417 1557 445 ποτε
1587 391 1662 445 δύ-

273 478 422 518 νηται,
452 459 530 502 τὸν
559 457 795 502 καλλιστον
833 456 1029 527 ἐπετήρει
1056 456 1227 512 καιρόν,
1258 457 1461 501 δώσοντα
1489 457 1663 526 προφά-

211 567 214 569 Ᾰ
276 532 366 569 σεις
405 515 618 587 εὐλόγους
647 518 723 570 τῆς
763 513 1024 564 συνθέσεως.
1085 516 1360 584 Πτολεμαίου
1393 516 1439 559 δὲ
1467 513 1664 570 γράψαν-

274 593 350 627 τος
378 579 470 624 τοῖς
495 571 680 622 Ροδίοις
708 569 759 614 τὸ
798 571 878 640 μὲν
906 575 1086 625 πρῶτον
1115 570 1183 613 ὅτι
1211 571 1370 626 πέμψει
1405 573 1530 616 σίτου
1559 575 1666 626 πλῆ-

166 647 246 688 100
275 639 361 683 θος
403 630 551 681 αὐτοῖς
587 629 662 673 καὶ
692 627 955 686 στρατιώτας
983 628 1262 682 τριςχιλίους,
1301 644 1408 683 μετα
1446 629 1492 672 δὲ
1527 632 1665 671 ταῦτα

277 687 680 760 συμβουλεύοντος,
721 685 800 728 ἐάν
831 687 859 741 ᾐ
891 683 1109 735 δυνατόν,
1147 685 1331 739 μετρίως
1371 684 1667 728 διαλύσασθαι

276 746 390 801 πρὸς
427 743 704 812 Ἀντίγονον,
747 741 935 791 ἅπαντες
975 740 1163 795 έῤῥεπον
1205 740 1316 795 πρὸς
1356 740 1437 796 τὴν
1477 741 1668 811 εἰρήνην.

276 802 385 849 καθ’
416 800 470 845 ὂν
512 802 564 855 δὴ
595 798 757 868 χρόνον
797 801 878 840 τοῦ
917 800 1075 840 κοινοῦ
1106 801 1194 840 τῶν
1223 799 1434 840 Αἰτωλῶν
1464 797 1670 842 ἀποστεί-

277 867 437 909 λαντος
476 854 744 925 πρεσβευτας
773 855 872 908 περὶ
903 852 1170 905 διαλύσεων,
1201 855 1245 897 οἱ
1267 852 1430 897 Ῥόδιοι
1466 855 1670 898 συνέθεν-

225 924 250 968 5
280 935 331 962 το
370 914 497 975 πρὸς
514 911 787 981 Δηιιήτριον
800 911 868 954 ἐπὶ
897 913 1059 962 τοΐςδε·
1098 909 1350 980 αὐτόνομον
1387 911 1463 954 καὶ
1501 910 1671 966 ἀφρού-

282 989 417 1031 ρητον
457 976 570 1014 εἰναι
609 969 690 1024 τήν
729 966 861 1012 πόλιν
898 984 972 1011 και
1002 968 1112 1023 ε’χειν
1139 984 1218 1018 τας
1254 969 1369 1018 ἰδίας
1397 968 1668 1021 προςόδους

282 1033 525 1086 συμμαχεῖν
564 1026 611 1070 δε
635 1025 834 1076 Ροδίους
861 1023 1117 1081 Ἀντιγόνῳ,
1155 1025 1268 1080 πλὴν
1300 1024 1377 1068 έαν
1411 1025 1481 1068 επὶ
1513 1029 1672 1068 Πτολε-

282 1093 417 1157 μαῖον
459 1083 766 1154 στρατεύηται,
812 1082 886 1125 καὶ
925 1084 1084 1125 δοῦναι
1119 1085 1209 1124 τῶν
1243 1085 1436 1125 πολιτων
1457 1080 1672 1152 ὁμήρους

283 1144 440 1189 ἑκατὸν
470 1158 551 1192 ους
579 1140 636 1185 ἂν
665 1139 974 1196 απογράψηται
994 1136 1244 1194 Δημήτριος
1272 1138 1388 1194 πλήν
1416 1142 1503 1182 τῶν
1534 1138 1673 1195 οἷρχας

201 1218 254 1258 10
281 1220 299 1246 ε
330 1201 482 1246 όντων.

173 1275 257 1314 10⁰
301 1220 326 1259 χ
403 1259 458 1301 Οἱ
495 1271 575 1312 μεν
611 1248 697 1297 οὖν
722 1250 885 1296 Ῥόδιοι
913 1251 1285 1307 πολιορκηθέντες
1322 1249 1549 1296 ενιαύσιον
1578 1250 1677 1307 χρό-

285 1332 368 1361 νον
406 1313 548 1369 τούτῳ
589 1315 651 1368 τῷ
688 1309 837 1364 τρόπῳ
875 1308 1168 1352 κατελύσαντο
1198 1308 1275 1353 τὸν
1304 1307 1510 1364 πόλεμον.
1569 1308 1677 1359 τούς

287 1373 332 1418 δ’
363 1373 410 1416 έν
441 1375 532 1420 τοῖς
559 1356 788 1417 κινδύνοις
817 1365 980 1420 ἄνδρας
1017 1363 1217 1421 ἀγαθούς
1241 1365 1507 1435 γενομένους
1527 1364 1677 1434 ἐτίμη-

287 1442 370 1474 σαν
400 1432 494 1478 ταῖς
526 1425 665 1478 οέξίαις
695 1426 900 1479 δωρεαῖς,
943 1422 1018 1465 καὶ
1053 1426 1140 1465 τῶν
1171 1422 1346 1466 δούλων
1375 1439 1480 1473 τους
1509 1420 1677 1477 οἷνδρα-

203 1498 256 1541 15
285 1484 568 1557 γαθήσαντας
598 1481 848 1535 ἐλευθερίας
878 1480 951 1523 καὶ
980 1481 1199 1529 πολιτείας
1227 1478 1429 1534 ηξίωσαν.
1491 1479 1678 1549 ε’στησαν

287 1544 334 1588 δε
363 1542 437 1586 καὶ
466 1544 555 1584 τῶν
584 1537 799 1608 βασιλέων
837 1535 1010 1587 εἰκόνας
1041 1534 1340 1591 Κασσάνδρου
1379 1536 1453 1580 καὶ
1482 1535 1678 1592 Λυσιμά-

286 1617 368 1670 χου
398 1602 488 1642 τῶν
519 1595 864 1649 δευτερευόντων
893 1610 972 1649 μεν
1000 1597 1095 1644 ταῖς
1125 1592 1286 1646 δόξαις,
1309 1594 1678 1661 συμβεβλημένων

288 1657 335 1702 δὲ
364 1654 529 1725 μεγάλα
558 1653 671 1707 πρὸς
699 1651 780 1707 τήν
808 1655 886 1707 τῆς
914 1650 1082 1700 πόλεως
1111 1652 1346 1720 σωτηρίαν.
1385 1649 1466 1693 τόν
1497 1651 1543 1693 δὲ
1562 1654 1680 1693 Πτο-

203 1729 258 1768 20
289 1719 467 1769 λεμαῖον
497 1711 544 1754 έν
573 1707 868 1753 ανταποδόσει
898 1710 1094 1762 μείζονος
1122 1724 1299 1762 χαριτος
1321 1705 1678 1777 ύπερβαλλεσθαι

289 1754 578 1839 βόυλόμενοι,
621 1764 823 1835 θεωρούς
860 1763 1115 1808 ἀπέστειλαν
1149 1766 1209 1814 εἰς
1238 1762 1414 1821 Λιβύην
1449 1764 1553 1814 τούς
1580 1765 1678 1807 ἐπε-

290 1826 568 1882 ρωτήσοντας
610 1823 661 1867 τὸ
692 1819 802 1877 παρ’
825 1821 1030 1891 ’Ἄμμωνι
1066 1825 1273 1876 μαντεῖον
1312 1822 1349 1864 εἰ
1387 1820 1679 1877 συμβουλεύει

285 1886 472 1934 Ροδίοις
496 1885 772 1937 Πτολεμαῖον
803 1896 863 1930 ως
882 1878 993 1922 θεὸν
1020 1882 1208 1949 τιμῆσαι.
1220 1878 1679 1949 συγκατατιθεμένου

293 1941 340 1986 δε
367 1944 448 1984 τοῦ
477 1939 765 2007 χρηστηρίου,
794 1935 971 1991 τέμενος
1007 1934 1176 1990 ἀνῆκαν
1215 1934 1263 1978 ἐν
1290 1939 1344 1992 τῇ
1373 1934 1497 1979 πόλει
1524 1934 1679 1989 τετρά-

210 2011 264 2055 25
293 2014 465 2054 γωνον,
512 1993 877 2065 οἰκοδομήσαντες
915 1992 1022 2047 παρ’
1065 1991 1251 2048 έκαστην
1300 1991 1500 2046 πλευρὰν
1543 1990 1680 2035 στοὰν

295 2056 547 2105 σταδιαίαν,
579 2051 604 2095 ὃ
632 2049 995 2106 προςηγόρευσαν
1023 2053 1332 2103 Πτολεμαεῖον.
1390 2047 1680 2116 ανῳκοδόμη-
1730 2054 1734 2056 ’

294 2126 378 2157 σαν
407 2111 454 2155 δὲ
492 2126 566 2154 και
593 2109 642 2152 τὸ
671 2108 865 2161 θέατρον
905 2107 977 2151 καὶ
1015 2105 1068 2149 τὰ
1105 2104 1360 2149 πεπτωκότα
1399 2121 1490 2148 των
1525 2110 1680 2160 τειχῶν

290 2170 368 2214 καὶ
395 2172 486 2211 τῶν
523 2165 667 2210 ἄλλων
695 2164 845 2208 τόπων
882 2163 987 2214 τοὺς
1015 2161 1353 2230 καθηρημένους
1387 2165 1536 2205 πολλῶ
1567 2161 1683 2205 κάλ-

295 2231 392 2270 λιον
431 2225 459 2280 η’
499 2226 802 2291 προϋπῆρχον.
870 2219 1123 2290 Δημήτριος
1164 2220 1210 2262 δὲ
1250 2236 1360 2262 κατα
1399 2218 1475 2269 τὰς
1504 2206 1682 2268 έντολας

214 2297 269 2338 30
296 2287 378 2327 τοῦ
407 2280 572 2337 πατρὸς
603 2278 922 2336 διαλυσάμενος
957 2276 1069 2333 πρὸς
1093 2276 1290 2327 Ῥοδίους
1325 2274 1548 2327 ἐξέπλευσε
1577 2274 1684 2331 μετὰ

296 2445 331 2479 1.
358 2440 630 2497 διαλύσασθαι]
661 2438 904 2476 διαλύσεσθαι
926 2436 974 2470 W
1156 2435 1190 2473 4.
1224 2435 1261 2471 οὶ
1281 2432 1328 2471 Ῥ.
1339 2435 1354 2480 ]
1376 2434 1446 2481 τὴν
1467 2433 1620 2480 εἰρήνην
1645 2434 1683 2470 οἳ

295 2490 342 2527 ’.Ρ
366 2491 414 2525 W
439 2494 474 2523 et
497 2489 558 2533 qui
581 2484 628 2532 ἣν
652 2489 682 2521 F
855 2484 913 2519 16.
939 2481 1184 2526 Κασσάνδρου
1210 2484 1278 2516 ΤΧ
1302 2484 1405 2525 Bas„
1432 2483 1559 2517 caeteri
1584 2483 1683 2516 Πτο-

297 2538 451 2580 λεμαῖον
484 2537 722 2579 praeponunt,
754 2531 862 2590 quod
879 2530 1042 2565 asterisco
1073 2530 1206 2564 notavit
1237 2530 1435 2572 Stephanus
1625 2528 1683 2562 17.

298 2597 375 2619 των
399 2583 483 2616 Wes
486 2582 674 2626 selingius:
697 2580 779 2615 libri
802 2577 866 2613 καὶ
888 2579 965 2611 τῶν
1147 2576 1204 2610 20.
1238 2573 1548 2620 ὑπερβάλλεσθαι]
1572 2587 1685 2620 υπερ-

300 2629 501 2686 βαλέσθαι
505 2628 581 2662 FW
765 2626 822 2661 23.
847 2621 1223 2670 συγκατατιθεμένου]
1248 2622 1521 2666 συγκαθεμένου
1545 2622 1592 2655 W

392 2676 450 2710 24.
484 2673 524 2711 ἐν
548 2675 595 2721 τῇ
617 2670 724 2708 πόλει
749 2684 818 2707 om.
844 2672 876 2705 F
1061 2655 1390 2713 οίκοδομήσαντες]
1418 2665 1684 2724 ᾠκοδομήσαν-

301 2735 359 2762 τες
388 2723 476 2757 Bas.
669 2719 724 2754 25.
770 2715 932 2762 πλευρὰν
972 2714 1085 2752 στοοὶν
1116 2716 1420 2750 Rhodomannus:
1454 2715 1538 2751 libri
1572 2712 1685 2751 στοάν

300 2768 464 2814 πλευρὰν
645 2766 704 2801 26.
729 2764 992 2810 Πτολεμαεῖον]
1017 2763 1099 2799 libri
1124 2764 1358 2807 Πτολεμαῖον
