1820 3249
514 158 1506 205 L1B.XV11.cAP.8.9.1143

119 277 413 332 ραδοκοῦντες
449 272 531 330 τὴν
569 273 713 344 ῥοπὴν
748 274 831 315 τοῦ
867 271 1078 327 πολέμου.
1138 269 1163 315 6
1193 270 1242 316 δε
1270 274 1362 342 τῆς
1372 271 1422 316 ἐν
1448 276 1504 330 τῇ

118 335 315 391 Καδμείᾳ
345 335 549 401 φρουρᾶς
581 329 826 386 ἡγούμενος
858 329 1079 380 Φιλώτας,
1126 326 1248 382 ὁρῶν
1283 345 1388 380 τους
1422 333 1503 387 Θη-

119 392 274 446 βαίους
311 389 498 445 μεγάλας
534 387 815 440 παρασκευάς
846 386 1138 441 ποιουμένους
1177 385 1289 439 πρὸς
1298 385 1397 454 τήν
1425 403 1503 430 πο-

117 448 334 500 λιορκίαν,
376 446 449 488 καὶ
486 443 541 488 τὰ
576 446 690 500 τείχη
730 442 1065 514 φιλοτιμότερον
1101 441 1388 486 κατεσκεύασε
1426 444 1501 487 καὶ
1532 452 1585 491 10

118 505 261 572 βελῶν
294 504 589 545 παντοδαπῶν
626 505 796 557 πλῆθος
829 498 1111 558 ἡτοιμάσατο.
1168 499 1260 543 ἐπει
1289 496 1332 541 δ’
1372 497 1395 543 6
1425 503 1500 556 βα·
1527 508 1557 546 9

118 558 260 610 σιλεύς
296 557 560 609 ἀνελπίστως
599 558 646 602 ἐκ
689 562 765 630 τῆς
797 557 973 613 Θράκης
1014 560 1092 612 ἧκε
1121 555 1227 612 μετὰ
1256 554 1398 611 πάσης
1424 561 1500 613 τῆς

115 615 354 671 δυνάμεως,
385 617 433 658 αἱ
460 616 539 671 μὲν
568 617 806 685 συμμαχίαι
833 619 926 666 τοῖς
951 616 1160 669 Θηβαίοις
1188 613 1499 683 δισταζομένην

114 670 231 727 εἶχον
261 672 341 727 τὴν
370 675 642 727 παρουσίαν,
673 671 700 728 ἡ
732 671 778 715 δὲ
807 675 896 714 τῶν
925 673 1146 740 πολεμίων
1178 669 1364 740 δύναμις
1393 669 1496 725 ὁμο-
1529 676 1581 716 15

112 729 387 799 λογουμένην
423 731 498 772 καὶ
539 729 738 798 φανερὰν
777 730 964 772 ἐποιεῖτο
1002 729 1081 783 τὴν
1111 726 1344 797 ὑπεροχήν.
1403 727 1500 770 τότε

111 785 158 828 δὲ
199 784 566 856 συνεδρεύσαντες
613 787 658 829 οἱ
702 784 910 841 ἡγεμόνες
951 782 1358 855 προεβούλεύσαντο
1399 784 1500 838 περὶ

109 846 192 885 τοῦ
224 842 439 897 πολέμου,
487 844 560 887 καὶ
603 846 739 886 πᾶσιν
779 843 924 895 ἔδοξεν
961 841 1074 895 ὑπερ
1094 845 1191 911 τῆς
1228 839 1499 910 αὐτονομίας

109 901 454 954 διαγωνίζεσθαι.
504 903 585 943 τοῦ
615 899 661 943 δὲ
690 898 890 956 πλήθους
910 897 1266 960 ἐπικυρώσαντος
1287 896 1369 954 τήν
1385 897 1496 953 γνώ-

109 973 206 1011 μην,
240 956 427 1007 ἅπαντες
445 956 550 1010 μετά
574 961 736 1011 πολλῆς
765 958 1018 1026 προθυμίας
1048 960 1166 1010 εἰχον
1195 955 1375 1012 ἑτοίμως
1401 957 1492 999 δια·
1521 960 1577 1000 20

108 1012 392 1056 κινδυνεύειν.
423 1012 447 1057 6
469 1015 515 1057 δὲ
534 1013 737 1079 βασιλεὺς
755 1013 801 1057 τὸ
822 1014 900 1067 μὲν
919 1017 1096 1068 πρῶτον
1117 1011 1302 1068 ἡσυχίαν
1319 1013 1408 1069 ἦγε,
1430 1014 1492 1055 δι-

108 1069 217 1120 6ov9
244 1071 472 1124 μετανοίας
500 1070 661 1139 χρόνον
691 1072 750 1120 εἰς
768 1068 818 1112 τὸ
840 1069 1181 1138 βουλεύσασθαι,
1210 1086 1285 1112 και
1306 1070 1497 1123 νομίζων

105 1126 163 1183 μή
191 1126 420 1195 τολμήσειν
451 1129 556 1188 μίαν
594 1125 724 1170 πόλιν
755 1125 872 1196 πρὸς
898 1124 1173 1195 τηλικαύτην
1195 1125 1385 1181 δύναμιν
1412 1142 1494 1169 πα-

105 1182 384 1238 ρατάξασθαι.
445 1188 535 1253 εἰχε
563 1184 647 1238 γάρ
683 1181 707 1226 6
755 1181 1029 1238 Ἀλέξανδρος
1064 1181 1175 1226 κατά
1212 1186 1390 1226 τοῦτον
1412 1183 1491 1226 τὸν
1520 1186 1574 1228 25

103 1239 261 1293 καιρὸν
299 1239 454 1294 πεζους
491 1239 570 1296 μὲν
609 1241 784 1290 πλείους
813 1256 901 1283 των
929 1242 1214 1311 τριςμυρίων,
1263 1240 1406 1289 ἱππεῖς
1445 1237 1489 1283 δ’

103 1295 188 1340 οὐκ
227 1296 432 1348 ἐλάττους
469 1301 557 1341 τῶν
599 1299 867 1352 τριςχιλίων,
918 1296 1087 1348 πάντας
1118 1295 1166 1341 δ’
1196 1294 1492 1352 ἐνηθληκότας

101 1358 194 1404 τοῖς
221 1357 480 1425 πολεμικοῖς
500 1353 726 1405 κινδύνοις
753 1354 825 1396 καὶ
857 1353 1310 1423 συνεστρατευμένους
1340 1355 1491 1396 Φιλίπ-

100 1425 167 1466 πῳ
186 1410 259 1453 καὶ
281 1410 436 1481 σχεδὸν
463 1410 511 1453 ἐν
539 1409 699 1462 πάσαις
727 1416 822 1461 ταῖς
851 1408 1010 1466 μάχαις
1040 1409 1282 1466 ἀηττήτους
1309 1410 1486 1482 γεγονό-

26 1474 93 1508 161
103 1479 198 1517 τας
232 1483 296 1509 ων
325 1467 379 1523 δὴ
407 1472 501 1518 ταῖς
530 1467 704 1521 ἀρεταῖς
732 1468 807 1509 καὶ
836 1469 1108 1536 προθυμίαις
1126 1466 1348 1518 πεποιθως
1375 1465 1484 1510 Ἀλέ-
1514 1473 1568 1513 30

103 1524 288 1579 ξανδρος
323 1523 553 1583 ἐπεβάλετο
592 1527 833 1567 καταλῦσαι
869 1540 952 1580 την
988 1527 1078 1567 τῶν
1117 1527 1304 1578 Περσων
1331 1540 1484 1579 ηγεμο-

100 1581 215 1623 νίαν.
277 1581 313 1623 εἰ
341 1581 421 1635 μὲν
458 1584 543 1625 οὐν
576 1582 619 1623 οἱ
651 1584 837 1636 Θηβαῖοι
865 1585 957 1631 τοῖς
985 1586 1156 1633 καιροῖς
1184 1582 1370 1631 εἴξαντες
1399 1583 1483 1624 διε·

99 1636 396 1693 πρεσβεύοντο
435 1637 546 1691 πρός
593 1637 699 1688 τοὺς
736 1637 1000 1689 ΝΙακεδόνας
1041 1636 1151 1691 ὑπὲρ
1197 1636 1372 1706 εἰρήνης
1408 1638 1483 1680 καὶ

101 1695 370 1746 συνθέσεως,
418 1693 557 1764 ἡδέως
595 1694 651 1737 ἂν
690 1693 713 1737 6
749 1693 952 1763 βασιλεύς
991 1693 1278 1749 προςεδὲξατο
1307 1693 1386 1745 τοὶς
1415 1693 1481 1737 ἐν·
1511 1700 1566 1742 35

98 1749 276 1803 τεύξεις,
307 1751 382 1794 καὶ
410 1751 554 1820 πάντα
584 1750 639 1794 ἂν
668 1748 929 1821 ἀξιούμενος
958 1750 1278 1822 συνεχώρησεν·
1324 1749 1481 1794 ἐπεθύ-

96 1823 166 1877 μει
203 1808 287 1863 γὰρ
321 1808 398 1859 τάς
432 1808 544 1852 κατὰ
580 1807 659 1863 τὴν
694 1806 877 1851 Ἑλλάδα
907 1824 1101 1863 ταραχας
1129 1806 1482 1876 ἀποτριψάμενος

95 1863 421 1918 ἀπερίσπαστον
449 1865 560 1920 ε’χειν
588 1865 667 1907 τὸν
695 1864 805 1919 πρὸς
833 1881 940 1916 τους
959 1864 1132 1919 Πέρσας
1150 1864 1364 1918 πόλεμον·
1394 1867 1480 1908 νῦν

96 1920 143 1964 δὲ
173 1921 303 1974 δόξας
330 1920 418 1967 ὑπὸ
446 1926 535 1965 τῶν
568 1922 775 1978 Θηβαίων
802 1927 1182 1977 καταφρονεῖσθαι
1211 1921 1368 1976 διέγνω
1398 1921 1480 1978 τὴν

95 1976 225 2022 πόλιν
265 1978 406 2035 ἄρδην
436 1975 611 2022 ἀνελεῖν
657 1979 731 2022 καὶ
777 1982 839 2034 τῷ
876 1979 1004 2049 φόβῳ
1042 1978 1185 2035 τούτῳ
1222 1978 1297 2029 τὰς
1339 1977 1479 2048 ὁρμὰς
1507 1983 1561 2025 40

93 2050 184 2078 των
213 2032 483 2107 ἀφίστασθαι
512 2035 775 2091 τολμώντων
805 2023 1065 2090 ἀποτρέψαι.
1125 2024 1275 2089 διόπερ
1304 2034 1384 2103 τὴν
1403 2034 1479 2078 δύ-

92 2107 230 2146 ναμιν
258 2092 434 2148 ετοίμην
461 2092 790 2142 κατασκευάσας
817 2091 929 2147 πρὸς
957 2091 1038 2135 τὸν
1066 2093 1280 2136 κίνδυνον
1299 2090 1479 2148 ἐκήρυξε

92 2147 173 2192 τὸν
202 2149 474 2205 βουλόμενον
505 2152 712 2221 Θηβαίων
741 2147 916 2193 ἀπιέναι
944 2149 1055 2203 πρὸς
1086 2147 1224 2193 αὐτὸν
1252 2149 1326 2192 καὶ
1360 2149 1478 2204 μετέ-

90 2220 184 2261 χειν
223 2210 300 2263 τῆς
335 2210 487 2264 κοινῆς
522 2211 615 2258 τοῖς
640 2205 846 2262 Ἐλλησιν
885 2204 1070 2263 εἰρήνης.
1129 2223 1173 2250 οι
1212 2205 1259 2253 δὲ
1291 2209 1478 2263 Θηβαῖοι

90 2351 127 2386 9.
172 2352 235 2389 καὶ
257 2352 325 2400 τά]
359 2367 406 2390 τα
428 2355 513 2390 Bae.
696 2353 753 2388 1⁰.
799 2350 1028 2398 ἡτοιμάσατο
1050 2354 1132 2396 FL,
1167 2352 1297 2388 meteri
1316 2347 1472 2396 ήτοιμά-

92 2399 170 2439 ζετο
354 2401 410 2436 13.
458 2395 547 2444 ἧκεν
580 2402 658 2445 post
692 2397 913 2442 ἀνελπίστως
937 2401 1084 2444 ponitF
1269 2399 1326 2433 20.
1374 2400 1472 2443 εἶχον

91 2442 265 2490 ἑτοίμως]
293 2446 434 2482 invertit
448 2448 485 2503 F
668 2446 725 2481 21.
771 2445 814 2482 τὸ
836 2459 903 2491 μεν
927 2447 1075 2491 πρῶτον
1095 2447 1176 2488 FL,
1206 2445 1290 2481 τότε
1312 2458 1380 2489 μεν
1403 2446 1471 2480 TX

92 2491 176 2527 Bas.
251 2493 380 2527 caeteri
415 2492 497 2530 τότε
537 2505 605 2538 μεν
645 2505 816 2549 πρωτον,
861 2505 1011 2537 quorum
1051 2497 1265 2546 postremum
1305 2492 1471 2547 asteriscp

91 2536 229 2571 notavit
262 2538 322 2572 ste
322 2540 458 2583 phanus
650 2534 735 2583 ἦγε]
770 2544 839 2584 εῑχε
871 2541 901 2573 F
1089 2539 1146 2573 22.
1193 2536 1351 2584 χρόνον]
1383 2537 1473 2595 χρό’

91 2595 182 2622 vove
205 2584 264 2618 FI,
468 2585 526 2620 23.
571 2584 786 2629 τολμήσειν]
819 2586 1000 2630 τολμῆσαι
1022 2585 1084 2619 Fla
1288 2582 1348 2619 24.
1384 2583 1468 2630 γάρ]

94 2627 134 2664 δε
154 2630 214 2663 FL
397 2631 455 2665 26.
501 2632 578 2666 τῶν
601 2632 828 2678 τριςχιλίων]
859 2632 1063 2676 τριςχιλίων
1087 2631 1120 2665 Τ
1143 2632 1226 2665 Bas.

185 2675 266 2710 167.
297 2676 356 2710 31.
403 2679 479 2712 τῶν
511 2689 580 2712 om.
611 2679 693 2713 Bas.
875 2679 932 2713 32.
981 2678 1016 2713 οἱ
1050 2689 1120 2712 om.
1142 2679 1225 2711 Bas.
1410 2675 1470 2709 33.

92 2717 206 2767 ὕπερ]
241 2722 327 2766 περὶ
350 2723 411 2756 FL
592 2723 650 2758 37.
697 2725 898 2769 cinereum]
933 2723 1121 2768 ἀποτρεψ.
1146 2724 1186 2764 11,
1211 2720 1413 2766 ἇποστρεψ.
1438 2721 1468 2754 F

91 2815 114 2860 β
225 2768 309 2848 L‘H.
357 2768 592 2816 ἀποτρέψαι]
619 2768 853 2816 ἀποστρέψαι
877 2770 913 2816 L!
1060 2769 1118 2806 43.
1167 2768 1364 2816 Θηβαίων]
1395 2769 1470 2813 Θη-

116 2816 202 2849 αῖον
