1820 3249
360 143 470 185 1⁰42
759 139 1013 180 LlB.XV1.
1053 138 1186 179 GAP.
1221 144 1256 183 1
1288 144 1329 183 2

361 251 497 302 θεοὺς
526 249 748 321 εὐσέβειαν
778 250 989 294 ἔπαθλον
994 251 1126 318 ’ἔλαβε
1152 251 1230 303 τὰς
1257 253 1437 309 ψήφους
1464 256 1553 297 τῶν
1570 269 1734 324 κρατη-

362 307 531 352 θέντων
565 306 765 350 Φωκέων
824 307 1060 359 Ἰλλυριούς
1099 309 1143 352 δε
1180 310 1254 352 καὶ
1290 313 1484 361 Παίονας
1512 309 1585 352 καὶ
1617 313 1734 382 Θρᾷ-

363 382 443 416 κας
470 365 543 408 καὶ
573 364 754 414 Σκύθας
783 366 856 406 καὶ
885 363 1027 406 πάντα
1056 365 1109 408 τοὶ
1130 367 1406 438 πλησιόχωρα
1426 366 1600 416 τούτοις
1624 367 1732 422 ἔθνη

366 420 744 491 καταπολεμήσας,
762 420 853 488 τὴν
883 424 1069 474 Περσων
1097 425 1321 492 βασιλείαν
1351 423 1575 476 ἐπεβάλετο
1608 440 1735 465 κατα-

284 483 338 525 35
368 483 518 521 λῦσαι·
559 477 631 520 καὶ
661 474 866 547 δυνάμεις
896 477 1021 532 μὲν
1004 480 1062 528 εἰς
1090 477 1170 533 τὴν
1195 476 1342 522 ''Aoeav
1372 479 1629 551 διαβιβάσας
1658 497 1734 530 τας

361 535 608 601 Ἑλληνίδας
637 533 781 583 πόλεις
804 531 1067 588 ηλευθέρου,
1111 537 1424 603 μεσολαβηθεὶς
1461 536 1503 579 δ’
1542 535 1628 578 ὑπὸ
1660 553 1736 591 της

367 589 671 659 πεπρωμένης
685 590 944 661 τηλικαύτας
986 592 1059 634 καὶ
1097 592 1302 643 τοιαύτας
1342 593 1546 646 δυνάμεις
1586 591 1735 635 ἀπέλι-

366 665 445 691 πεν
484 646 586 697 ω’ςτε
626 644 705 688 τὸν
740 646 839 689 υἱὸν
869 645 1156 716 Ἀλέξανδρον
1191 649 1247 705 μὴ
1279 652 1603 719 προςδεηθῆναι
1634 660 1737 703 συμ-

368 702 518 773 μάχων
557 703 616 752 εἰς
654 701 735 758 τὴν
770 703 1006 746 κατάλυσιν
1042 708 1117 774 τῆς
1147 709 1331 757 Περσῶν
1360 704 1604 776 ᾑγεαονίας.
1664 705 1737 748 καὶ
1753 713 1797 747 82

285 769 338 810 40
369 765 474 804 ταῦτ
526 759 706 828 ἔπραξεν
735 758 788 802 06
820 759 892 802 διὰ
923 761 1055 822 τύχην
1082 759 1189 804 άλλοὶ
1222 763 1292 805 δια
1322 762 1401 819 τήν
1422 766 1537 807 ἰδίαν
1557 761 1735 816 αρετήν·

367 819 516 886 γέγονε
547 815 632 872 γάρ
671 815 694 858 ὁ
733 816 935 871 βασιλεὺς
973 822 1103 868 οὑτος
1139 817 1337 875 άγχιτοία
1376 832 1635 876 στρατηγικη
1665 819 1740 862 καὶ

369 873 551 943 ανδρείᾳ
587 873 658 915 καὶ
700 873 966 928 λαμπρότητι
1006 878 1147 931 ψυχῆς
1194 877 1427 945 διαφέρων.
1485 894 1555 919 ινα
1594 877 1640 918 δὲ
1681 875 1738 931 μὴ

371 929 442 975 διά
471 946 551 972 του
580 932 818 985 προοιμίου
857 932 1235 1003 προλαμβάνωμεν
1271 931 1410 975 αὐτοῦ
1447 949 1523 984 τας
1551 931 1740 986 πράξεις,

285 994 338 1036 45
369 987 437 1031 ἐπὶ
476 985 524 1029 τὸ
562 986 732 1041 συνεχὲς
775 990 850 1041 τῆς
892 988 1085 1041 ίστορίας
1113 988 1423 1045 πορευσόμεθα
1460 989 1620 1046 βραχέα
1648 993 1739 1039 τοῖς

368 1041 543 1113 χρόνοις
560 1042 1022 1115 προςαναδραμόντες.

311 1109 339 1148 2
477 1097 570 1142 '’Eaz
605 1099 817 1155 ἄρχοντος
844 1099 928 1167 γάρ
957 1100 1159 1158 Αθήνησι
1177 1102 1491 1173 Καλλιμὴδους
1504 1100 1742 1169 Ὀλυμπιὰς

370 1157 448 1212 μὲν
476 1156 590 1212 ἤχθη
619 1158 785 1212 πέμπτη
814 1156 925 1211 πρὸς
952 1164 1046 1210 ταῖς
1073 1159 1241 1213 ἑκατόν,
1273 1158 1376 1203 καθ’
1408 1158 1464 1215 ἢν
1494 1160 1615 1202 ε’νίκα
1645 1170 1742 1203 στα-

290 1223 342 1262 50
374 1216 473 1257 διον
505 1217 666 1266 Πῶρος
702 1216 979 1283 Κυρηναῖος,
1014 1215 1221 1271 Ρωμαιοι
1250 1217 1295 1260 δὲ
1323 1217 1592 1272 κατέστησαν
1621 1213 1742 1258 ύπά-

369 1287 474 1320 τους
512 1273 678 1313 Γναῖον
716 1274 759 1313 Γ
755 1287 931 1314 ενυκιον
969 1273 1042 1316 καὶ
1081 1272 1273 1317 Λεύκιον
1307 1275 1521 1328 Αἰμίλιον.
1590 1273 1657 1316 ἐπὶ
1696 1270 1743 1315 δὲ

369 1327 537 1370 τούτων
568 1329 784 1378 Φίλιππος
814 1326 837 1371 6
868 1327 1077 1384 Ἀμύντου
1106 1328 1225 1382 υἱός,
1275 1328 1557 1384 Ἀλεξάνδρου
1587 1329 1632 1372 δὲ
1661 1331 1744 1371 τοῦ

373 1384 546 1438 Πέρσας
584 1384 1020 1439 καταπολεμήσαντος
1057 1387 1222 1455 πατήρ,
1275 1388 1491 1459 παρέλαβε
1528 1386 1610 1457 τήν
1654 1388 1745 1428 τῶν

371 1439 646 1483 [Μακεδόνων
689 1443 911 1496 βασιλείαν
959 1442 1032 1485 διὰ
1067 1442 1274 1494 τοιαύτας
1312 1445 1461 1494 αἰτίας
1528 1440 1744 1498 Ἀμύντου

288 1500 341 1542 55
371 1497 801 1552 καταπολεμηθέντος
830 1497 916 1542 ὑπὸ
943 1498 1187 1554 Ἰλλυριῶν,
1217 1500 1292 1544 καὶ
1321 1500 1492 1554 φόρους
1522 1505 1613 1550 τοῖς
1641 1516 1746 1552 κρα-

371 1554 526 1623 τήσασι
552 1559 691 1597 τελεῖν
720 1553 1096 1610 ἀναγκασθέντος,
1135 1560 1179 1601 οἱ
1206 1558 1284 1614 μὲν
1312 1556 1511 1611 Ἰλλυριοὶ
1540 1555 1747 1612 λαβόντες

371 1613 431 1661 εἷς
469 1609 678 1667 ὁμηρείαν
722 1614 939 1656 Φίλιππον
975 1613 1052 1656 τόν
1089 1613 1308 1658 νεώτατον
1342 1631 1431 1657 των
1469 1615 1579 1657 υῖων
1617 1613 1746 1667 παρέ-

371 1673 501 1711 θεντο
527 1673 619 1718 τοῖς
645 1670 867 1735 Θηβαίοις.
918 1664 1041 1714 οὗτοι
1073 1671 1117 1714 δὲ
1147 1675 1208 1729 τῷ
1234 1669 1584 1740 Ἐπαμεινώνδου
1612 1670 1746 1739 πατρὶ

289 1736 343 1775 60
371 1725 615 1779 παρέθεντο
643 1723 723 1768 τόν
750 1727 1001 1774 νεανίσκον,
1052 1728 1125 1770 καὶ
1165 1718 1432 1782 προςέταξαν
1470 1726 1559 1782 άμα
1586 1732 1745 1797 τηρεῖν

371 1782 581 1838 ἐπιμελῶς
602 1780 682 1836 τήν
705 1782 1081 1855 παρακαταθήκην
1109 1785 1182 1827 καὶ
1206 1790 1464 1838 προστατεῖν
1480 1788 1554 1839 τῆς
1571 1782 1744 1856 ἀγωγῆς

370 1840 444 1881 καὶ
474 1840 682 1889 παιδείας.
739 1844 820 1882 τοῦ
837 1837 880 1882 δ’
908 1838 1258 1910 Ἐπαμεινώνδου
1283 1840 1599 1911 Πυθαγόρειον
1627 1841 1743 1896 ἔχον-

371 1911 456 1946 τος
484 1893 733 1950 φιλόσοφον
771 1896 1022 1952 ἐπιστάτην,
1073 1897 1424 1953 συντρεφόμενος
1459 1897 1483 1942 6
1526 1899 1744 1948 Φίλιππος

371 1950 569 2007 μετέσχεν
597 1952 662 1995 ἐπὶ
691 1956 842 1996 πλεῖον
870 1970 958 1996 των
989 1957 1307 2010 Πυθαγορείων
1343 1954 1498 2024 λόγων.
1560 1953 1744 2010 ἀμφοτέ-

290 2012 344 2052 65
375 2024 466 2061 ρων
505 2009 551 2051 δὲ
591 2025 679 2052 των
715 2015 926 2065 μαθητῶν
953 2012 1372 2080 προςενεγκαμένων
1412 2011 1550 2081 φύσιν
1585 2028 1630 2054 τε
1668 2012 1743 2054 καὶ

373 2067 660 2119 φιλοπονίαν,
711 2066 909 2122 ὑπῆρξαν
945 2067 1142 2120 ἑκάτεροι
1172 2069 1453 2125 διαφέροντες
1482 2068 1623 2138 οἷρετῇ.
1680 2069 1744 2111 ὠν

367 2120 717 2177 Ἐπαμεινώνδας
736 2124 814 2178 μὲν
830 2123 1044 2179 μεγάλους
1074 2124 1246 2180 άγωνας
1274 2127 1348 2169 καὶ
1375 2124 1613 2176 κινδύνους
1640 2124 1745 2169 ὑπο-

372 2180 521 2234 μείνας
555 2196 606 2236 τῃ
643 2183 819 2235 πατρίδι
860 2181 1115 2234 παραδόξως
1151 2200 1233 2239 την
1268 2181 1506 2253 ἡγεμονίαν
1538 2187 1619 2253 τῆς
1652 2181 1743 2225 Ἑλ-

289 2240 343 2278 70
373 2235 506 2286 λάδος
534 2237 803 2308 περιέθηκεν,
834 2236 856 2281 ὁ
888 2239 934 2281 δὲ
964 2241 1191 2290 Φίλιππος,
1224 2245 1317 2290 ταῖς
1346 2238 1498 2291 αὐταῖς
1522 2238 1743 2310 άφορμαῖς

371 2291 659 2361 χρησάμενος,
709 2292 793 2337 οὐκ
833 2294 1073 2352 ἀπελείφθη
1109 2300 1201 2366 τῆς
1219 2294 1571 2352 Ἐπαμεινώνδου
1603 2295 1741 2351 δόξης

372 2365 478 2402 μετα
505 2366 590 2417 γαρ
619 2350 697 2406 τὴν
723 2349 934 2407 Ἀμύντου
964 2353 1173 2423 τελευτὴν
1190 2350 1469 2407 Ἀλέξανδρος
1505 2353 1528 2397 ὁ
1553 2353 1742 2406 πρεσβύ-

371 2421 498 2457 τατος
525 2423 614 2450 των
641 2409 754 2453 υῖων
783 2409 998 2462 διεδέξατο
1028 2409 1108 2467 τὴν
1147 2407 1296 2467 ἀρχήν.
1353 2414 1513 2455 τοῦτον
1551 2410 1597 2454 δὲ
1628 2413 1741 2454 Πτο

365 2584 423 2619 31.
471 2583 668 2631 Ἰλλυρίους
692 2589 777 2625 Bas
959 2593 1016 2629 36.
1063 2593 1331 2639 μεσολαβηθεὶς
1355 2592 1393 2630 δ’
1419 2594 1484 2629 FT
1519 2595 1622 2639 Bas„
1659 2604 1739 2628 cae-

366 2632 432 2666 teri
453 2636 721 2680 μεσολαβηθεὶς
744 2636 786 2671 δε

455 2689 511 2726 82.
549 2691 605 2726 41.
656 2696 876 2750 στρατηγικῇ
896 2695 980 2740 καὶ]
1005 2697 1067 2732 καὶ
1089 2700 1308 2753 στρατηγικῇ
1330 2699 1363 2744 Q
1548 2696 1595 2733 οἷν
1598 2697 1687 2742 δρία
1706 2697 1736 2729 F

543 2737 601 2772 45.
640 2740 915 2786 πορευσόμεθα]
939 2743 1212 2789 πορευστόμεθα
1239 2735 1298 2780 FI,
1479 2745 1535 2780 47·
1575 2742 1642 2779 ἐπ’
1668 2756 1716 2789 αρ

361 2782 515 2828 κοντος]
541 2781 763 2832 ἐπάρχοντος
783 2789 866 2824 Bas.
888 2790 1027 2834 saepius
1209 2790 1268 2827 50.
1317 2792 1474 2837 Γναῖον]
1503 2789 1624 2827 Γάιον
1647 2790 1679 2834 Q
