1820 3249
58 1116 101 1150 67

521 202 637 243 mn.
667 194 754 243 xv.
815 199 949 242 GAP.
977 203 1045 243 81.
1075 202 1139 243 8⁴2.
1402 201 1512 245 1023

139 316 222 359 σαν
242 314 323 371 ἔτη
361 309 592 365 τριακόσια
622 316 812 368 Θηβαῖοι
851 311 984 355 πάλιν
1026 310 1393 384 εἰποκατέστησαν.
1448 311 1518 356 ἐπι

138 375 334 426 τελευτῆς
374 372 421 413 δὲ
465 370 835 424 διαγωνισαμειος
880 368 994 422 πρός
1035 367 1322 439 ’ᾼλέξανδρον
1363 369 1515 425 ἔχοντα
1549 373 1599 414 15

136 424 462 472 πολλαπλάσιον
504 426 695 497 δύναμιν
742 425 798 469 οὐ
849 424 990 494 μόνον
1043 425 1267 480 ἐπιφανῶς
1304 425 1516 481 ἐνίκησεν,

137 483 245 528 ἄλλα
265 483 336 526 καὶ
356 483 435 526 τὸν
454 481 652 526 θάνατον
673 482 792 552 ἔσχεν
828 481 899 526 ἐπ’
927 479 1057 539 ἄρετη
1082 481 1345 551 περιβόητον
1372 487 1515 534 καλῶς

138 538 473 612 ἀγωνισάμενος
506 539 617 592 πρὸς
648 540 694 582 δὲ
716 538 821 590 τοὺς
851 541 1031 589 πολίτας
1060 538 1177 582 οὕτω
1209 538 1380 593 διετέθη
1413 539 1516 590 ω’ςτε

137 595 223 640 ἀπὸ
253 613 330 652 της
359 598 418 647 εἰς
445 613 522 646 τας
547 596 696 651 Θήβας
715 595 919 639 καθόδου
947 599 1037 638 τῶν
1066 599 1260 638 πολιτῶν
1290 595 1412 651 μέχρι
1441 600 1518 651 τῆς
1548 606 1602 644 20

135 653 296 697 ἑαυτοῦ
335 656 533 707 τελευτης
573 657 856 709 βοιωταρχων
894 651 1038 695 πάντα
1075 651 1153 695 τόν
1189 651 1353 736 χξρρόνον
1392 654 1519 695 διετέ-

135 714 243 760 λεσε,
272 709 459 766 μηδενός
487 709 621 752 ἄλλον
651 713 740 753 τῶν
769 713 962 752 πολιτῶν
989 707 1151 763 ταύτης
1175 709 1419 778 ηξιωμένου
1444 713 1519 764 τῆς

134 770 272 836 τιμῆς.
331 768 577 818 Πελοπίδας
613 782 691 819 μεν
721 761 805 810 οὖν
845 765 918 809 δια
955 765 1036 822 τήν
1074 767 1192 808 ἰδίαν
1233 764 1392 820 ἀρετὴν
1428 765 1518 808 υπὸ

133 822 312 867 πάντων
342 821 563 879 ἀποδοχῆς
595 823 832 879 ἠξιωμένος
861 822 986 893 ἐχέτω
1018 823 1091 865 καὶ
1131 822 1243 877 παρ’
1256 823 1408 892 ἡμῶν
1440 824 1519 865 τὸν

135 881 210 924 διοὲ
245 884 323 937 τῆς
352 882 544 932 ἱστορίας
574 880 766 924 ἔπαινον.
825 879 937 923 κατοὲ
975 879 1022 922 δὲ
1060 878 1167 930 τούς
1209 878 1373 930 αὐτους
1414 878 1516 934 χρό-
1549 886 1603 928 25

142 942 254 987 νους
282 937 521 992 Κλέαρχος,
559 936 610 980 τὸ
648 937 775 993 γένος
809 935 872 980 ὠν
900 937 943 989 ἐξ
975 934 1241 1006 “Ηρακλείας
1278 953 1354 992 της
1385 936 1430 979 ἐν
1457 939 1519 978 τιὸ

143 994 329 1050 Πόντῳ,
358 994 534 1037 ἐπέθετο
563 995 815 1048 τυραννίδι·
855 991 1075 1048 κρατήσας
1117 993 1163 1036 δὲ
1202 997 1278 1048 τῆς
1317 994 1521 1061 ἐπιβολῆς

136 1026 329 1120 ἐζήλωσεῖ
360 1066 440 1106 μεν
469 1067 548 1106 την
576 1052 823 1094 Διονυσίου
853 1054 934 1093 τοῦ
963 1051 1258 1103 Συρακοσίων
1293 1049 1519 1104 τυράννου

136 1105 379 1165 διαγωγήν,
420 1108 720 1176 τυραννεύσας
750 1107 796 1150 δὲ
828 1111 917 1150 τῶν
952 1105 1266 1162 Ηρακλεωτῶν
1294 1106 1520 1175 ἐπιφανῶς
1549 1115 1603 1155 30

133 1159 262 1218 ἧρξεν
279 1164 364 1235 ε’τη
395 1162 576 1208 δωδεκα.
636 1164 724 1219 ἅμα
754 1163 801 1206 δὲ
837 1163 1011 1215 τούτοις
1040 1164 1355 1233 πραττομένοις
1389 1163 1520 1232 Τιμό-

133 1226 239 1271 θεος
269 1219 293 1263 6
320 1219 566 1276 Ἀθηναίων
595 1219 843 1290 στρατηγὸς
888 1221 997 1276 ἔχων
1042 1220 1231 1277 δύναμιν
1270 1218 1448 1276 πεζικήν
1475 1235 1520 1264 τε

134 1279 205 1321 ’καὶ
233 1293 444 1336 ναυτικήν
477 1276 688 1346 Τορώνην
719 1293 784 1332 με.
772 1293 798 1319 ν
836 1277 909 1319 καὶ
942 1279 1186 1320 Ποτίδαιαν
1221 1277 1522 1334 πολιορκήσας

135 1331 241 1387 εἷλε,
274 1337 536 1407 Κυζικηνοῖς
566 1334 612 1377 δὲ
641 1332 1037 1387 πολιορκουμένοις
1069 1333 1301 1406 ἐβοήθησε

251 1394 341 1434 Τοῦ
382 1390 424 1434 δ’
473 1391 598 1442 ἔτους
641 1390 803 1434 τούτου
844 1389 1157 1460 διεληλυθότος
1193 1390 1404 1460 Ἀθήνησι
1443 1407 1573 1446 μεν

136 1440 239 1515 ἦρχε
280 1449 590 1504 Χαρικλείδ3ς,
630 1447 678 1490 ἐν
720 1445 864 1504 Ῥώμη
909 1448 949 1490 δ’
991 1446 1155 1491 ὕπατοι
1190 1446 1575 1503 κατεστάθησανῦ

137 1501 321 1554 Λεύκιος
349 1505 558 1572 Αἰμίλιος
581 1507 817 1558 ι’Ἁαμερκος
856 1521 928 1546 xre
965 1504 1150 1555 Λεύκιος
1179 1506 1360 1557 Σέξτιος
1390 1509 1522 1548 Λατε-

138 1561 246 1612 ρίας.
305 1560 372 1603 ἐπὶ
404 1561 448 1604 δε
477 1559 646 1603 τούτων
672 1559 874 1629 Ἀρκάδες
916 1577 1019 1615 μετα
1054 1564 1255 1604 Πισαίων
1283 1578 1410 1617 κοινῃ
1451 1577 1521 1605 τε-

137 1614 335 1668 θευκότες
362 1615 562 1671 ὑπηρχον
591 1616 671 1659 τὸν
711 1616 861 1671 α’γώνα
890 1621 978 1659 τῶν
1005 1616 1276 1672 Ὀλυμπίων,
1317 1619 1391 1661 καὶ
1422 1617 1522 1662 ἐκυ-
1553 1620 1607 1660 40

1549 1373 1606 1412 82

1551 1428 1606 1470 35

79 1703 83 1711 -
137 1675 287 1727 ρίευον
315 1677 396 1716 τοῦ
425 1675 548 1742 ἱεροῦ
577 1689 649 1716 και
680 1690 769 1716 των
798 1673 844 1716 ’ἐν
881 1672 1001 1743 αὐτῷ
1038 1690 1285 1729 χρήματων.
1337 1678 1427 1718 τῶν
1473 1675 1520 1718 δὲ

136 1728 402 1774 Μαντινέων
427 1727 484 1772 οἷν
487 1729 765 1800 αλαβόντων·
774 1745 834 1780 εις
859 1731 963 1780 τοὺς
973 1719 1134 1782 ἰδίους
1164 1734 1289 1786 βίους
1318 1730 1402 1774 οὐκ
1434 1729 1522 1774 ὀλί-

136 1803 193 1843 γα
221 1790 310 1830 τῶν
339 1784 656 1857 ἀναθηματων,
701 1786 912 1829 ε’σπευδον
943 1788 987 1829 οἱ
1014 1787 1405 1859 παρανομήσαντες
1435 1790 1524 1831 δια-

135 1843 329 1913 κατέχειν
355 1841 435 1886 τὸν
464 1843 575 1896 πρὸς
599 1842 796 1893 Ἠλείους
834 1841 1047 1898 πόλεμον,
1090 1846 1164 1887 ι’να
1202 1844 1260 1914 μή
1304 1847 1441 1888 δωσιν
1476 1845 1524 1888 ἐν

138 1899 290 1956 εἰρήνῃ
320 1897 460 1955 λόγον
482 1904 570 1943 τῶν
601 1898 933 1943 ἀναλωθέντων.
991 1905 1081 1943 τῶν
1118 1901 1165 1945 δε
1196 1902 1340 1945 α’λλων
1377 1900 1522 1954 Ἀρκοὲ-
1552 1904 1606 1947 45

138 1958 230 2000 δων
259 1956 540 2026 βουλομένων
571 1956 817 2000 συνθέσθαι
845 1974 923 2011 τήν
953 1957 1181 2027 εἰρήνην,
1204 1957 1357 2002 στασιν
1385 1959 1523 2015 ἐκίνη-

139 2025 223 2056 σαν
258 2012 370 2067 πρὸς
407 2012 510 2064 τούς
547 2013 785 2068 ὁμοεθνεις.
835 2014 1086 2068 γενομένων
1125 2018 1210 2059 οὐν
1250 2018 1379 2058 δυοῖν
1416 2033 1526 2059 εται-

137 2085 270 2123 ρειων
306 2069 536 2125 συνέβαινε
574 2073 652 2126 τῆς
679 2069 758 2141 μὲν
796 2069 903 2121 τούς
937 2070 1173 2127 Τεγεάτας,
1214 2076 1291 2129 τῆς
1329 2073 1377 2116 δὲ
1419 2089 1526 2143 τὀυς

137 2130 378 2179 Μαντινεῖς
409 2126 624 2195 ἡγεῖσθαι
683 2126 752 2170 ἐπὶ
792 2127 907 2171 πολύ
947 2128 994 2171 δὲ
1022 2145 1097 2185 της
1136 2131 1355 2183 διαφορᾶς
1392 2128 1524 2184 αὐξη-

137 2185 288 2240 θείσης
314 2185 374 2236 εἰς
402 2200 484 2239 την
516 2182 587 2227 διὰ
617 2199 707 2226 των
752 2182 901 2227 ὅπλων
937 2186 1085 2238 κρίσιν
1113 2187 1410 2257 κατήντησαν·
1451 2187 1523 2229 καὶ
1554 2184 1608 2225 50

141 2244 348 2295 Τεγεᾶται
395 2240 475 2296 μὲν
524 2239 872 2297 πρεσβεύσαντες
922 2242 1035 2295 πρός
1081 2241 1307 2294 Βοιωτούς
1354 2242 1530 2286 ἔπεισαν

139 2296 311 2349 ἑαυτοῖς
338 2300 545 2355 βοηθεῖν,
583 2314 626 2341 οι
654 2298 702 2341 δὲ
731 2298 919 2342 Βοιωτοὶ
949 2299 1194 2357 στρατηγὸν
1223 2299 1530 2357 ἐπιστήσαντες

136 2419 195 2454 15.
215 2418 511 2478 πολλαπλάσιον]
544 2422 626 2457 fort.
651 2393 971 2460 πολλαπλασίονα.·
994 2436 1028 2458 v.
1057 2424 1101 2459 ad
1126 2436 1161 2469 p.
1178 2424 1259 2460 389.
1283 2424 1341 2460 62.

137 2467 195 2502 17.
218 2469 338 2508 καλῶς
354 2467 627 2513 ἀγωνισάμενος
649 2470 796 2505 inlibris
816 2476 893 2515 post
917 2469 1014 2506 οὕτω
1038 2471 1149 2514 posita
1173 2477 1234 2506 aut
1257 2477 1333 2515 post
1358 2467 1450 2507 ἄλλα
1473 2473 1530 2507 vel

138 2511 307 2548 θάνατον
335 2520 395 2550 aut
417 2521 496 2560 post
527 2515 752 2573 περιβόητον
782 2518 942 2572 ponenda
972 2522 1067 2552 sunt·
1100 2523 1179 2561 post
1204 2517 1346 2563 ἐνίκησε
1381 2520 1530 2562 ponebat

138 2554 304 2594 Reiskius
483 2562 544 2595 22.
555 2562 786 2618 ἠξιωμένου]
809 2560 1009 2608 ἠξιωμένος
1029 2564 1056 2597 Λ
1241 2564 1299 2599 24.
1324 2563 1388 2600 διὰ
1414 2577 1484 2601 om.
1511 2565 1527 2598 1

322 2606 381 2641 29.
405 2600 588 2662 διαγωγὴν
611 2615 690 2643 ante
714 2612 917 2645 Διονυσίου
945 2614 1076 2654 ponunt
1103 2609 1187 2644 Fu(

231 2649 288 2686 67.
311 2651 369 2686 30.
396 2652 552 2699 δώδεκα]
582 2656 805 2692 δυοκαίδεκα
827 2657 876 2691 Fl
1060 2657 1118 2690 31.
1143 2654 1350 2702 Ἀθηναίων
1374 2667 1446 2692 om.
1473 2656 1504 2690 F

138 2695 197 2730 37.
225 2695 377 2740 Σέξτιος
409 2711 478 2734 om.
502 2702 648 2736 AFRKR.
857 2702 916 2737 38.
949 2700 1055 2758 μετα]
1088 2714 1156 2737 non
1187 2704 1307 2737 dubito
1332 2703 1525 2737 modorum

138 2740 208 2785 μὲν
229 2742 322 2788 μετὰ
345 2745 525 2789 scripsisse
689 2747 747 2784 39.
769 2750 880 2804 κοινῇ
902 2762 935 2783 τ.
957 2745 1143 2793 νπῆρχον]
1166 2747 1335 2805 νπῆρχον
1358 2763 1389 2784 τ.
1414 2750 1526 2795 κοινῇ

139 2789 170 2822 L
352 2790 409 2824 47.
433 2793 539 2829 δυοῖν
568 2794 656 2837 FK,
690 2795 817 2831 caeteri
852 2798 953 2832 δυεῖν
1156 2796 1215 2830 49.
1250 2793 1315 2831 διοὶ
1345 2794 1413 2839 τήν
1446 2807 1521 2829 των

139 2833 263 2871 ὅπλων
286 2841 488 2874 annotatum
512 2851 554 2873 ex
577 2841 608 2874 F
799 2841 858 2877 52.
882 2838 1154 2887 ἐπιστήσαντες]
1179 2840 1470 2886 καταστήσαντες
1492 2841 1521 2874 L.
