1820 3249
494 182 1465 229 LlB.XVI.cAP.25.26.1065

114 299 225 353 πρὸς
246 300 292 344 δὲ
313 298 416 350 τούς
437 297 635 352 Λοκροὺς
656 295 865 349 συνάψας
868 294 1007 366 μάχην
1027 293 1212 352 ἀπέβαλε
1230 300 1318 340 τῶν
1339 308 1465 352 στρα-

112 361 278 400 τιωτῶν
313 358 473 409 εἴκοσι,
521 354 595 398 καὶ
622 357 710 398 τῶν
737 356 905 408 νεκρῶν
934 351 990 397 ου’
1018 353 1219 408 δυνηθεὶς
1246 358 1465 409 κρατῆσαι,
1495 357 1549 397 80

111 412 209 484 τήν
223 411 443 482 άναίρεσιν
483 409 627 455 αὐτῶν
656 408 728 454 διά
757 409 945 466 κήρυκος
972 408 1175 479 ᾐτήσατο
1233 410 1276 452 οἱ
1304 410 1350 452 δὲ
1379 413 1466 453 Λο-

114 468 214 523 κροὶ
240 467 321 537 τὴν
347 465 568 523 ἀναίρεσιν
597 465 652 510 οὐ
681 470 1014 535 συγχωροῦντες
1041 463 1297 535 ἀπόκρισιν
1301 465 1468 509 ἔδωκαν

113 525 180 569 ὅτι
206 523 327 578 παρὰ
351 528 456 567 πᾶσι
483 529 575 575 τοῖς
586 522 761 592 ’Ἐλλησι
789 522 936 574 κοινός
962 521 1098 576 νόμος
1126 521 1242 565 ἐστὶν
1271 518 1470 576 ἀτάφους

113 582 339 651 ῥίπτεσθαι
377 579 480 632 τούς
527 578 794 652 ἱεροσύλους.
854 578 877 624 ὁ
916 578 962 648 δὲ
1002 577 1246 635 Φιλόμηλος
1280 580 1472 648 χαλεπῶς

113 598 260 693 φέρων
287 635 336 680 τὸ
365 635 649 707 συμβεβηκός,
680 640 845 692 συνῆψε
874 635 1016 707 μάχην
1043 640 1135 686 τοῖς
1165 638 1370 689 Λοκροῖς,
1399 634 1472 676 καὶ
1501 636 1555 678 85

112 697 255 736 πᾶσαν
283 693 634 762 εἰςενεγκάμενος
653 694 902 762 φιλοτιμίαν
932 691 1072 735 άνεῖλέ
1100 707 1220 742 τινας
1240 694 1328 733 τῶν
1349 693 1472 733 πολε-

112 750 244 818 μίων,
294 750 367 793 καὶ
395 753 483 793 τῶν
513 748 723 819 σωμάτων
751 749 982 804 κυριεύσας
1009 746 1227 804 η’νάγκασε
1251 747 1354 797 τούς
1382 751 1473 790 Λο-

111 805 248 859 κρούς
277 803 466 878 ἀλλαγὴν
492 805 760 876 ποιήσασθαι
789 810 875 849 τῶν
901 809 1081 860 νεκρῶν.
1119 819 1309 874 κρατων
1319 802 1365 846 δὲ
1384 818 1474 845 των

111 860 353 916 ὑπαίθρων,
381 863 454 906 καὶ
482 862 647 934 πολλὴν
674 861 902 932 πορθήσας
930 865 1005 919 τῆς
1033 863 1262 915 Λοκρίδος,
1291 858 1473 929 έπανῆλ-
1502 864 1556 903 90

111 923 193 962 θεν
228 920 288 970 εἰς
314 918 546 988 Δελφούς,υ
585 918 863 991 ἐμπεπληκώς
891 917 1099 989 ὠφελείας
1125 917 1228 968 τούς
1257 914 1473 984 στρατιώ-

111 991 202 1025 τας.
258 974 373 1031 μετὰ
390 975 435 1020 δὲ
462 980 600 1019 ταῦτα
627 976 726 1030 περὶ
753 979 833 1019 τοῦ
861 974 1058 1045 πολέμου
1078 972 1345 1044 βουλόμενος
1371 970 1472 1028 χρή-

114 1036 276 1075 σασθαι
312 1035 373 1090 τῷ
401 1033 613 1088 μαντείῳ,
657 1032 759 1102 τὴν
766 1033 946 1075 Πυθίαν
972 1030 1219 1102 ἠνάγκασεν
1249 1028 1475 1085 ἀναβᾶσαν

113 1087 183 1131 ἐπὶ
211 1087 287 1131 τόν
315 1077 498 1142 τρίποδα
528 1090 683 1132 δοῦναι
710 1087 790 1132 τόν
816 1087 1022 1159 χρησμόν.
1503 1115 1560 1154 26

221 1141 336 1187 Ἐπεὶ
366 1144 412 1188 δὲ
439 1148 520 1188 τοῦ
546 1146 754 1214 τρίποδος
775 1143 1034 1216 ἐμνήσθην,
1043 1159 1126 1186 ουκ
1145 1142 1332 1198 ἄκαιρον
1350 1157 1475 1197 προς·
1504 1170 1560 1211 95

112 1203 343 1256 αναλαβεῖν
378 1199 569 1258 ἡγοῦμαι
603 1200 685 1257 τὴν
719 1202 909 1245 παλαιὰν
942 1201 1040 1255 περὶ
1069 1198 1208 1244 αὐτοῦ
1212 1201 1478 1271 noe90c6e6o-

111 1257 245 1326 μένην
281 1258 501 1327 ἱστορίαν.
543 1256 708 1327 λέγεται
745 1257 830 1313 γάρ
870 1256 918 1301 τὸ
959 1255 1148 1300 παλαιὰν
1181 1253 1305 1310 αἶγας
1332 1254 1478 1309 εὑρεῖν

112 1313 161 1357 τὸ
187 1318 414 1369 μαντεῖον·
445 1330 500 1358 ου
526 1313 652 1370 χάριν
682 1314 766 1366 αἰξὶ
793 1311 976 1383 μάλιστα
998 1311 1385 1383 χρηστηριάζονται
1410 1311 1479 1366 μέ-

112 1386 183 1425 χρι
217 1373 297 1413 τοῦ
339 1373 422 1413 νῦν
460 1371 503 1414 οἱ
539 1371 722 1426 Δελφοί.
780 1369 859 1413 τόν
894 1370 940 1414 δὲ
969 1369 1135 1438 τρόπον
1163 1372 1238 1440 τῆς
1271 1366 1480 1422 εὑρέσεως
1511 1371 1590 1411 100

112 1425 317 1493 γενέσθαι
354 1426 516 1497 φασὶ
493 1431 712 1471 τοιοῦτον.
770 1426 898 1477 ὄντος
927 1424 1142 1495 χάσματος
1172 1425 1220 1469 ἐν
1247 1423 1390 1481 τούτῳ
1420 1428 1481 1480 τῷ

114 1480 232 1540 τόπῳ
271 1487 361 1525 καθ
415 1499 469 1526 ον
499 1482 587 1526 ἐστι
623 1487 709 1526 νῦν
736 1490 817 1526 τοῦ
848 1484 970 1537 ἱεροῦ
1000 1481 1049 1526 τό
1080 1480 1371 1552 καλούμενον
1363 1468 1482 1524 α’·’δι-

115 1554 205 1590 τον,
235 1539 310 1580 καὶ
338 1538 434 1593 περὶ
465 1543 592 1582 τοῦτο
620 1539 867 1607 γενομένων
897 1541 1032 1593 αἰγῶν
1061 1537 1135 1582 διὰ
1164 1537 1214 1581 τὸ
1246 1537 1374 1594 μήπω
1410 1553 1483 1580 κα-

115 1598 354 1638 τοικεῖσθαι
373 1594 476 1646 τούς
495 1595 709 1666 Δελφσύς,
741 1593 803 1638 ἀεὶ
833 1598 893 1653 τῷ
915 1594 1098 1651 χάσματι
1119 1593 1199 1649 τήν
1216 1596 1483 1665 προςιοῦσαν

103 1651 188 1711 Ικαὶ
224 1651 556 1719 προςβλέψασαν
593 1650 708 1708 αὐτῷ
739 1655 920 1705 σκιρτᾶν
948 1655 1211 1720 θαυμαστῶς
1240 1651 1312 1694 καὶ
1341 1652 1483 1703 προίε-
1512 1648 1538 1690 5

117 1712 220 1750 σθαι
259 1708 413 1762 φωνὴν
450 1706 668 1763 διάφορον
704 1708 733 1764 ἢ
769 1707 984 1761 πρότερον
1024 1706 1168 1749 εἰώθει
1179 1706 1484 1775 φθέγγεσθαι

115 1763 194 1806 τόν
231 1763 274 1806 δ’
313 1763 624 1807 ἐπιστατοῦντα
657 1769 749 1815 ταῖς
779 1764 862 1815 αἰξὶ
890 1763 1114 1818 θαυμάσαι
1143 1761 1190 1806 τὸ
1222 1762 1486 1822 παράδοξον,

116 1820 187 1864 καὶ
216 1819 511 1874 προςελθόντα
548 1825 610 1877 τῷ
643 1820 826 1891 χάσματι
854 1821 927 1863 καὶ
954 1819 1188 1863 κατιδόντα
1226 1822 1401 1874 οἱονπερ
1430 1834 1485 1874 ην

116 1874 249 1919 ταύτό
289 1881 448 1919 παθεῖν
484 1881 578 1928 ταῖς
614 1879 744 1929 αἰξίν
800 1876 966 1927 ἐκείνας
995 1892 1039 1919 τε
1068 1874 1150 1932 γὰρ
1181 1874 1315 1930 ὅμοια
1343 1879 1486 1918 ποιεῖν
1517 1880 1568 1917 10

117 1937 208 1983 τοῖς
246 1931 581 2002 ένθουσιάζουσι
617 1933 690 1977 καὶ
727 1936 888 1977 τοῦτον
922 1933 1148 2003 προλέγειν
1185 1933 1236 1975 τὰ
1275 1931 1485 1987 μέλλοντα

114 1990 330 2045 γίνεσθαι.
388 2005 493 2044 μετα
528 1989 575 2034 δε
611 1993 746 2033 ταῦτα
781 1993 859 2058 τῆς
898 2006 1043 2046 φημης
1081 2004 1202 2043 παρα
1239 1993 1330 2039 τοῖς
1360 1988 1484 2044 ἐγχω-

116 2048 229 2115 ρίοις
256 2047 533 2102 διαδοθείσης.
559 2046 656 2100 περὶ
684 2048 764 2089 τοῦ
799 2044 973 2096 πάθους
1008 2062 1096 2088 των
1121 2045 1392 2099 προςιόντων
1423 2061 1484 2087 τω

115 2100 297 2158 χάσματι
325 2104 496 2154 πλείους
526 2101 721 2146 άπαντᾶν
739 2102 809 2146 ἐπὶ
831 2102 909 2146 τὸν
930 2101 1086 2145 τόπον·
1117 2100 1190 2145 δια
1214 2101 1259 2144 δὲ
1277 2101 1326 2144 τὸ
1347 2089 1487 2154 παρά·
1518 2101 1569 2143 15

118 2159 247 2210 δοξον
283 2157 460 2202 πάντων
496 2158 886 2230 ἀποπειρωμένων,
933 2159 1036 2209 τοὺς
1074 2155 1139 2201 άεὶ
1175 2157 1486 2227 πλησιάζοντας

118 2213 427 2269 ἐνθουσιάζειν.
488 2214 550 2259 δι’
594 2233 646 2267 ας
685 2216 823 2266 αἰτίας
861 2216 1176 2284 θαυμασθῆναί
1213 2230 1258 2257 τε
1294 2213 1343 2258 τὰ
1382 2231 1486 2270 μαν-

119 2276 235 2314 τεῖον
261 2272 336 2315 καὶ
352 2275 626 2342 νομισθῆναι
654 2275 729 2327 τῆς
753 2275 842 2327 Γῆς
869 2276 982 2315 εἰναι
1011 2270 1060 2314 τό
1094 2270 1369 2339 χρηστήριον.
1413 2271 1488 2313 καὶ

119 2325 281 2383 χρόνον
312 2326 390 2396 μέν
417 2344 515 2371 τινα
542 2327 646 2379 τούς
668 2328 967 2396 βουλομένους
983 2326 1269 2397 μαντεύεσθαι
1287 2326 1488 2381 προςιόν-

119 2400 196 2435 τας
224 2387 285 2443 τῷ
315 2383 498 2440 χάσματι
525 2389 748 2428 ποιεῖσθαι
776 2383 852 2434 τοὶς
881 2385 1100 2453 μαντείας
1112 2382 1334 2454 ἀλλήλοις·
1382 2383 1486 2436 μετά
1517 2393 1571 2432 20

123 2440 169 2483 δὲ
205 2444 342 2484 ταῦτα
377 2445 551 2485 πολλῶν
589 2440 927 2496 καθαλλομένων
967 2441 1026 2491 εἰς
1055 2438 1105 2484 τὸ
1138 2439 1280 2496 χάσμα
1312 2438 1384 2483 διά
1413 2439 1493 2483 τόν

99 2608 105 2617 .
212 2583 378 2620 1⁰1.so.
425 2584 632 2631 ἀναίρεσιν]
671 2586 809 2630 αιρεσιν
833 2586 915 2621 Bas.
1095 2585 1153 2621 93
1200 2585 1378 2631 Πυθίαν]
1414 2587 1491 2622 Πν-

122 2628 233 2666 θέϊὶ
381 2631 417 2664 4
465 2632 544 2677 αἐὶ]
578 2632 650 2669 αἰεὶ
672 2633 735 2666 ΡΙ
759 2631 1193 2675 Sch01.Aristopln.P1uti
1220 2644 1254 2666 v·
1277 2633 1311 2666 9.

122 2673 417 2722 τῶχάσματιτήν
433 2679 656 2722 προςιοῦσαν
669 2677 821 2712 FLBas.
833 2678 950 2712 schol.
968 2675 1489 2722 Aristorh.‚caeteritr}v21:909-

125 2723 257 2757 ιοῦσαν
280 2724 331 2756 τῶ
355 2722 513 2768 χάσματι
650 2724 706 2758 11.
735 2724 790 2768 γίγ
773 2726 921 2767 γνεσθαι
946 2723 1025 2757 lib:
1017 2735 1027 2755 ι
1163 2723 1219 2758 13.
1243 2723 1488 2778 προςιόντων]

124 2766 332 2811 προιόντων
365 2769 393 2803 L
573 2769 630 2804 15.
677 2767 846 2814 πάντων]
890 2769 964 2803 τῶν
998 2769 1090 2812 1010
1114 2767 1491 2812 13³³.thss

124 2815 191 2849 τοῦ
215 2815 244 2846 F
427 2815 483 2851 16.
530 2816 824 2861 θαυμασθῆναί]
850 2815 1170 2859 θαυμαστωθῆναί
1197 2815 1229 2860 Q
