1820 3249
281 131 393 173 12⁰4
640 128 755 170 LlB.
786 128 912 172 XVII.
972 129 1098 171 GAP.
1126 133 1194 173 70.
1223 131 1291 172 Ἡ.

281 240 365 285 οὐκ
395 239 540 296 ὀλίγος
570 241 616 284 δὲ
643 241 804 296 χρυσὸς
835 240 1106 296 διηρπάζετο,
1135 241 1293 285 πολλαὶ
1319 240 1457 284 δὲκαὶ
1477 242 1655 282 πολυτεἸ

282 303 370 349 λεῖς
409 298 608 353 ἐσθῆτες,
652 299 697 340 αἱ
734 297 810 352 μὲν
839 301 1092 349 θαλαττίαις
1121 298 1372 354 πορφύραις
1403 299 1447 340 αἱ
1478 296 1522 339 68
1551 313 1657 351 χρυ-

200 356 255 400 95
288 360 381 406 σοῖς
410 354 687 423 ἐννφάσμασι
715 356 1063 410 πεποικιλμέναι,
1093 361 1185 406 τοῖς
1215 358 1456 422 κρατοῦσιν
1490 354 1658 395 ἔπαθλα

279 413 557 457 καθίσταντο.
615 427 667 453 τα
706 412 751 454 δὲ
789 412 953 466 μεγάλα
990 413 1063 455 καὶ
1092 412 1201 455 κατὰ
1230 416 1375 455 πᾶσαν
1405 409 1488 465 τήν
1516 411 1659 452 οἰκου-

281 468 424 538 μένην
445 465 683 522 περιβόητα
713 470 908 524 βασίλεια
937 468 1048 521 πρὸς
1070 469 1209 537 ὕβριν
1239 470 1311 512 καὶ
1331 470 1517 521 παντελῆ
1544 472 1659 521 φθο-

284 541 369 578 ραν
400 522 687 568 ἀπεδέδεικτο
748 527 791 567 οἱ
821 526 866 567 οὲ
898 524 1152 576 Λίακεδόνες
1182 524 1542 592 ἐνημερεύσαντες
1566 527 1660 572 ταῖς

175 590 253 629 100
284 582 501 636 ἁρπαγαῖς
530 580 610 636 τὴν
640 580 860 636 ἄπληστον
888 586 967 624 τοῦ
997 583 1195 633 πλείονος
1213 582 1450 636 έπιθυιιιάν
1468 578 1549 622 οὐκ
1569 577 1660 622 ἐδύ-

281 655 415 682 ναντο
446 642 682 705 πληρῶσαι.
740 637 931 692 τοσαύτη
957 637 1041 706 γαρ
1073 641 1131 707 ἠν
1157 656 1230 693 της
1263 639 1513 689 πλεονεξίας
1533 634 1661 689 ὑπερ·
1671 642 1739 677 2ιὸ

283 694 391 751 βολὴ
423 711 533 738 κατα
564 711 640 744 τας
669 693 838 736 τούτων
868 693 1064 749 αρπαγάς
1097 694 1199 745 ὤςτε
1229 697 1302 738 καὶ
1321 695 1431 748 πρὸς
1453 691 1664 748 ἀλλήλους

285 751 596 820 διαμάχεσθαι,
650 751 723 792 καὶ
762 751 953 801 πολλους
992 751 1069 805 μὲν
1100 751 1297 805 αναιρεῖν
1326 756 1414 794 τῶν
1441 750 1493 793 τοὶ
1523 749 1666 792 πολλοὶ

231 813 255 855 5
287 813 360 864 τῆς
391 807 587 863 ἁρπαγῆς
625 807 969 876 ἐξιδιοποιουμέν
973 822 1060 850 ων’
1111 809 1223 858 τιιὲς
1262 808 1311 853 δὲ
1346 825 1399 850 τα
1435 805 1665 850 πολυτελέ-

287 877 420 908 στατα
463 868 550 906 τῶν
594 861 916 917 εὑρισκομένων
953 869 1044 914 τοῖς
1084 865 1224 918 ξίφεσι
1256 863 1562 913 διακόπτοντες
1591 863 1667 912 τὰς

287 923 401 971 ἰδίας
440 919 704 974 ἀπεκόμιζον
742 922 939 975 μερίδας·
979 921 1088 964 ε’νιοι
1120 922 1165 965 ὁὲ
1194 938 1270 971 τας
1299 925 1388 963 τῶν
1418 917 1668 974 ἐπιβαλλόν-
1716 954 1721 959 „

285 995 374 1048 των
415 983 507 1028 τοῖς
548 976 971 1032 αμφιςβητουμένοις
1008 983 1151 1033 χεῖρας
1187 976 1431 1021 απέκοπτον
1448 987 1669 1046 ,συνεκφε-

288 1034 467 1088 ρόμενοι
501 1038 593 1083 τοῖς
628 1038 802 1087 θυμοῖς.
860 1034 938 1084 τοὶς
968 1034 1013 1077 δὲ
1043 1039 1255 1089 γυναῖκας
1285 1049 1367 1077 συν
1401 1031 1549 1084 αὐτοῖς
1577 1036 1670 1082 τοῖς

203 1098 255 1137 10
285 1090 467 1146 κόσμοις
493 1090 606 1144 πρός
636 1091 752 1148 βίαν
767 1089 961 1159 ἀπῆγον,
1014 1108 1094 1147 την
1125 1092 1418 1147 αἰχμαλωσίαν
1448 1093 1670 1144 δουλαγω-

284 1152 478 1218 γοῦντες.
536 1146 564 1202 ἡ
596 1147 674 1201 μὲν
697 1150 780 1190 ουν
803 1145 1070 1200 Περσέπολις
1092 1148 1182 1204 ὅσῳ
1210 1152 1296 1190 τῶν
1327 1148 1471 1190 ἄλλων
1500 1145 1669 1190 πόλεων

284 1203 507 1274 υπερεῖχεν
534 1201 816 1272 εὐδαιμονίᾳ,
857 1209 1074 1248 τοσοῦτον
1103 1194 1394 1261 ὑπερεβαλετο
1423 1220 1501 1254 τας
1537 1202 1669 1253 οέλλας

201 1295 258 1334 71
287 1266 380 1312 τοῖς
409 1259 694 1332 ατυχήμασιν.

396 1318 447 1361 Ο
486 1316 532 1387 6'
567 1315 848 1370 Ἀλέξανδρος
886 1318 1127 1377 παρελθών
1159 1320 1217 1369 εἷς
1253 1317 1335 1388 τήν
1375 1315 1516 1370 ἄκραν
1545 1316 1671 1370 παρέ·

204 1352 256 1394 15
288 1378 394 1443 λαβε
422 1372 526 1423 τούς
557 1374 603 1416 ἐν
624 1372 734 1431 αὐτῃ
754 1374 1028 1428 θησαυρούς.
1077 1376 1201 1418 οὑτοι
1221 1375 1279 1425 δέ,
1313 1373 1394 1418 ἀπὸ
1418 1357 1572 1428 Ῐζύρου
1589 1376 1671 1415 τοῦ

285 1430 467 1486 πρώτου
497 1434 681 1483 Περσῶν
720 1430 1062 1485 βασιλεύσαντος
1091 1429 1212 1487 μέχρι
1247 1435 1336 1474 τῶν
1371 1429 1673 1484 υποκειμένων

287 1492 456 1543 καιρῶν
483 1485 792 1542 ἠθροισμένων
822 1504 910 1530 των
939 1487 1186 1560 προςόδων;
1217 1489 1375 1556 ἔγεμον
1401 1486 1603 1542 ἀργύρου
1628 1502 1673 1529 τε

289 1545 362 1588 καὶ
403 1547 582 1613 χρυσοῦ.
642 1543 888 1614 εὑρέθησαν
926 1562 1011 1600 γαρ
1052 1545 1099 1588 ἐν
1130 1543 1281 1595 αὐτοῖς
1313 1542 1483 1588 δώδεκα
1512 1560 1674 1599 μυρια-

204 1609 258 1648 20
290 1603 359 1652 δες
395 1600 640 1652 ταλάντων,
688 1603 749 1652 εἰς
785 1599 1003 1657 οἷργυρίου
1041 1603 1174 1656 λόγον
1211 1601 1429 1656 αγομένου
1465 1604 1546 1645 τοῦ
1575 1616 1674 1656 χρυ-

289 1660 401 1701 σίου.
461 1656 730 1727 βουλόμενος
761 1658 806 1701 δὲ
836 1662 924 1701 τῶν
941 1658 1183 1727 χρημᾴτων
1213 1657 1242 1701 ἂ
1271 1659 1350 1714 μὲν
1379 1657 1481 1713 μεθ’
1513 1657 1675 1701 ἑαυτοῦ

288 1716 481 1770 κομίζειν
526 1714 636 1768 πρὸς
681 1731 757 1765 τας
801 1715 859 1765 εἰς
900 1714 980 1757 τόν
1021 1714 1213 1785 πόλεμον
1248 1716 1413 1783 χρείας,
1465 1714 1493 1757 ἃ
1533 1712 1575 1758 δ’
1615 1713 1675 1763 εἰς

291 1775 448 1815 Σοῦσα
490 1769 761 1814 καταθέσθαι
800 1771 874 1813 καὶ
918 1771 1154 1826 φυλαττειν
1198 1772 1244 1815 ἐν
1285 1770 1422 1828 ταύτῃ
1452 1788 1503 1843 τῃ
1537 1768 1676 1820 πόλει,

293 1827 590 1898 μετεπέμψατο
622 1828 667 1870 ἐκ
699 1829 969 1882 Βαβυλωνος
998 1829 1072 1871 καὶ
1101 1830 1443 1882 Μεσοποταμίας
1474 1829 1535 1871 ε’τι
1565 1825 1644 1870 δὲ’
1628 1842 1675 1870 εκ

210 1890 264 1932 25
296 1883 489 1929 Σούσων
526 1883 723 1940 ἡμιόνων
760 1888 929 1938 πλῆθος
967 1901 1055 1928 των
1093 1885 1172 1941 μὲν
1209 1883 1474 1956 ἀχθοφόρων
1510 1900 1598 1927 των
1631 1882 1677 1926 δὲ

295 1944 532 2011 ζευγιτῶν,
544 1941 654 1994 πρὸς
685 1941 730 1984 δὲ
758 1941 934 1992 τούτοις
962 1941 1194 2012 καμήλους
1212 1940 1496 1998 ἀχθοφόρους
1523 1957 1675 1996 τριςχι-

294 2001 414 2050 λίας,
464 1997 538 2040 καὶ
575 1997 648 2040 διὰ
683 1997 856 2041 τούτων
892 1996 1033 2041 πάντα
1063 1997 1323 2052 απεκόμισεν
1353 2000 1413 2050 εἰς
1439 2014 1544 2049 τους
1556 2000 1677 2067 ’προ-

293 2055 526 2110 κριθέντας
565 2052 742 2104 τόπους.
804 2053 979 2110 σφόδρα
1016 2072 1100 2110 γαρ
1143 2054 1378 2127 οἷλλοτρίως
1419 2054 1527 2109 ε’χων
1565 2052 1676 2106 πρὸς

212 2119 266 2159 30
294 2111 399 2162 τούς
433 2111 666 2181 ἐγχωρίους
704 2109 873 2167 ἠπίστει
906 2128 950 2154 τε
993 2111 1142 2162 αὐτοῖς
1178 2112 1252 2155 καὶ
1293 2111 1372 2168 τὴν
1403 2111 1677 2182 Περσέπολιν
1720 2151 1723 2153 ,

296 2170 355 2220 εἰς
384 2167 506 2218 τέλος
535 2167 714 2212 ε’σπευδε
743 2173 1053 2224 καταφθεῖραι.
1112 2167 1197 2212 οὐκ
1230 2167 1447 2212 ἀνοίκειον
1487 2166 1531 2211 6'
1567 2172 1679 2210 ειναι

295 2226 529 2281 νομίζομεν
568 2225 667 2280 περὶ
707 2228 796 2268 τῶν
835 2225 883 2269 ἐν
921 2225 1057 2283 ταύτῃ
1094 2229 1148 2283 τῇ
1185 2225 1306 2269 πόλει
1345 2226 1577 2281 βασιλείων
1605 2222 1678 2268 δια

293 2361 351 2396 91.
399 2361 643 2405 θαλαττίαις]
669 2363 890 2405 θαλασσίαις
913 2375 1032 2398 omnes
1197 2364 1346 2407 χρυσαῖς
1369 2360 1408 2397 ἐν
1430 2359 1624 2406 ὑφάσμασι
1647 2362 1678 2395 F

350 2434 362 2445 f
389 2407 467 2441 215.
502 2407 536 2441 3.
585 2406 651 2452 μὲν
677 2421 746 2444 om.
772 2411 852 2444 Bas.
1036 2410 1070 2444 4.
1118 2409 1405 2444 πολυτελέστατα
1428 2410 1507 2449 Fu,
1551 2408 1680 2442 caeteri

295 2452 576 2498 πολυτελέστερα
760 2455 795 2489 7.
844 2453 1206 2511 ἄμφιςβητουμένοις
1230 2456 1312 2497 FL,
1345 2455 1472 2490 caeteri
1498 2452 1679 2500 οἶμφιςβη-

294 2511 405 2534 τουσι
588 2500 645 2534 10.
694 2501 970 2545 αἰχμαλωσίαν]
996 2501 1228 2546 αἰχμαλωτον
1253 2500 1366 2546 τύχην
1390 2502 1449 2535 FL
1623 2501 1679 2535 12.

295 2542 565 2602 ὑπερεβάλετο]
590 2542 856 2601 υπερεβαλλετο
881 2549 910 2582 L
937 2553 971 2582 et
993 2549 1138 2582 fortasse
1160 2549 1190 2581 F
1375 2546 1416 2582 δ’
1440 2549 1522 2581 Bas.

296 2591 354 2627 15.
406 2587 536 2635 ουτοι]
562 2591 707 2629 τούτων
729 2595 770 2633 F,
794 2607 850 2639 γρ.
876 2607 979 2630 ουτοι
1002 2605 1127 2638 margo
1317 2594 1375 2628 16.
1422 2593 1547 2638 μέχρις
1570 2593 1600 2627 F

391 2637 448 2671 18.
497 2636 623 2681 ἔγεμον
646 2651 716 2676 om.
740 2641 771 2674 F
957 2641 1095 2685 χρυσοῦ
1119 2639 1166 2681 L⁷
1192 2640 1321 2674 caeteri
1343 2642 1496 2685 χρυσίου

300 2684 356 2718 19.
404 2681 570 2727 δώδεκα]
597 2686 634 2728 ιβ
657 2686 737 2720 Bas.
923 2686 980 2721 22.
1030 2687 1167 2722 σοῦσσα
1191 2690 1226 2719 et
1251 2698 1332 2720 mox
1357 2688 1500 2722 σουσαΐν
1523 2686 1555 2719 F

301 2730 358 2764 23.
403 2728 538 2775 ταύτῃ]
566 2729 661 2777 αὐτῇ
684 2742 802 2785 qmnes
858 2727 876 2734 ‘⁴
984 2733 1041 2767 26.
1089 2732 1286 2778 τριςχιλίας
1305 2734 1400 2777 QTY
1424 2734 1505 2768 Bas.
1524 2734 1559 2766 et
1576 2730 1607 2764 F
1624 2740 1679 2764 su-

301 2788 368 2822 pra
392 2787 554 2818 versum,
578 2783 708 2812 caeten
731 2778 951 2825 τριςχιλίους
