1820 3249
298 145 410 186 1273
645 140 761 182 LIB.
788 140 935 184 XVIII.
994 142 1125 185 GAP.
1152 146 1219 186 21.
1247 146 1317 187 22.

299 253 432 297 πάλιν
449 255 722 307 θεωροῦντες
750 252 829 296 τὸν
846 252 1037 309 πόλεμον
1055 253 1309 310 αὐξόμενον,
1344 253 1668 310 μετεπέμψαντο

297 327 378 366 την
408 313 652 366 συμμαχίαν
683 310 802 366 παρὰ
823 316 911 354 τῶν
929 312 1239 368 πλησιοχώρου
1258 312 1439 367 Λιβύων
1457 313 1531 356 καὶ
1549 313 1666 366 παρά

217 372 269 413 55
299 372 388 411 τῶν
422 368 752 424 Καρχηδονίων.
811 366 1095 423 ἀθροίσαντες
1135 370 1179 413 δὲ
1209 369 1312 420 τούς
1342 369 1536 421 ἅπαντας
1564 385 1670 425 μετα

295 429 384 468 τῶν
413 428 650 468 πολιτικῶν
682 425 944 477 στρατιώτας
974 428 1251 480 τριςμυρίους
1279 427 1562 497 ἡτοιμάζοντο
1592 442 1671 469 πα*

296 481 467 536 ρατάξει
496 481 593 533 περὶ
623 484 712 524 τῶν
743 480 858 525 ὅλων
887 485 1179 538 διακριθῆναι.
1239 483 1472 554 γενομένης
1510 483 1555 526 δὲ
1592 499 1673 526 πα-

297 538 428 593 ρατάς
434 555 512 589 εως
541 554 618 593 με)
621 537 745 594 άλης,
797 537 819 582 ὁ
851 539 928 594 μὲν
962 542 1136 597 Θίβρων
1165 540 1342 595 νικησας
1369 544 1421 597 τῇ
1452 538 1567 596 μάχῃ
1596 539 1673 583 καὶ

294 595 487 646 πολλοὺς
519 594 728 638 ἀνελών
716 611 950 665 περιχαρης
979 599 1057 652 ἡν,
1091 597 1149 648 ὡς
1179 596 1336 640 αὐτίκα
1356 599 1471 653 μάλα
1498 595 1673 651 κυριεύ-

211 661 266 700 60
298 665 388 696 σων
416 657 504 695 τῶν
539 654 721 721 πλησίον
751 652 1036 696 πόλεων.οῑ
1066 654 1110 696 δὲ
1140 656 1387 722 Κυρηναῖοι
1422 657 1509 697 τῶν
1542 665 1675 707 στρακ

295 713 439 765 τηγῶν
468 708 583 752 άπάτ
587 726 674 752 των
697 707 749 751 άν
754 709 980 766 ῃρημένων
1000 710 1046 752 ἐν
1066 714 1119 767 τῇ
1139 709 1251 778 μάχῃ
1269 712 1348 754 τόν
1373 714 1524 782 Κρῆτα
1544 714 1673 753 Mvoc-

296 771 448 823 σικλῆν
478 765 580 820 μεθ’
613 765 768 834 ἑτέρων
795 768 959 809 εἴλοντο
982 767 1234 822 στρατηγόν.
1277 769 1450 839 Θίβρων
1474 765 1517 810 6'
1542 768 1672 821 ἐπαρ-

295 825 388 874 θεις
425 827 478 879 τῇ
515 824 614 878 νίκῃ
655 823 733 865 τόν
773 823 924 877 λιμένα
962 838 1050 866 των
1087 825 1354 879 Κυρηναίων
1392 823 1672 880 ἐπολιόρκησε

211 884 264 926 65
295 881 366 924 καὶ
405 897 457 936 τῃ
488 880 669 948 Κυρήνῃ
701 878 808 922 καθ’
847 879 1011 936 ἡμέραν
1045 881 1288 937 προςβολοὶς
1318 881 1516 924 ἐποιεῖτο.
1573 897 1673 936 χρο-

293 940 491 991 νίζοντος
523 935 567 978 δὲ
597 939 679 979 τοῦ
701 936 892 990 πολέιιου
915 941 1162 994 Κυρηναῖοι
1185 938 1265 993 μὲν
1293 939 1569 991 σπαιίζοντες
1597 940 1674 991 τῆς

293 998 461 1048 τροφῆς
477 994 733 1036 ἐστασίασαν
749 992 859 1048 πρὸς
873 993 1110 1051 ἀλλήλους·
1143 995 1497 1049 ἐπικρατούντων
1517 994 1563 1037 δὲ
1582 995 1673 1037 τῶν

299 1053 549 1106 δημοτικων
567 1051 640 1094 καὶ
666 1049 768 1101 τούς
786 1053 1076 1125 κτηματικούς
1097 1051 1410 1108 ἐκβαλλόντων,
1443 1053 1487 1095 οἱ
1500 1055 1575 1107 τῆς
1593 1066 1673 1093 πα-

296 1109 445 1160 τρίδος
474 1108 753 1164 στερηθέντες
784 1108 950 1181 ε’φυγον
980 1111 1024 1152 οἵ
1056 1109 1134 1164 μὲν
1162 1109 1273 1161 πρὸς
1298 1111 1517 1165 Θίβρωνα,
1549 1109 1592 1150 οἱ
1623 1105 1669 1151 δ’

212 1172 268 1212 70
298 1166 536 1222 Αἴγυπτον.
593 1166 717 1208 οὑτοι
738 1165 784 1207 δὲ
805 1169 1027 1216 πείσαντες
1056 1166 1133 1209 τὸν
1165 1170 1439 1221 Πτολεμαῖον
1467 1163 1672 1235 κατάγειν

298 1220 474 1272 αὐτούς,
504 1223 614 1276 ἡκον
642 1221 821 1275 ἄγοντες
843 1222 1030 1277 δύναμιν
1060 1220 1290 1281 άξιόλογρν
1318 1221 1495 1277 πεζικήν
1523 1229 1566 1264 τε
1597 1220 1673 1265 καὶ

294 1278 506 1334 ναυτικὴν
545 1278 618 1322 καὶ
657 1279 897 1346 στρατηγὸν
933 1264 1168 1334 Ὀφέλλαν·
1215 1282 1276 1323 ὠν
1311 1297 1391 1336 την
1424 1280 1672 1332 παρουσίαν

295 1335 561 1386 ἀκούσαντες
592 1337 636 1378 οἵ
670 1351 788 1387 παρα
820 1340 880 1404 τῷ
915 1338 1108 1391 Θίβρωνι
1136 1337 1352 1392 φυγάδες,
1397 1334 1554 1386 νυκτὸς
1585 1334 1674 1378 ἐπι-

294 1391 570 1448 χειρήσαντες
609 1392 721 1444 πρὸς
753 1391 939 1443 τούτους
969 1393 1142 1436 άπιέναι
1172 1395 1340 1450 λάθρα,
1393 1391 1672 1448 φωραθέντες

209 1450 265 1493 75
296 1449 481 1500 α’παντες
510 1448 825 1504 κατεκόπησαν.
887 1467 929 1492 οι
964 1451 1009 1493 δε
1024 1455 1113 1518 τῆς
1143 1450 1352 1506 Κυρήνης
1381 1452 1674 1518 στρατηγοῦν-

294 1523 361 1556 τες
393 1508 661 1575 δημοτικοί,
685 1506 958 1575 φοβηθέντες
986 1507 1067 1564 τὴν
1095 1512 1183 1550 τῶν
1213 1507 1428 1563 φυγάδων
1457 1506 1673 1556 κάθοδον,

293 1561 549 1606 διελύσαντο
581 1561 691 1618 πρὸς
719 1562 798 1606 τὸν
825 1566 1045 1617 Θίβρωνα,
1076 1565 1148 1607 καὶ
1181 1568 1309 1621 κοινῇ
1339 1568 1541 1616 πολειιεῖν
1563 1561 1675 1617 πρὸς

291 1620 370 1664 τόν
397 1619 610 1675 Οφέλλαν
635 1621 1023 1674 παρεσκευάζοντο.
1065 1619 1275 1694 Ὀφέλλας
1305 1621 1350 1664 δὲ
1381 1618 1675 1689 καταπολεμή-

208 1686 262 1727 80
293 1689 371 1728 σας
399 1676 476 1719 τὸν
510 1679 716 1733 Θίβρωνα
744 1678 816 1720 καὶ
848 1677 1081 1748 ζωγρήσας
1119 1678 1179 1722 ε’τι
1209 1679 1254 1721 δε
1285 1694 1373 1720 των
1403 1675 1572 1748 πόλεων
1601 1677 1676 1746 ἐγ-

291 1750 454 1788 κρατης
483 1735 737 1790 γενόμενος,
778 1734 1001 1788 παρέδωκε
1022 1735 1107 1786 τάς
1136 1752 1180 1779 τε
1208 1734 1355 1785 πόλεις
1384 1734 1456 1777 καὶ
1481 1749 1565 1791 την
1587 1731 1676 1805 χώ-

293 1807 377 1845 ραν
409 1793 662 1848 Πτολεμαίῳ
700 1793 760 1849 τῷ
791 1793 1072 1844 βασιλεῖ.οἱ
1101 1809 1179 1861 μεν
1211 1794 1293 1835 οὐν
1324 1794 1570 1847 Κυρηναῖοι
1599 1789 1675 1832 καὶ

293 1849 340 1891 αῖ
375 1852 679 1917 περιοικοῦσαι
718 1836 869 1898 πόλεις
905 1851 1066 1892 τοῦτον
1108 1848 1188 1892 τόν
1219 1847 1385 1903 τρόπον
1419 1849 1676 1918 ἀποβαλοῦ-

294 1916 367 1948 σαι
394 1920 473 1959 την
502 1905 752 1961 ελευθερίαν
783 1904 872 1949 ὑπὸ
898 1923 978 1962 την
997 1907 1302 1963 Πτολεμαϊκην
1327 1905 1553 1962 βασιλείαν
1581 1902 1674 1947 ἐτά-

319 1967 350 2005 θ
384 1973 478 2004 σαν.

208 1994 265 2092 ἓξ
293 1978 318 2018 χ
354 1979 378 2018 η
411 2019 656 2072 Περδίκκας
687 2017 732 2061 δὲ
761 2018 835 2061 καὶ
863 2017 887 2061 ὁ
909 2019 1111 2075 βασιλεύς
1141 2021 1357 2070 Φίλιππος
1385 2021 1674 2062 καταπεπολε-

295 2073 478 2130 μηκότες
512 2073 800 2129 Ἀριαράθην,
845 2077 918 2118 καὶ
949 2077 1027 2132 τὴν
1058 2077 1322 2130 σατραπείαν
1352 2075 1492 2119 αὐτοῦ
1520 2073 1751 2129 Εὐμέ-275

209 2138 263 2178 90
291 2148 358 2175 νει
387 2132 666 2186 παραδόντες,
696 2131 998 2203 ἐχωρίσθησαν
1028 2133 1075 2176 ἐκ
1103 2138 1177 2188 τῆς
1207 2134 1538 2182 Καππαδοκίας.
1597 2147 1672 2174 κα-

292 2188 582 2256 ταντήσαντες
617 2189 664 2231 δὲ
704 2192 763 2239 εἰς
806 2188 886 2243 τὴν
917 2190 1149 2246 Πισιδικὴν
1185 2190 1362 2243 ε’κριναν
1401 2187 1673 2238 ἀναστάτους

285 2250 471 2318 ποιῆσαι
502 2243 582 2289 δύο
613 2243 771 2295 πόλεις.
795 2244 890 2315 τήν
913 2263 958 2290 τε
986 2251 1074 2289 τῶν
1095 2246 1362 2300 Λαρανδέων
1382 2246 1454 2289 καὶ
1484 2246 1561 2313 τὴν
1582 2259 1671 2287 των

285 2300 533 2356 Ἰσαυρέων.
593 2304 722 2345 αύται
750 2301 833 2357 γάρ
868 2302 927 2346 ε’τι
951 2307 1106 2356 ζῶντος
1132 2301 1418 2356 ’.Αλεξάνδρου
1438 2301 1671 2369 Βάλακρον

291 2359 370 2403 τόν
408 2359 660 2414 Νικάνορος
699 2357 976 2411 ἀπέκτειναν,
1022 2359 1388 2431 ἀποδεδειγμένον
1428 2355 1672 2427 στρατηγὸν

210 2414 264 2455 95
294 2414 386 2472 ἅμα
413 2416 487 2460 καὶ
516 2416 751 2473 σατράπην.
808 2416 889 2473 τήν
920 2417 1001 2474 μὲν
1031 2433 1114 2461 ουν
1135 2420 1223 2460 τῶν
1244 2417 1513 2473 Λαρανδέων
1539 2414 1671 2459 πόλιν

292 2563 350 2598 66.
397 2562 463 2608 τῆς
485 2563 649 2608 τροφῆς]
682 2563 830 2609 τροφῆς
855 2564 939 2597 Bas.
1123 2563 1182 2598 73.
1229 2561 1363 2604 νυκτός
1385 2583 1431 2589 —-
1456 2562 1514 2597 7-1.
1540 2574 1670 2608 φωρα-

292 2609 420 2649 θέντες
453 2621 520 2643 om.
545 2611 627 2644 Bas.
810 2609 866 2644 74.
915 2607 1089 2654 τούτους]
1129 2610 1263 2646 τοῦτον
1287 2611 1430 2655 FQVW
1610 2610 1670 2645 77.

291 2655 531 2699 διελύσαντο]
559 2653 802 2692 συνελύσαντο
831 2656 908 2689 VW

382 2702 462 2737 275.
504 2703 562 2737 92.
608 2701 835 2760 Λαρανδέων
864 2702 972 2735 FVW
994 2701 1054 2736 hic
1078 2705 1232 2747 etpost,
1265 2702 1517 2758 Λαρανδαίων
1542 2699 1671 2735 caeteri

289 2748 350 2782 hic
373 2753 408 2784 et
429 2754 508 2797 post
688 2747 904 2805 Ἰσαυρέων]
935 2745 1149 2795 Ἰσαυραίων
1172 2749 1206 2784 Τ
1388 2749 1446 2784 91.
1492 2760 1570 2792 αμα
1598 2758 1669 2782 οιιι.

290 2794 375 2831 Bas.
558 2793 616 2830 95.
663 2790 734 2831 οὖν
757 2807 825 2830 οιιι.
857 2796 940 2830 Bas.
