1820 3249
285 97 395 137 1478
667 91 781 131 [AB.
815 89 902 129 x-X.
961 90 1093 131 CAP.
1123 94 1192 133 26.
1221 94 1290 134 27.

282 199 758 273 προδιερευνησάντων
780 203 868 244 τῶν
896 202 1066 271 παίδων
1095 201 1175 272 τὴν
1205 200 1382 272 ὀροφην
1409 204 1482 247 καὶ
1510 204 1563 247 τὰ
1591 210 1661 248 θε-

282 261 419 316 μέλια.
480 256 811 314 τελευτήσαντος
849 256 890 302 δ’
925 256 1064 302 αὐτοῦ
1095 258 1168 303 διὰ
1204 259 1283 314 τὴν
1324 260 1565 316 ὀχουμένην
1593 262 1662 306 ἐπὶ

284 321 366 360 τοῦ
394 317 639 370 τεθρίππου
677 316 883 371 σκηνην,
905 315 1083 366 ἕκαστος
1111 315 1388 387 ὑπελάμβανε
1417 318 1663 363 τετελέσθαι

204 374 257 413 30
287 374 366 418 τόν
396 371 603 442 χρησμόν.
660 372 735 415 καὶ.
771 373 869 443 περὶ
907 372 988 429 μὲν
1017 376 1106 416 τῶν
1143 372 1191 416 ἐν
1219 377 1279 430 τῷ
1309 373 1527 432 Βοσπόρῳ
1556 392 1664 431 πρα-

285 430 480 487 χθέντων
508 428 604 478 ἅλις
633 426 739 498 ἡμῖν
766 428 904 484 ἐχέτω

401 485 525 529 Kato?
570 484 616 528 65
643 485 722 541 τὴν
748 483 931 529 Ἰταλίαν
960 486 1003 529 οἱ
1030 488 1118 528 τῶν
1141 484 1368 541 Ῥωμαίων
1396 485 1556 531 ὕπατοι
1586 504 1663 556 με·-

285 544 338 587 τά
368 542 593 598 δυνάμεως
622 542 881 598 ἐμβαλόντες
910 543 970 592 εἰς
998 559 1078 597 την
1104 541 1334 586 Ἀπουλίαν
1363 543 1568 614 ἐνίκησαν
1587 543 1664 615 μά-

283 618 337 657 χῃ
369 601 592 654 Σαμνίτας
630 600 729 653 περὶ
767 599 816 642 τό
856 597 1131 653 καλούμενον
1164 598 1339 641 Τάλιον.
1397 617 1485 643 των
1516 598 1557 644 δ’
1590 600 1666 658 ⁹5³²

203 654 255 696 35
285 656 507 727 τηθέντων
526 655 892 726 καταλαβομένων
913 654 991 697 τόν
1021 655 1140 709 ἱερὸν
1163 654 1306 709 λόφον
1327 654 1667 726 ὀνομαζόμενον,

282 715 378 757 τότε
417 713 496 769 μὲν
534 716 609 768 τῆς
637 711 798 763 νυκτὸς
809 710 1118 782 ἐπιλαβούσης
1150 713 1193 755 οἱ
1217 711 1423 766 Ρωμαῖοι
1448 715 1559 768 πρὸς
1586 714 1666 770 τὴν

284 772 401 815 ἰδίαν
429 771 765 839 στρατοπεδείαν
795 766 1101 838 ἀπεχώρησαν·
1143 772 1196 825 τῆ
1227 767 1272 811 6'
1303 768 1518 839 ὑστεραία
1531 771 1666 817 πάλιν,

282 827 421 884 μάχης
458 825 694 881 γενομένης
732 825 886 868 πολλοὶ
925 825 1004 881 μὲν
1048 811 1341 895 ἀνῃρέθησαν
1361 832 1464 868 τῶν
1489 830 1667 883 Σαμνι..

284 889 386 936 τῶν,
413 882 675 938 αἰχμάλωτοι
704 881 746 925 6'
778 880 1034 951 ἐλήφθησαν
1061 880 1184 936 υπὲρ
1203 881 1308 946 τούς
1340 883 1568 938 διςχιλίους
1593 884 1666 926 καὶ

201 938 255 980 40
286 941 550 991 διακοσίους.
608 937 823 982 τοιούτων
862 938 909 982 65
938 937 1279 1009 προτερημάτων
1299 939 1551 1010 γενομένων
1579 946 1670 1001 τοῖς

279 996 534 1065 Ρωμαίοις,
574 993 714 1045 αδεῶς
755 994 839 1052 ἤδη
879 1012 967 1039 των
1006 995 1259 1050 ὑπαίθρων
1279 996 1518 1053 συνέβαινε
1547 1010 1668 1052 κυρι

285 1053 402 1098 εύειν
442 1054 547 1103 τοὺς
583 1051 783 1103 ὑπάτους
823 1053 898 1096 καὶ
937 1069 1014 1103 τας
1057 1051 1348 1103 ἀπειθούσας
1369 1058 1469 1097 τῶν
1497 1053 1670 1097 πόλεων

284 1114 552 1179 χειροῦσθαι.
612 1108 906 1163 Καταράκταν
941 1107 1030 1179 μὲν
1050 1111 1144 1152 οὐν
1171 1110 1243 1153 καὶ
1279 1113 1575 1182 Κεραυνιλίαν
1595 1110 1669 1154 5x-·

284 1165 650 1222 πολιορκήσαντες
689 1182 923 1222 φρουρους
960 1165 1215 1241 ἐπέθηκαν,
1242 1171 1330 1210 τῶν
1361 1165 1404 1211 δ’
1437 1165 1582 1211 ἄλλων
1603 1183 1670 1211 τι·-

200 1258 257 1297 ⁹7
285 1240 365 1276 νας
393 1223 993 1322 ἒπσαῗεςοῗτίοςηέῥγὲξον
1025 1290 1049 1321 σ
1104 1283 1148 1321 Δ
1236 1294 1257 1320 τ
1306 1295 1360 1322 ου
1398 1295 1446 1322 το
1522 1282 1564 1321 Φ
1595 1283 1619 1324 λ

202 1313 257 1355 45
287 1337 397 1390 ρέως
434 1351 514 1391 την
549 1296 785 1379 ἕὲατονς’
761 1333 900 1391 ἀρχὴν
936 1292 1672 1406 έΊνηέωαηημέαὲέλαβονυῖζοιῖτξς

288 1393 458 1449 Φάβιος
495 1391 544 1434 τὸ
578 1391 785 1446 δεύτερον
825 1392 900 1435 καὶ
938 1390 1074 1443 Γάϊος
1103 1391 1338 1446 Μάρκιος.
1385 1392 1461 1436 ἐπὶ
1486 1394 1532 1437 δὲ
1564 1393 1673 1438 του-
1687 1413 1694 1427 2

286 1467 375 1494 των
405 1453 678 1504 Πτολεμαῖος
718 1447 741 1492 6
771 1452 848 1504 τῆς
877 1446 1110 1503 Αἰγύπτου
1143 1448 1389 1517 βασιλεύων
1417 1448 1673 1505 πυθόμενος

204 1508 257 1549 50
287 1505 389 1558 τούς
428 1507 568 1556 ἰδίους
593 1505 883 1575 στρατηγους
923 1504 1270 1578 ἀποβεβληκέναι
1306 1507 1381 1556 τὰς
1420 1507 1480 1550 ἐν
1496 1509 1673 1550 Κιλικία

283 1563 453 1615 πόλεις,
493 1559 684 1613 πλεύσας
721 1578 828 1624 μετα
870 1562 1101 1633 δυνάμεως
1130 1563 1198 1606 ἐπὶ
1229 1564 1483 1619 Φασηλίδα,·
1509 1551 1673 1619 ταύτην

284 1621 364 1689 μὲν
405 1619 781 1675 ἐξεπολιόρκησεν,
821 1620 880 1670 εἰς
919 1620 966 1663 65
1004 1619 1085 1676 τὴν
1116 1621 1306 1663 Λυκίαν
1324 1623 1673 1690 παρακομισθεὶς

285 1677 468 1727 Ξάνθον
499 1676 842 1744 φρουρουμένην
863 1674 934 1719 ὑπ’
959 1675 1212 1746 Ἀντιγόνου
1231 1693 1341 1720 κατα
1368 1677 1529 1732 κράτος
1547 1675 1670 1724 εἶλεν.

287 1739 380 1778 εἰτα
417 1737 471 1804 τῇ
503 1732 666 1789 Καύνῳ
696 1732 1001 1787 προςπλεύσας
1018 1734 1119 1803 τὴν
1157 1734 1237 1789 μὲν
1274 1733 1405 1776 πόλιν
1440 1733 1671 1805 παρέλαβε,

204 1790 258 1832 55
287 1808 364 1841 τας
394 1789 437 1833 δ’
479 1777 737 1844 ἀκροπόλεις
767 1789 1112 1860 φρουρουμένας
1147 1794 1204 1860 τῇ
1229 1791 1305 1846 βία
1334 1791 1611 1846 κατισχύσας
1622 1790 1671 1834 τὸ

288 1848 367 1904 μὲν
389 1844 648 1900 Ἡράκλειον
680 1846 828 1899 ἐξεῖλε,
859 1848 907 1890 τό
939 1846 986 1890 65
1012 1846 1237 1920 Περσικὸν
1271 1847 1561 1916 παραδόντων
1586 1853 1674 1891 τῶν

290 1907 567 1959 στρατιωτῶν
606 1903 860 1958 ὑποχείριον
898 1902 1167 1959 ἐποιήσατο.
1211 1902 1319 1958 μετὰ
1348 1904 1403 1947 -δὲ
1442 1910 1580 1948 ταῦτα
1614 1909 1751 1963 555425

288 1961 368 2016 τὴν
397 1964 504 2003 Κων
533 1959 724 2010 πλεύσας
751 1960 1048 2031 μετεπέμψατο
1070 1964 1374 2015 Πτολεμαῖον)
1382 1959 1436 2011 ὃς
1466 1960 1530 2006 ω“ν
1553 1960 1674 2006 αδελ-

205 2020 260 2062 60
290 2019 450 2086 φιδοῦς
483 2013 740 2071 Ἀντιγόνου
781 2016 856 2059 καὶ
895 2016 1087 2071 δύναμιν
1126 2017 1485 2071 πεπιστευμένος,
1515 2023 1674 2072 τοῦτον

288 2074 367 2131 μὲν
394 2072 603 2124 κατέλιπε,
632 2073 741 2126 πρὸς
769 2073 816 2116 65
846 2077 1121 2128 Πτολεμαῖον
1148 2075 1466 2143 κοινοπραγίαν
1490 2069 1675 2119 ἐτίθετο.

288 2129 557 2181 πλεύσαντος
593 2107 643 2173 '6’
674 2129 722 2172 ἐκ
758 2132 834 2184 τῆς
864 2131 1081 2180 Χαλκίδος
1112 2128 1252 2172 αὐτοῦ
1281 2130 1356 2172 καὶ
1385 2132 1675 2186 κομισθέντος

291 2190 350 2239 εἰς
379 2190 508 2240 Κων,
555 2185 606 2229 τὸ
645 2186 723 2242 μὲν
752 2201 932 2241 πρωτον
971 2186 996 2230 6
1037 2190 1310 2265 Πτολεμαῖος
1348 2188 1676 2273 φιλανθρώπως

290 2357 346 2391 26.
378 2354 792 2402 προδιερευνησάντων]
824 2355 1246 2402 προδιερευνησαμένων
1280 2358 1355 2391 FW
1506 2357 1562 2392 28.
1597 2357 1672 2403 ἐπὶ]

290 2400 366 2438 ὑπὸ
394 2404 440 2438 W
583 2403 679 2469 ⁹.3o
704 2404 754 2437 τεῖ
779 2414 846 2437 om
871 2405 954 2438 Bas.
1092 2405 1150 2438 31.
1175 2403 1213 2438 οὶ
1241 2424 1277 2430 -
1303 2405 1361 2440 32.
1383 2401 1580 2438 Ἀπουλίαν
1604 2417 1673 2441 om.

291 2450 375 2483 Bas.
609 2439 837 2483 ,Ἀπουλίαν
861 2450 917 2492 Τ,
941 2449 1070 2484 caeteri
1091 2447 1246 2486 Ἰταλίαν
1415 2450 1471 2484 33.
1500 2453 1676 2493 σαυνίτας

292 2496 322 2529 F
470 2493 607 2529 Τάλιον
631 2497 696 2538 ΩΧ
721 2497 800 2529 Bas.
805 2497 959 2539 ,caeteri
978 2494 1133 2532 Ἰτάλιον
1268 2495 1326 2534 3-1ι.
1352 2496 1671 2558 καταλαβομένων]

293 2542 675 2586 καταλαμβανομένων
700 2543 781 2577 Bas.
962 2541 1018 2576 38.
1045 2543 1229 2577 σαυνιταῖν
1252 2543 1283 2576 F
1459 2543 1516 2577 42.
1536 2544 1674 2591 καταῤ-

294 2586 434 2632 &cimona
457 2589 486 2621 F
648 2587 911 2631 Κεραυνιλίαν]
928 2590 1180 2643 Κεραυναίαν
1204 2588 1287 2632 FQ,
1312 2591 1550 2633 Κερανναίαν
1575 2591 1640 2633 W

431 2632 487 2668 48.
512 2632 728 2692 βασιλεύων]
757 2631 992 2669 δυναστεύων
1016 2635 1126 2679 FQW

383 2678 462 2714 425.
509 2679 566 2714 54.
600 2678 637 2713 δ’
663 2681 693 2714 F
898 2681 955 2715 61.
978 2683 1056 2738 τῆς
1066 2692 1134 2715 om
1157 2681 1258 2718 Bas.
1408 2680 1465 2715 62.
1492 2681 1544 2722 εἰς
1570 2680 1673 2724 Κων]

294 2726 345 2767 εἰς
370 2726 504 2770 Kaxw‚
521 2727 574 2767 εἰς
597 2723 664 2771 τήν
689 2726 755 2762 Κω
777 2724 936 2769 πλεύσας
958 2727 999 2764 τὸ
1017 2739 1084 2772 μεν
1108 2729 1259 2772 πρῶτον
1279 2726 1310 2761 F
1335 2727 1452 2764 nescio
1476 2727 1534 2762 hic
1557 2727 1672 2762 6115?-
