1820 3249
0 3197 1 3217 ι

0 3219 2 3249 >

602 161 720 204 LIB.
749 161 856 202 xvi.
908 159 1041 202 CAP.
1069 164 1139 202 39.
1441 161 1550 201 1077

194 274 262 317 ἐπὶ
289 277 379 324 τοῖς
404 277 644 329 πραχθεῖσι,
673 272 744 315 καὶ
775 270 883 314 καθ’
914 270 1096 321 ἐαυτοινς
1126 268 1207 312 οὐκ
1237 267 1353 318 ὄντες
1381 267 1551 324 άξιόμα

195 347 286 386 χοι,
315 330 432 383 παρὰ
459 333 546 372 τῶν
574 326 808 384 συμμάχων
838 327 1157 382 μετεπέμψαντο
1187 325 1407 392 βοηθειαν.
1461 325 1551 379 Ἀρ-
1581 326 1634 369 85

194 391 302 452 γεῖοι
341 385 420 453 μὲν
459 388 543 429 οὐν
579 386 650 429 καὶ
686 383 927 427 ὲικυώνιοι
962 384 1033 426 καὶ
1063 379 1304 452 Μεσσήιιοι
1342 381 1556 435 πανδημεὶ

195 442 303 485 κατὰ
340 441 467 497 τάχος
505 441 777 497 ἐβοηθησαν,
826 444 1010 495 Θηβαῖοι
1048 437 1093 482 δ’
1124 438 1374 481 ἀπέστειλαν
1402 436 1556 489 πεζοὺς

195 499 272 553 μὲν
295 499 672 566 τετρακιςχιλιους,
710 499 851 548 ἱππεῖς
880 496 926 539 δὲ
954 497 1285 544 πεντακοσίους,
1317 492 1556 561 στρατηγὸν

194 552 494 609 ἐπιστήσαντες
525 555 799 624 Κηφισίων.α
857 556 1209 607 Μεγαλοπολῖται
1238 550 1317 604 μὲν
1345 551 1428 592 οὐν
1450 548 1554 603 μετα

194 614 282 654 τῶν
312 610 547 679 συμμάχων
569 609 950 663 ἐκστρατεύσαντες
965 607 1438 676 κατεστρατοπέδευσαν
1455 604 1554 673 περὶ
1582 607 1636 646 90

194 666 272 717 τοὶς
298 666 435 722 πηγὰς
463 670 542 710 τοῦ
567 664 769 720 Ἀλφειοῦ
798 666 1117 720 ποταμοῦ.οί
1145 663 1190 706 δὲ
1218 659 1556 731 Λακεδαιμόνιοι

195 726 451 778 τριςχιλίους
481 722 558 792 μὲν
587 722 744 776 πεζους
772 721 888 775 παρὰ
910 720 1100 765 Φωκέων
1128 718 1462 774 προςελάβοντο,
1493 719 1554 760 ἴπ-

195 785 288 830 πεῖς
319 779 365 823 δε
405 778 558 823 εκατὸν
596 781 670 823 καὶ
707 779 986 848 πεντήκοντα
1011 776 1128 830 παρά
1159 775 1449 831 Λυκόφρονος
1483 773 1556 818 καὶ

196 834 446 879 Πειθολάου
481 841 570 879 τῶν
606 835 940 878 ἐκπεπτωκότων
969 834 1016 878 ἐκ
1032 851 1118 904 της
1146 833 1192 876 ἐν
1224 836 1380 886 Φεραις
1405 845 1556 884 τυραν-

195 894 332 942 νίδος
381 892 693 948 συστησάμενοι
723 893 768 935 δὲ
799 891 986 947 δύιαμιν
1014 889 1252 959 ἀξιόμαχον
1279 899 1558 941 κατεστρατο·

195 949 408 992 πέδευσαν
442 950 540 1001 περὶ
577 950 860 992 Μαντίνειαν.
919 964 1025 1003 μετα
1065 946 1112 990 δε
1147 950 1283 989 ταῦτα
1321 945 1391 988 ἐπὶ
1429 942 1558 986 πόλιν

192 1003 372 1060 Ὀρνεας
399 1009 474 1074 τῆς
497 1005 686 1060 Ἀργείας
714 1003 1067 1060 καταντήσαντες,
1099 1003 1300 1058 ἔφθασαν
1330 1015 1473 1055 αυτην
1491 999 1559 1042 ἐκ-

196 1061 562 1132 πολιορκήσαντες
590 1061 675 1113 πρὸ
705 1066 779 1116 τῆς
798 1065 884 1104 τῶν
902 1063 1118 1114 πολειιιων
1130 1059 1388 1111 παρουσίας,
1419 1057 1558 1099 οὐσαν

192 1117 425 1189 ,σύιιμαχον
464 1123 551 1161 τῶν
593 1120 977 1172 Μεγιλοπολιτῶν.
1034 1114 1347 1167 ἐπεξελθόντων
1387 1113 1433 1156 δὲ
1471 1115 1557 1154 τῶν
1591 1119 1668 1161 100

192 1174 420 1231 Ἀργείων,
471 1174 741 1225 συνάψαντες
770 1173 910 1229 μάχην
938 1173 1142 1227 ἐνίκησαν
1170 1171 1243 1214 καὶ
1270 1171 1443 1218 πλείους
1471 1184 1559 1210 των

197 1233 434 1275 διακοσίων
470 1230 738 1274 άπε’κτεινα·.ν
797 1247 885 1274 των
931 1229 976 1273 δε
1008 1229 1211 1284 Θηβαίων
1250 1225 1557 1295 ἐπιφανέντων,

196 1288 271 1331 καὶ
298 1292 358 1344 τῷ
387 1304 464 1342 μεν
492 1287 649 1342 πλήθει
676 1289 912 1330 διπλασίων
944 1285 1105 1338 ὄντων,
1147 1289 1241 1334 ταῖς
1274 1281 1316 1326 δ’
1347 1280 1560 1331 εὐταξίαις

124 1334 529 1398 11ολειπομένων,>
506 1344 689 1400 συνέστη
719 1344 829 1398 μάχη
855 1341 1064 1396 καρτερά·
1096 1341 1166 1384 καὶ
1188 1357 1262 1395 της
1278 1339 1401 1409 νίκης
1432 1335 1558 1406 άμφι-
1589 1345 1615 1386 5

202 1399 332 1452 δόξου
367 1401 621 1456 γενομένης,
675 1402 718 1443 οἷ
747 1401 823 1454 μὲν
849 1399 1026 1454 Ἀργεῖοι
1054 1397 1127 1441 καὶ
1164 1399 1207 1440 οἱ
1237 1395 1454 1452 σύμμαχοι
1481 1392 1561 1463 τὴν

201 1459 261 1508 εἰς
287 1456 363 1506 τάς
395 1458 553 1507 οἰκείας
584 1455 727 1506 πόλεις
756 1454 973 1499 ἐπάνοδον
992 1453 1264 1522 ἐποιήσαντο,
1294 1449 1562 1504 Λακεδαιμό-

166 1518 174 1524 ‘
200 1531 291 1557 νιοι
323 1511 370 1556 6'
401 1515 460 1563 εἰς
486 1512 567 1581 τήν
592 1511 820 1567 Ἀρκαδίαν
849 1511 1123 1582 ἐμβαλόντες,
1166 1509 1239 1553 καὶ
1267 1508 1396 1552 πόλιν
1419 1507 1561 1550 Ἑλισ-

202 1573 364 1613 σοῦντα
393 1585 501 1612 κατα
530 1568 687 1622 κράτος
716 1568 881 1618 ἑλόντες
911 1568 983 1611 καὶ
1014 1565 1344 1620 διαρπάσαντες,
1384 1564 1562 1617 ἐπανῆλ-

199 1631 286 1670 θον
314 1627 373 1675 εἰς
401 1642 481 1681 την
510 1624 731 1680 Σπάρτην.
790 1624 892 1680 μετὰ
922 1624 968 1667 δέ
998 1640 1095 1666 τινα
1123 1624 1284 1678 χρόνον
1314 1623 1356 1664 οἱ
1378 1623 1563 1690 Θηβαῖοι
1593 1629 1645 1667 10

201 1682 307 1739 μετά
336 1685 425 1725 τῶν
454 1681 687 1737 συμμάχων
716 1682 920 1751 ἐνίκησαν
949 1697 1053 1730 τους
1083 1681 1316 1734 πολεμίους
1345 1678 1442 1730 περὶ
1467 1676 1565 1718 Τέλ-

202 1750 397 1806 φουσαν,
427 1739 498 1781 καὶ
531 1751 636 1793 συχι
641 1754 717 1788 ους
745 1735 971 1787 ἀνελόντες
1000 1735 1246 1790 ἐζώγρησαν
1275 1729 1565 1784 Ἀνάξανδρόν

201 1811 246 1839 τε
274 1795 351 1839 τὸν
377 1794 627 1850 ἡγούμενον
655 1794 728 1837 καὶ
757 1798 842 1837 τῶν
873 1792 1015 1836 άλλων
1043 1793 1214 1841 πλείους
1240 1807 1329 1834 των
1351 1788 1568 1844 ἑξηκοντα.

203 1850 294 1924 μετ’
327 1849 476 1922 ὀλίγον
506 1852 551 1894 δὲ
586 1851 747 1921 χρόνον
785 1850 932 1900 α’λλαις
963 1849 1062 1893 δυσὶ
1091 1848 1245 1904 μάχαις
1271 1846 1565 1901 ἐπροτέρησαν

203 1908 276 1952 καὶ
305 1925 392 1964 των
421 1907 631 1951 ἐναντίων
660 1906 743 1951 οὐκ
771 1905 944 1976 ὀλίγους
971 1906 1222 1975 κατέβαλον.
1277 1903 1326 1947 τὸ
1355 1903 1401 1947 δὲ
1429 1907 1563 1945 τελευ-
1594 1903 1645 1946 15

204 1969 330 2008 ταῖον
364 1968 452 2007 τῶν
491 1965 868 2036 Λακεδαιμονίων
887 1961 1098 2018 ἀξιολόγῳ
1135 1961 1248 2018 μάχῃ
1285 1957 1569 2015 νικησάντων,

206 2024 253 2066 αἱ
291 2019 496 2076 δυνάμεις
536 2020 792 2076 ἀμφοτέρων
831 2021 892 2070 είς
921 2036 996 2070 τας
1025 2019 1183 2069 οἰκείας
1212 2017 1360 2068 πόλεις
1389 2017 1569 2086 ἐπανῆλ·

204 2084 306 2123 θον
371 2077 513 2132 ἔπειτα
549 2081 638 2120 τῶν
676 2077 1033 2131 Λακεδαιμονίων
1068 2073 1372 2143 ποιησαμένων
1409 2070 1570 2126 ἀνοχάς

205 2135 316 2188 πρὸς
343 2133 447 2184 τούς
474 2128 834 2188 Μεγαλοπολίτας
871 2133 1122 2188 ἐπανῆλθον
1158 2133 1215 2181 εἰς
1243 2129 1321 2184 τὴν
1354 2129 1571 2172 Βοιωτίαν

206 2194 250 2235 οἱ
283 2194 479 2259 Θηβαῖοι.
538 2190 757 2240 Φάλαικος
786 2190 830 2233 δε
859 2190 955 2242 περὶ
983 2189 1062 2243 τὴν
1091 2188 1307 2230 Βοιωτίαν
1335 2185 1570 2252 διατρίβων
1598 2188 1654 2226 20

208 2246 480 2301 Χαιρώνειαν
510 2245 606 2294 εἷλε,
638 2247 711 2289 καὶ
741 2250 830 2289 τῶν
862 2246 1065 2314 Θηβαίων
1088 2241 1475 2314 ἐπιβοηθησάντων
1492 2237 1570 2290 ἐξέ-

209 2315 334 2348 πεσεν
364 2303 411 2347 ἐκ
438 2307 514 2360 τῆς
542 2302 715 2354 πόλεως.
775 2302 910 2346 ἔπειθ’
941 2303 983 2344 οἱ
1012 2316 1088 2355 μεν
1119 2300 1302 2343 Βοιωτοὶ
1331 2301 1469 2352 πολλῇ
1499 2284 1571 2338 δυ-

208 2361 334 2415 νάμει
373 2359 705 2414 στρατεύσαντες
744 2361 804 2410 εἷς
839 2375 923 2427 την
954 2359 1129 2400 Φωκίδα
1159 2357 1236 2412 τὴν
1265 2356 1467 2424 πλείστην
1497 2348 1573 2395 αὖ·

209 2420 283 2473 τῆς
318 2415 569 2486 ἐπόρθησαν
605 2417 678 2459 καὶ
713 2433 790 2466 τας
819 2413 928 2458 κατὰ
957 2414 1036 2468 τὴν
1067 2413 1213 2467 χώραν
1242 2411 1408 2479 κτήσεις
1441 2407 1572 2463 ἐδήω-
1601 2412 1655 2455 25

211 2485 312 2517 σαν·
358 2472 452 2516 ε’νια
489 2473 535 2516 δε
567 2474 640 2516 καὶ
669 2476 757 2515 τῶν
787 2475 955 2527 μικρῶν
984 2468 1260 2524 πολισμάτων
1299 2465 1467 2516 ἑλόντες
1504 2466 1578 2508 καὶ

212 2527 423 2584 λαφύρων
450 2533 621 2585 πλῆθος
649 2527 948 2584 αθροίσαντες,
979 2527 1228 2582 ἐπανῆλθον
1258 2527 1317 2576 εἰς
1342 2539 1421 2579 την
1443 2525 1578 2565 Βοιω-

213 2587 323 2630 τίαν.

1586 837 1608 875 (Ο

1614 835 1639 876 01

214 2699 271 2733 88.
318 2698 598 2741 πεντακοσίους]
631 2699 793 2732 sexcentis
815 2698 944 2740 Cospue

309 2744 472 2778 112.14.
518 2741 767 2789 ἐπροτέρησαν
791 2744 890 2777 Wes
885 2742 1061 2786 dingius,
1087 2737 1349 2783 ἐπροετέρησαν
1373 2740 1454 2776 Ra-
1448 2764 1476 2780 .,
1501 2749 1576 2773 ωο-

217 2791 282 2828 [cai
305 2789 550 2836 προετέρησαν
730 2789 786 2826 26.
836 2788 895 2826 καὶ
922 2787 1124 2834 λαφύρων]
1157 2785 1336 2832 λαφύρων
1361 2788 1388 2822 h
