1820 3249
319 117 430 159 14⁰2
678 113 794 155 LlB.
823 110 930 158 xlx.
986 110 1118 152 GAP.
1147 113 1214 154 63.
1243 115 1310 154 6⁴.

315 227 535 280 ἐκυρίευσε
562 228 636 280 τῆς
664 226 765 267 τῶν
781 224 1080 295 Στυμφαλίων
1106 222 1294 274 πόλεως
1343 221 1441 275 περὶ
1469 225 1604 266 ταῦτα
1633 220 1676 266 δ’

317 285 467 329 αὐτοῦ
491 283 788 337 διατρίβοντος
825 284 911 324 τῶν
937 279 1135 335 Ἀργείων
1173 282 1217 323 οἱ
1250 278 1365 333 πρὸς
1391 277 1679 332 Κάσσανδρον

235 346 287 386 85
307 339 553 413 ἀλλοτρίως
608 339 774 393 ἔχοντες
817 336 1123 381 ἐπεκαλέσαντο
1160 338 1242 380 τὸν
1293 337 1679 404 Πολυσπέρχοντος

307 391 598 449 Ἀλέξανδρον,
626 393 984 449 ἐπαγγελλόμενοι
1013 393 1287 446 παραδώσειν
1315 393 1395 449 τὴν
1423 391 1566 436 πόλιν.
1597 397 1678 437 τοῦ

310 453 354 496 δ’
380 452 664 505 Ἀλεξάνδρου
703 451 927 507 βραδύνον
930 468 1022 520 tog?
1050 449 1363 504 Ἀπολλωνίδης
1402 449 1578 505 φθάσας
1608 467 1681 493 κα-

310 509 518 564 τήντησεν
557 511 615 559 είς
632 507 797 563 Ἄργος.
857 524 944 550 των
975 505 1016 549 δ’
1050 506 1390 561 ἐναντιουμένων
1423 506 1682 562 καταλαβων

314 568 373 616 εἰς
402 567 714 614 πεντακοσίους
743 562 1091 620 συνηδρευκότας
1123 563 1169 605 ἐν
1197 568 1257 620 τῷ
1286 564 1553 619 πρυτανείῳ,
1582 563 1682 606 τού-

229 627 284 666 90
313 640 417 673 τους
447 622 526 677 μὲν
554 621 823 671 ἀποκλείσας
838 625 911 675 τῆς
941 621 1090 670 ἐξόδου
1121 623 1279 670 ζωντας
1309 620 1564 666 κατέκαυσε,
1593 623 1682 662 τῶν

315 679 356 722 δ’
379 679 521 722 ἄλλων
550 677 652 729 τοὺς
680 694 757 732 μεν
786 680 961 727 πλείους
987 674 1295 730 ἐφυγάδευσεν,
1326 675 1499 730 ὀλίγους
1520 677 1565 719 δὲ
1586 681 1685 719 συλ-

316 735 477 790 λαβὼν
492 735 724 779 ἀπέκτεινε.
788 734 1072 784 Κάσσανδρος
1113 731 1157 774 ὁὲ
1193 730 1443 787 πυθόμενος
1472 731 1550 776 τὸν
1573 732 1685 786 Ἀρι-

317 792 540 848 στοδήμου
580 790 832 835 κατάπλουν
870 791 929 839 εἰς
969 788 1307 856 Πελοπόννησον
1346 789 1419 830 καὶ
1454 789 1503 832 τὸ
1543 800 1686 844 συνη-

231 852 287 895 95
316 849 591 917 θροισμένον
606 851 775 915 πλῆθος
802 850 891 888 τῶν
920 844 1064 895 ξένων,
1084 844 1132 886 τὸ
1162 845 1241 898 μὲν
1269 860 1444 898 πρωτον
1472 845 1685 900 ἐπεχείρη-

317 919 392 949 σεν
428 904 667 975 ἀφιστάναι
706 902 785 947 τόν
817 902 1188 955 Πολυσπέρχοντα
1227 906 1301 956 τῆς
1328 899 1578 955 Ἀντιγόνου
1610 917 1687 956 φι-

315 965 430 1012 λίας
483 960 565 1016 οὐχ
598 959 916 1009 υπακουόντων
956 957 999 1001 δ’
1030 956 1175 1000 αὐτῶν
1203 970 1462 1012 συναγαγων
1500 956 1688 1012 δύναμιν

314 1021 390 1074 ἡκε
422 1017 494 1061 διά
523 1020 598 1073 τῆς
631 1018 859 1066 Θετταλίας
896 1016 954 1065 εἷς
981 1017 1212 1057 Βοιωτίαν.
1271 1015 1463 1058 ἐνταῦθα
1492 1014 1538 1056 δὲ
1569 1026 1688 1058 συνε-

314 1074 606 1129 πιλαβόμενος
643 1078 734 1123 τοῖς
766 1073 974 1127 Θηβαίοις
1012 1076 1086 1127 τῆς
1121 1088 1209 1113 των
1247 1087 1397 1126 τειχων
1436 1072 1689 1124 οἰκοδομίας

207 1137 286 1177 100
315 1136 541 1186 παρῆλθεν
580 1132 639 1180 εἰς
670 1130 1033 1183 Πελοπόννησον·
1071 1128 1144 1170 καὶ
1180 1127 1230 1170 τό
1269 1144 1346 1181 μεν
1375 1143 1550 1181 πρωτον
1582 1130 1688 1181 Κεγ-

314 1188 441 1246 χρεάς
469 1184 809 1240 ἐκπολιορκήσας
838 1184 1000 1254 ἐδῄωσε
1027 1201 1106 1238 την
1133 1184 1279 1239 χώραν
1306 1188 1392 1226 τῶν
1416 1185 1687 1236 Κορινθίων·

316 1247 420 1299 μετὰ
451 1245 498 1288 δὲ
526 1248 663 1286 ταῦτα
684 1241 764 1286 δύο
788 1242 987 1297 φρούρια
1016 1239 1125 1283 κατὰ
1153 1241 1311 1309 κράτος
1340 1240 1450 1283 ελων
1479 1240 1580 1291 τούς
1604 1239 1686 1282 ὑπ’

312 1301 594 1355 Ἀλεξάνδρου
622 1299 972 1353 καθεσταμένους
1001 1297 1227 1351 φρουροὺς
1245 1296 1552 1347 υποσπόνδους
1582 1294 1690 1354 ἀφῆ-

314 1375 400 1402 κεν.
435 1358 528 1413 ἑξῆς
558 1357 603 1400 δὲ
631 1360 685 1413 τῇ
713 1359 802 1398 τῶν
826 1354 1115 1423 Ὀρχομενίων
1144 1352 1265 1397 πόλει
1294 1353 1537 1407 προςβολάς
1561 1369 1689 1422 ποιη-

259 1418 286 1460 5
317 1415 521 1485 σάμενος,
551 1430 623 1457 και
653 1413 967 1479 παρειςαχθεὶς
993 1408 1081 1453 ὑπὸ
1119 1426 1206 1453 των
1236 1410 1471 1464 ἀλλοτρίως
1501 1408 1689 1464 ἐχόντων

314 1473 423 1524 πρὸς
459 1469 763 1523 Ἀλέξανδρον,
809 1473 884 1523 τῆς
923 1467 1002 1522 μὲν
1045 1466 1212 1518 πόλεως
1259 1468 1461 1536 φυλακην
1499 1466 1698 1516 ἀπέλιπε,

314 1545 403 1572 των
447 1528 492 1571 δὲ
531 1528 672 1582 φίλων
713 1541 802 1568 των
834 1523 1120 1577 Ἀλεξάνδρου
1162 1523 1506 1579 καταφυγόντων
1542 1525 1601 1574 εἰς
1637 1522 1687 1566 τό

316 1602 393 1655 της
420 1583 662 1639 Ἀρτέμιδος
692 1581 835 1636 ἱερόν,
876 1582 1006 1624 ε’δωκε
1036 1579 1115 1641 τὴν
1146 1580 1346 1631 ἐξουσίαν
1374 1585 1466 1631 τοῖς
1495 1581 1692 1630 πολίταις

319 1641 346 1685 6
374 1640 629 1710 βούλοιντο
646 1641 818 1693 πρᾶξαι.
879 1640 922 1682 οἱ
950 1638 1028 1693 μὲν
1060 1642 1142 1681 οὐν
1173 1637 1440 1707 Ὀρχομένιοι
1469 1653 1574 1686 τους
1602 1636 1690 1679 ἱκέ-

237 1703 289 1743 10
318 1716 394 1749 τας
424 1699 575 1768 βιαίως
604 1695 919 1766 ἀναστήσαντες
948 1694 1142 1745 ἅπαντας
1172 1692 1348 1737 ἀνεῖλον
1375 1693 1494 1748 παρὰ
1522 1692 1574 1736 τὰ
1604 1708 1690 1736 κοι-

316 1755 373 1800 νά
402 1759 491 1799 τῶν
516 1753 666 1808 Ελλητ
670 1769 732 1796 ων
759 1751 935 1807 νόμιμα.

233 1816 289 1854 64
425 1811 474 1854 ‘O
513 1812 559 1854 δὲ
597 1809 885 1861 Κάσσανδρος
912 1807 1156 1861 παρελθών
1203 1808 1262 1857 εἷς
1303 1806 1381 1862 τὴν
1419 1806 1689 1874 Μεσσηνίαν,

318 1869 391 1912 καὶ
419 1866 675 1937 καταλαβων
706 1864 1068 1934 φρουρουμένην
1082 1863 1169 1907 υπὸ
1200 1862 1584 1930 Πολυσπέρχοντος
1607 1860 1691 1930 τὴν

237 1924 289 1967 15
319 1925 468 1977 πόλιν,
498 1924 548 1968 τὸ
579 1941 657 1979 μεν
685 1927 932 1976 πολιορκεῖν
963 1921 1101 1975 αὐτὴν
1131 1921 1199 1964 ἐπὶ
1228 1924 1308 1963 τοῦ
1344 1917 1562 1974 παρόντος
1590 1916 1690 1960 ἀπέ-

317 1998 426 2038 γνω
459 1980 691 2035 παρελθών
732 1978 774 2023 δ’
808 1981 866 2029 εἰς
892 1977 1125 2030 Ἀρκαδίαν
1154 1981 1299 2031 Δᾶμιν
1327 1993 1405 2044 μεν
1434 1974 1690 2047 ἐπιμελητην

317 2042 393 2093 τῆς
428 2037 593 2088 πόλεως
630 2035 852 2086 ἀπέλιπεν,
893 2034 1026 2084 αὐτὸς
1065 2034 1111 2076 ὁε
1140 2033 1369 2086 παρελθων
1408 2034 1468 2083 εἰς
1497 2047 1576 2086 την
1600 2030 1690 2084 Ἀ-ρ

317 2098 439 2151 γείαν
476 2095 549 2138 καὶ
578 2094 671 2144 θεὶς
700 2093 776 2135 τὸν
804 2094 891 2134 τῶν
927 2089 1109 2146 Νεμέων
1141 2088 1310 2159 ἀγῶνα
1326 2087 1407 2144 τήν
1445 2089 1505 2137 εἰς
1534 2090 1689 2129 Μακε-

319 2153 473 2195 δονίαν
512 2149 730 2194 ἐπάνοδον
767 2146 1009 2203 ἐποιήσατο.
1070 2145 1233 2190 τούτου
1272 2145 1317 2189 δε
1344 2144 1633 2214 χωρισθέντος
1664 2141 1687 2186 ὁ

234 2212 288 2251 20
314 2208 593 2261 Ἀλέξανδρος
622 2205 757 2250 ἐπιων
777 2205 853 2255 τάς
876 2205 929 2251 ἐν,
942 2202 1260 2273 Πελοποννήσῳ
1289 2203 1431 2251 πόλεις
1459 2198 1552 2254 μετ’
1579 2199 1689 2253 Ἀρι-

321 2264 542 2318 στοδήμου
568 2265 642 2314 τὰς
671 2279 749 2318 μεν
768 2261 854 2305 υπὸ
885 2260 1176 2313 Κασσάνδρου
1205 2259 1525 2313 καθεσταμένας
1554 2273 1691 2311 φρου-

321 2339 398 2374 ρας
429 2321 626 2375 ἐκβαλεῖν
656 2320 867 2372 ἐπειρᾶτο,
887 2324 981 2370 ταῖς
1011 2318 1056 2361 δὲ
1085 2316 1259 2361 πόλεσιν
1289 2314 1589 2358 ἀποκαθιστᾶν
1608 2312 1689 2368 τήν

317 2378 581 2434 ἐλευθερίαν.
650 2375 678 2420 ἃ
727 2375 780 2434 δὴ
834 2376 1088 2432 πυθόμενος
1132 2372 1155 2417 ὁ
1194 2372 1481 2427 Κάσσανδρος
1530 2370 1687 2426 ε’πεμψε

410 2569 490 2604 367
524 2570 605 2604 100.
646 2568 848 2624 Κεγχρεάς]
872 2536 1019 2613 κζχρέας
1042 2568 1089 2601 F:
1122 2567 1172 2600 sic
1195 2570 1274 2611 etp
1280 2565 1390 2601 .368.
1415 2564 1471 2600 34.
1497 2575 1577 2597 cum
1600 2563 1683 2597 Bas.

503 2615 537 2651 2.
585 2614 740 2661 κράτος]
764 2614 873 2660 τάχος
897 2616 926 2648 F
1104 2613 1138 2647 9.
1186 2612 1327 2659 ἱκέτας]
1365 2611 1505 2652 οἰκέτας
1527 2610 1608 2644 Bas.

321 2661 380 2697 1⁰.
426 2662 555 2706 βιαιως
590 2673 628 2696 οε
623 2663 754 2697 tet-isco
786 2661 917 2696 notavit
947 2661 1144 2704 Stephanus
1334 2659 1391 2693 12.
1435 2668 1525 2713 μεση
1505 2657 1612 2700 ηνίαν
1643 2654 1683 2694 F.

323 2712 361 2742 ut
383 2709 471 2744 uolet
624 2709 680 2742 14.
726 2707 794 2753 τήν
818 2702 942 2751 πόλιν]
966 2707 1060 2740 deest
1082 2717 1204 2739 nomeu
1362 2704 1417 2740 19.
1467 2700 1489 2739 ὁ
1513 2714 1583 2737 om.
1605 2701 1687 2735 Bas.

503 2753 560 2788 21
607 2752 903 2799 καθεσταμένας]
931 2749 1202 2797 καθισταμένας
1224 2752 1254 2785 F
