1820 3249
289 139 399 180 1368
640 137 758 180 LIB.
788 136 903 180 XIX.
963 140 1092 181 GAP.
1123 143 1190 183 30.
1219 143 1287 183 31.

289 264 341 319 τη
378 251 468 291 τῶν
494 248 713 304 πολεμίων
750 248 888 303 τάξει,
919 249 1174 302 διιππεύσας
1212 250 1332 307 μέρει
1371 254 1460 294 τῶν
1488 251 1652 295 ἷππέων

291 304 490 360 ἐνέβαλεν
519 308 579 356 εἰς
606 305 816 360 πλαγίους
849 306 953 357 τούς
980 308 1078 361 περὶ
1105 323 1184 350 τον
1212 308 1424 361 Εὔδαμον
1453 309 1653 363 τεταγμέ-

289 377 397 412 νους
426 362 494 405 ἐπὶ
527 365 607 405 τοῦ
636 365 763 406 λαιοῦ
790 363 982 435 κέρατος.
1018 381 1124 419 ταχυ
1149 364 1194 406 65
1224 364 1296 406 διά
1324 363 1373 405 τὸ
1402 364 1654 418 παράδοξον

209 429 264 469 60
292 418 558 474 τρεψάμενος
583 419 687 468 τούς
715 419 939 470 ἐναντίους
967 421 1040 463 καὶ
1076 418 1266 470 πολλοὺς
1295 418 1481 471 ἀνελών,
1513 421 1654 463 διαπέ-

291 479 426 518 στειλε
461 491 550 517 των
579 474 744 518 ἱππέων
771 492 875 541 τονς
910 474 1249 532 ἐλαφροτάτους,
1280 477 1352 519 καὶ
1383 476 1455 519 διὰ
1482 476 1653 519 τούτων

289 530 574 574 ἀνεκαλέσατο
614 533 716 582 τοὺς
754 533 1017 587 φεύγοντας,
1059 533 1132 575 καὶ
1168 531 1285 587 παρά
1323 531 1413 600 τὴν
1431 530 1653 586 ὑπώρειαν

288 586 418 629 πάλιν
447 588 506 637 εἰς
533 586 654 639 τάξιν
682 588 921 645 κατέστησε.
960 588 1032 631 καὶ
1060 588 1142 642 γάρ
1171 590 1214 631 οἱ
1241 589 1338 644 περὶ
1365 588 1444 631 τόν
1462 588 1656 644 Εὐμένη,

289 641 536 698 πυθόμενοι
565 643 642 698 τὴν
670 648 757 687 τῶν
787 646 910 688 ἰδίων
941 643 1119 714 τροπήν,
1150 643 1442 688 ἀνεκαλοῦντο
1471 661 1523 701 τῃ
1554 645 1656 688 σάλ-

209 706 263 748 65
292 715 413 755 πιγγι
450 701 554 750 τοὺς
592 678 854 751 διώκοντας,
897 699 1154 751 σπεύδοντες
1183 703 1401 768 βοηθῆσαι
1436 707 1527 751 τοῖς
1555 702 1654 754 περὶ

207 765 260 804 31
291 756 369 798 τὸν
408 755 629 826 Εὔδαμον.
696 758 797 825 η’δη
819 756 864 799 65
902 761 978 811 τῆς
1020 756 1155 823 ω’ρας
1180 755 1312 811 οὔσης
1349 757 1446 812 περὶ
1484 756 1656 813 λύχνων

292 810 410 866 ἁφὰς
441 811 682 883 ἀμφότεροι
723 812 827 862 τοὺς
855 813 1099 881 φεύγοντας
1126 809 1494 881 ἀνακαλεσάμενοι
1523 815 1655 857 πάλιν

289 872 435 911 πᾶσαν
477 868 695 920 ἐξέταττον
733 869 814 923 τήν
854 867 1055 922 δύναμιν.
1119 867 1334 937 τοσαύτης
1381 873 1656 941 φιλονεικίας

206 930 260 969 70
288 924 487 993 νπῇρχον
526 923 704 993 πλήρεις
740 924 820 980 οὐχ
857 926 902 968 οἱ
938 925 1169 980 στρατηγοὶ
1197 923 1341 994 μόνον
1366 924 1473 968 ἀλλά
1502 926 1572 968 καὶ
1603 927 1656 969 τὰ

286 982 431 1036 πληθη
466 985 555 1023 τῶν
593 980 936 1036 ἀγωνιζομένων.
1007 985 1084 1037 τῆς
1126 981 1173 1025 65
1210 979 1369 1031 νυκτὸς
1409 982 1543 1051 οὔσης
1591 985 1655 1025 αἰ-

285 1039 421 1091 θρίου
456 1036 530 1080 καὶ
567 1038 863 1092 πανσεληνου,
901 1037 977 1081 καὶ
1017 1042 1107 1081 τῶν
1142 1035 1372 1092 δυνάμεων
1422 1038 1654 1092 ἀντιπαρα-

284 1096 460 1148 γουσων
490 1091 692 1149 ἀλλήλαις
721 1095 780 1145 ὠς
810 1093 866 1137 ἂν
894 1094 942 1137 ἐν
969 1093 1164 1148 τέτταρσι
1191 1096 1419 1147 πλέθροις,
1454 1094 1478 1138 ὁ
1508 1095 1655 1149 ψόφος

286 1166 376 1192 των
406 1149 554 1192 ὅπλων
583 1150 656 1192 καὶ
693 1167 782 1192 των
811 1152 957 1193 ἵππων
985 1149 1009 1193 ὁ
1040 1149 1295 1219 φρυαγμὸς
1307 1151 1353 1193 έν
1381 1152 1527 1205 χερσὶν
1556 1151 1655 1196 566-

205 1208 259 1251 75
288 1222 354 1249 κει
384 1210 518 1249 πᾶσιν
555 1205 667 1249 εἶναι
702 1212 793 1256 τοῖς
831 1205 1219 1273 ἀντιτεταγμένοις·
1262 1223 1322 1256 ως
1354 1207 1401 1249 65
1435 1207 1654 1277 παράγον-

285 1279 353 1313 τες
381 1260 568 1318 ἀπέσχον
598 1261 684 1306 ἀπὸ
720 1267 809 1306 τῶν
839 1264 885 1306 έν
913 1266 967 1332 τῇ
993 1261 1106 1319 μάχη
1135 1262 1422 1306 πεπτωκότων
1450 1280 1509 1314 ως
1536 1265 1654 1318 τριά-

285 1335 422 1362 κοντα
451 1320 675 1369 σταδίους,
717 1318 743 1374 ἡ
784 1319 863 1389 μὲν
900 1319 994 1372 ὥρα
1031 1317 1328 1388 κατελάμβανε
1357 1318 1653 1374 μεσονύκτιος,

285 1379 430 1425 κακῶς
468 1375 514 1419 65
552 1374 757 1419 διέκειντο
798 1373 1040 1445 ἀμφότεροι
1081 1374 1153 1418 διά
1192 1391 1236 1418 τε
1273 1375 1354 1431 τὴν
1386 1375 1653 1449 ὁδοιπορίαν

286 1448 359 1475 και
387 1430 468 1500 τήν
506 1431 553 1474 έν·
578 1435 645 1499 τῇ
674 1430 786 1488 μάχη
815 1431 1142 1483 κακοπάθειαν,
1181 1431 1243 1475 ἔτι
1272 1432 1317 1475 65
1345 1448 1425 1488 την
1456 1431 1651 1476 ἀσιτίαν·

204 1490 259 1530 80
289 1487 392 1538 ω’ςτε
420 1484 762 1557 ἠναγκάσθησαν
792 1487 1013 1559 ἀφέμενοι
1033 1492 1110 1544 τῆς
1144 1487 1283 1557 μάχης
1311 1500 1654 1544 καταστρατοπε-

288 1547 452 1588 δεῦσαι.
516 1541 719 1599 Εὐμένης
759 1544 837 1599 μὲν
875 1547 958 1588 οῦν
997 1544 1203 1601 ἐπεχείρει
1242 1534 1545 1600 ἀναζευγνύειν
1582 1546 1652 1589 ἐπὶ

287 1604 376 1643 τῶν
407 1604 590 1671 νεκρῶν,
632 1600 830 1644 σπεύδων
864 1606 1039 1655 κρατεῖν
1077 1605 1152 1658 τῆς
1192 1601 1362 1644 τούτων
1392 1601 1652 1673 ἀναιρέσεως

288 1658 362 1700 καὶ
409 1672 489 1726 την
541 1659 668 1712 νίκην
718 1656 1097 1714 ἀναμφιςβήτητον
1143 1657 1523 1731 περιποιησασθαι.
1596 1657 1651 1702 οὗ

288 1712 585 1782 προςεχόντων
616 1714 661 1756 65
689 1718 777 1757 τῶν
807 1718 1092 1767 στρατιωτῶν,
1113 1713 1221 1757 ἀλλὰ
1250 1713 1458 1784 βοώντων
1489 1715 1556 1758 ἐπὶ
1573 1716 1652 1785 τὴν

205 1769 259 1812 85
289 1772 405 1813 ἰδίαν
438 1769 685 1826 ἀποσκευην
715 1769 955 1826 ἀναχωρεῖν
982 1770 1155 1841 μακράν
1169 1769 1441 1840 ἀπέχουσαν,
1468 1770 1653 1841 ἠναγκά-

288 1832 373 1882 σθη
403 1831 634 1894 πεισθῆναι
672 1831 734 1886 τῷ
761 1827 929 1883 πλήθει.
987 1826 1088 1870 οὔτε
1123 1825 1207 1882 γάρ
1247 1833 1339 1878 τοῖς
1375 1828 1728 1882 στρατιώταις342

288 1882 479 1926 δυνατὸν
518 1887 574 1938 ην
615 1899 779 1938 πικρως
818 1884 1017 1939 έπιτιμάν
1042 1882 1441 1953 ἀμφιςβητούντων
1478 1889 1653 1928 πολλῶν

286 1943 362 1995 τῆς
391 1941 664 1994 στρατηγίας,
696 1940 797 1983 οὔτε
826 1941 902 1983 τὸν
930 1939 1085 1992 καιρὸν
1114 1941 1366 2010 ἐπιτήδειον
1382 1940 1496 1995 έωρα
1527 1940 1652 1985 κολά-

203 1995 258 2037 90
290 2000 376 2048 ζειν
404 1995 507 2045 τοὺς
531 1995 832 2045 ἀπειθοῦντας.
891 1994 914 2039 6
945 1995 997 2041 δ’
1017 1995 1260 2064 Ἀντίγονος
1288 1996 1549 2041 τούναντίον
1574 2015 1650 2053 χω-

285 2053 350 2106 ρὶς
380 2054 653 2107 δημαγωγίας
694 2055 876 2108 βεβαίως
905 2052 1014 2106 ἔχων
1050 2070 1130 2108 την
1159 2051 1417 2108 ἡγεμονίαν,
1447 2054 1647 2121 ἐβιάσατο

285 2108 363 2164 μὲν
392 2109 441 2150 τὸ
471 2113 639 2176 πληθος
668 2108 736 2152 ἐπὶ
763 2112 850 2151 τῶν
877 2124 1045 2162 νεκρων
1073 2112 1463 2163 στρατοπεδεῦσαι,
1495 2109 1649 2165 κύριος

285 2165 331 2208 65
391 2163 623 2232 γενόμενος
678 2169 754 2219 τῆς
817 2164 984 2208 τούτων
1045 2169 1187 2221 ταφῆς
1244 2164 1500 2234 ήμφιςβήτει
1571 2172 1649 2223 τῆς

285 2222 432 2276 νίκης,
482 2219 836 2276 ἀποφαινόμενος
881 2227 1118 2292 προτερεῖνΙ
1157 2223 1203 2265 ἐν
1259 2227 1352 2273 ταῖς
1399 2221 1553 2278 μάχαις
1598 2224 1648 2267 τὸ

203 2277 257 2320 95
286 2281 374 2320 τῶν
409 2277 630 2321 πεσόντων
669 2282 908 2332 κυριεῦσαι.
972 2277 1248 2348 ἀνῃρέθησαν
1286 2277 1326 2321 δ’
1364 2279 1410 2321 έν
1447 2284 1499 2349 τι]
1535 2278 1648 2336 μάχῃ

286 2337 375 2377 τῶν
412 2334 491 2390 μὲν
528 2333 777 2390 Ἀντιγόνου
815 2335 935 2388 πεζοὶ
974 2335 1052 2391 μὲν
1089 2336 1148 2386 εἰς
1185 2337 1440 2391 τριςχιλίους
1471 2336 1648 2380 ἑπτακο-

283 2490 306 2524 Γ
308 2491 339 2524 4
380 2489 628 2548 σπεύδοντες]
653 2490 877 2531 σπεύδοντας
899 2491 958 2525 Fv
1093 2491 1151 2526 67.
1196 2493 1317 2528 πᾶσαν
1341 2492 1369 2530 ε’.
1395 2494 1486 2527 FTV
1489 2493 1545 2538 W,
1570 2504 1646 2527 cae-

285 2536 348 2570 teri
373 2535 400 2573 ε’.
423 2538 543 2572 πᾶσαν
679 2539 735 2574 69.
781 2535 969 2581 ὑπῆρχον]
993 2533 1218 2583 ὑπάρχοντες
1241 2541 1270 2572 F
1405 2540 1461 2574 72.
1508 2539 1547 2574 ἐν
1571 2553 1606 2574 τε
1602 2540 1646 2573 ¹2·-

284 2594 390 2625 ταρσι
414 2583 681 2639 Wesselingius:
705 2585 787 2618 libri
813 2585 977 2632 τέτταρσι
1133 2584 1188 2618 73
1236 2585 1357 2620 ἵππων
1380 2586 1646 2630 ‘Vesselingiusz

286 2628 401 2663 libri‘
391 2628 530 2664 ιππέων
711 2631 766 2664 81.
816 2618 1011 2687 ἐπἐχείρει]
1036 2627 1299 2676 ἐπικεχείρηκεν
1325 2632 1431 2665 Fvw

376 2675 455 2711 342.
484 2675 541 2709 88.
589 2677 827 2719 στρατηγίας]
865 2677 1051 2720 στρατείας
1077 2676 1155 2710 Bas.
1355 2677 1412 2712 94.
1457 2679 1645 2721 προτερεῖν

286 2719 325 2756 ἐν
348 2725 428 2763 ταῖς
455 2720 588 2766 μάχαις
611 2723 740 2766 QTXY
763 2724 844 2757 Bas.
858 2746 869 2764 ‚
906 2722 1032 2757 caeteri
1053 2721 1323 2769 προτιμότερον
1347 2722 1386 2759 ἐν
1410 2726 1490 2764 ταῖς
1512 2723 1647 2768 μάχαις

288 2766 383 2803 εἶναι
