1820 3249
306 139 326 178 1
334 137 416 179 132

307 249 388 306 λβ’.
416 247 588 307 Ἐμβολῆ
608 252 664 302 εἰς
683 249 758 306 τὴν
775 247 945 305 Ἰνδικην
969 250 1039 293 καὶ
1060 249 1261 322 ἀναίρεσις
1282 251 1412 309 ὂίρδην
1429 268 1500 295 του
1519 253 1675 310 πρώτου

419 309 566 359 ε’θνους
588 309 685 364 πρὸς
699 307 942 362 κατάπληξιν
958 325 1038 350 των
1059 308 1199 352 α’λλων.

308 374 386 431 λγ’.
415 376 483 426 Ὡς
505 377 579 431 τη“ν
600 380 758 420 Νυσίαν
787 375 1083 432 ὀνομαζομένην
1110 377 1223 421 πόλιν
1252 377 1479 435 ευεργέτησε
1506 376 1574 421 διοὲ
1603 395 1676 432 την

421 432 500 476 οἷπὸ
518 432 722 477 Διονύσου
746 435 984 490 συγγένειαν.

223 503 277 544 90
306 499 382 543 λδ’.
419 503 487 552 Ὡς
519 500 726 544 Μασσακα
753 501 873 545 πόλιν
897 500 1045 572 ὄχυροῖν
1075 502 1332 558 ἐκπορθήσας
1356 521 1448 553 τους
1468 500 1675 558 μισθοφο-

420 577 515 615 ρους
535 558 712 610 ἅπαντας
731 564 920 615 λαμπρως
942 558 1262 615 ἀγωνισαμένους
1280 562 1514 613 κατέκοψεν.

306 624 370 669 λε’.
399 628 466 677 Ὡς
487 646 561 682 την
573 628 746 683 ’Ἀορνον
758 628 1015 697 καλουμένην
1034 630 1204 684 Πέτραν,
1222 628 1426 673 αναλωτον
1443 626 1505 671 οἷεὶ
1522 617 1679 685 γεγενη·

419 686 556 739 μένην,
590 683 929 740 ἐξεπολιορκησεν.

223 757 277 800 95
307 751 375 803 λς.
407 754 474 804 Ὡς
493 756 662 807 Ταξίλην
682 753 753 807 μὲν
772 752 841 796 τὸν
857 753 1020 808 βασιλέα
1036 758 1115 796 τῶν
1129 752 1261 796 Ἰνδῶν
1279 751 1560 819 προςηγᾶγετο,
1583 757 1678 794 Πῶ-

420 828 493 865 ρον
515 811 558 852 δὲ
581 809 729 867 μεγαλη
753 810 971 881 παραταξει
992 809 1170 864 νικήσας,
1204 813 1272 852 καὶ
1293 815 1367 852 τοῦ
1387 825 1564 863 σωματος
1587 827 1679 865 κρα-

417 866 554 920 τήσας,
584 866 762 909 ἀπέδωκε
783 885 857 920 την
876 870 1079 921 βασιλείαν
1104 866 1211 924 αυτῷ
1232 870 1287 910 δι’
1314 865 1605 949 ἀνδραγαθίαν

201 943 277 982 [00
307 935 382 986 λζ’.
410 934 646 990 Ἀπαγγελία
672 952 754 976 των
774 936 875 977 κατοὶ
891 954 965 990 την
984 934 1120 992 χώραν
1138 933 1409 990 παραδόξων’
1395 932 1535 989 ὄφεών
1553 951 1593 976 τε
1612 934 1681 976 καὶ

420 998 499 1034 τῶν
520 992 734 1046 φυομένων
754 998 930 1049 καρπῶν.

303 1058 380 1115 λη’.
406 1061 474 1111 Ὡς
494 1078 542 1103 τα
573 1058 828 1117 πλησιόχωρα
854 1079 936 1105 των
963 1062 1097 1105 ε’·θνῶν
1116 1078 1164 1107 τα
1185 1061 1258 1120 μὲν
1277 1077 1546 1117 προςηγαγετο
1568 1077 1616 1102 τα
1638 1059 1682 1102 δὲ

416 1119 744 1172 κατεπολέμησεν

307 1173 385 1217 λθ’.
411 1176 480 1225 Ὡς
495 1174 570 1230 τὴν
588 1174 669 1216 υπό
688 1177 911 1230 Σωπείθην
923 1176 1174 1249 τεταγμένην
1191 1176 1252 1229 ἔχε
1236 1188 1436 1230 ιρωσατο.

251 1232 278 1276 5
308 1230 358 1286 μ’.
391 1233 496 1285 Περὶ
515 1236 588 1286 τῆς
609 1229 794 1302 εὐνομίας
814 1249 895 1274 των
916 1234 958 1275 ἐν
976 1232 1100 1290 ταύτῃ
1123 1237 1174 1291 τῇ
1176 1250 1296 1303 χωρα
1316 1230 1483 1273 πόλεων.

308 1286 386 1343 μα’.
419 1290 521 1343 Περὶ
541 1306 613 1358 της
635 1286 779 1360 αρετῆς
800 1294 879 1331 τῶν
899 1276 1165 1361 δωρηθέντων
1176 1287 1420 1346 Ἀλεξανδρω
1440 1305 1587 1331 κυνων

308 1344 385 1400 μβ’.
419 1347 521 1401 Περὶ
542 1350 613 1398 τῆς
634 1344 820 1415 ἄφηγησε
824 1364 875 1395 ως
892 1351 966 1390 τοῦ
982 1345 1113 1388 Ἰνδῶν
1132 1347 1333 1400 βασιλέως.

307 1401 383 1459 μγ’.
411 1403 481 1453 Ὡς
500 1407 573 1444 τοῦ
590 1400 850 1471 Ἀλεξανδρου
868 1404 1114 1457 βουλομένου
1137 1406 1326 1457 διαβῆναι
1346 1402 1411 1444 τὸν
1431 1400 1590 1473 Γαγγην
1615 1418 1685 1443 πο-

224 1465 277 1506 10
418 1459 542 1512 ταμὸν
573 1460 642 1500 καὶ
673 1474 897 1512 στρατευειν
935 1461 1000 1502 ἐπὶ
1041 1478 1136 1509 τους
1164 1462 1413 1517 Γανδαρίδας
1450 1457 1685 1513 ὀνομαζομέ-

415 1534 513 1566 νους
533 1518 574 1558 οἱ
595 1514 837 1566 Μακεδόνες
858 1515 930 1570 οὔχ
953 1515 1206 1570 υπήκουσαν.

303 1583 388 1640 μδ’.
415 1582 520 1634 Ὡς
505 1582 608 1655 όρια
615 1585 787 1636 θέμενος
811 1589 884 1640 τῆς
904 1587 1105 1641 στρατείας
1126 1585 1146 1628 ὁ
1168 1585 1354 1640 βασιλευς
1374 1587 1526 1640 ἕπηλθε
1542 1603 1589 1628 τα
1606 1590 1685 1629 λοι-

416 1659 473 1683 πα
497 1646 580 1683 τῶν
597 1638 746 1684 Ἰνδῶν.

305 1708 376 1765 με’.
412 1710 481 1760 Ὡς
520 1709 586 1751 δια
615 1714 689 1752 τοῦ
718 1708 850 1753 Ἰνδοῦ
887 1716 1071 1765 ποταμοῦ
1096 1712 1357 1754 κατέπλευσεν
1393 1713 1458 1755 ἐπὶ
1483 1711 1554 1754 τόν
1585 1710 1685 1754 κατὰ

223 1767 276 1811 15
418 1784 465 1821 με
450 1769 669 1840 εσημβρίαν
685 1765 890 1821 Ὡκεανον,
921 1770 989 1816 καὶ
1007 1770 1184 1819 τοξευθε
1157 1787 1212 1817 εις
1229 1767 1519 1812 ἐκινδύνευσεν.
1525 1778 1532 1814 3

309 1822 392 1878 μς’.
423 1825 525 1877 Περὶ
545 1828 616 1877 τῆς
635 1825 851 1879 γενομένης
869 1828 1114 1879 μονομαχίας
1136 1826 1179 1867 ἐκ
1201 1824 1466 1880 προκλησεως.

308 1879 387 1936 (ιζ’.
433 1882 530 1934 Περὶ
555 1885 634 1922 τῶν
663 1884 1075 1953 καταπολεμηθέντων
1105 1880 1239 1924 Ἰνδῶν
1266 1884 1306 1933 ἐξ
1336 1881 1574 1939 αμφοτέρων
1606 1888 1688 1926 τῶν

425 1942 556 1992 ἰερῶν
573 1942 646 1979 τοῦ
666 1955 847 1992 ποταμου
869 1940 980 1994 μέχρι
995 1944 1068 1981 τοῦ
1081 1937 1289 1982 Ὡκεανου.

223 2013 278 2052 20
310 2005 388 2061 μη’.
422 2007 525 2060 Περὶ
551 2022 633 2047 των
658 2004 916 2060 παραδόσεων
943 2008 1012 2048 καὶ
1041 2010 1223 2061 νομίμων
1251 2025 1358 2063 παρα
1377 2014 1461 2058 τοῖς
1487 2010 1689 2064 ἐγχωρίοις

419 2064 487 2104 καὶ
506 2080 584 2104 των
605 2061 792 2118 θηριώδη
811 2066 941 2116 βίον’
924 2062 1108 2117 εχόντων.

309 2117 392 2176 μθ’.
428 2120 496 2169 Ὡς
537 2136 578 2161 οι
608 2119 675 2162 τὸν
705 2119 894 2162 Ὠκεανὸν
925 2119 1168 2172 πλευσαντες
1201 2123 1416 2177 συνέμιξαν
1442 2119 1687 2178 Ἀλεξανδρῳ
1726 2144 1731 2145 ’

307 2279 364 2314 90.
414 2276 569 2324 ὄχυραν]
595 2277 748 2335 ι’σχυροὲν
771 2280 856 2314 Bas.
1017 2278 1279 2327 ἒκπορθησας]
1296 2278 1602 2337 ἐκπολιορκήσας
1624 2279 1686 2324 LQ

487 2326 543 2360 93.
591 2323 755 2383 ἄορνον]
781 2325 851 2371 ἄορ
855 2339 914 2362 νιν
937 2327 966 2361 L
1151 2327 1208 2362 98.
1257 2324 1358 2374 αυτῷ
1380 2339 1448 2361 οιιι.
1475 2327 1508 2359 T
1535 2328 1616 2361 Bas.

399 2369 682 2417 ανδραγαθίαν]
716 2340 1027 2418 οἷνδραγαθίαςΕ
1213 2372 1247 2407 3.
1293 2364 1515 2416 Σωπείθην]
1544 2371 1690 2408 Σωπεί-

304 2429 378 2461 μην
403 2419 486 2458 TX,
517 2421 691 2464 Σωπείνη
694 2432 714 2452 ν
735 2420 838 2465 Bas„
873 2421 1084 2464 Σωποίμην
1107 2419 1141 2454 Τ
1166 2420 1257 2464 (sinz
1293 2421 1351 2453 sed
1377 2424 1438 2454 aut
1460 2419 1520 2452 hic
1542 2424 1602 2453 aut
1625 2430 1689 2452 an-

306 2469 362 2498 tea
385 2465 603 2498 scribendum
628 2467 683 2510 L)
894 2467 928 2501 7.
973 2467 1058 2507 περὶ
1083 2485 1127 2491 —-
1154 2463 1348 2519 βασιλέως]
1390 2467 1441 2499 De
1466 2467 1604 2510 Phegeu
1629 2465 1688 2498 Ιπ-

306 2511 386 2544 diae
405 2522 489 2554 rege
507 2512 533 2543 C
535 2523 570 2544 ο
561 2523 655 2553 pus:
687 2512 832 2546 sonasse
854 2514 1071 2546 scribendum
1097 2511 1316 2556 ἀφηγήσεως
1343 2512 1487 2558 Φηγέως
1510 2524 1550 2545 ex
1575 2524 1605 2545 c.
1629 2511 1686 2544 93.

398 2556 430 2588 9.
483 2558 742 2613 Γανδαρίδας]
773 2561 1006 2616 Γαγγαρίδας
1029 2560 1109 2592 Bas.
1134 2560 1199 2592 Cos
1185 2571 1263 2600 pus
1448 2561 1503 2592 1’..
1544 2558 1604 2592 καὶ
1628 2569 1687 2591 το-

310 2601 454 2643 ξευθεὶς
487 2600 741 2639 ἐκινδύνευσεν
765 2607 873 2656 vulgo
897 2610 974 2649 post
996 2602 1120 2639 Ἰνδων
1145 2617 1205 2648 pos
1191 2604 1256 2637 nita
1279 2617 1312 2638 v.
1337 2605 1394 2640 15.
1418 2609 1496 2648 post
1517 2601 1689 2640 Ὠκεανὸν

308 2649 406 2691 ponit
431 2650 562 2692 Cospus
585 2655 694 2683 recte:
721 2662 754 2683 v.
779 2663 808 2684 c.
820 2647 888 2686 99.
1083 2651 1139 2686 14.
1187 2664 1252 2684 κατ
1257 2653 1280 2684 ἀ
1314 2652 1362 2694 L,
1397 2651 1524 2684 caeteri
1557 2650 1614 2685 ἐπὶ

399 2695 454 2728 19.
501 2695 746 2735 παραδόσεων
769 2697 830 2731 καὶ
854 2697 1046 2740 νομίμων]
1080 2698 1122 2730 de
1146 2699 1240 2731 mitis
1266 2703 1298 2731 ct
1324 2699 1509 2732 laudandis
1533 2697 1690 2741 gentium

306 2742 474 2776 institutis
499 2741 652 2783 (λιβρι-,ε
677 2746 715 2776 ut
738 2743 962 2786 παραδόξων
987 2756 1023 2778 se
1045 2744 1174 2789 legisse
1197 2745 1372 2779 ostendam
1402 2755 1437 2781 v.
1459 2756 1490 2777 c.
1515 2743 1596 2778 101.

397 2786 454 2821 20.
500 2788 575 2822 τῶν
599 2790 687 2833 θηρ.
707 2788 720 2834 ]
746 2787 810 2826 τὸν
833 2791 923 2836 θηρ.
946 2792 1031 2827 Bas.
