1820 3249
500 214 773 258 L1B.xv11.
833 214 1090 257 cAP.107
1122 215 1548 258 108.1241

170 344 252 386 την
288 329 367 383 μὲν
398 291 695 396 πρεσβυτέραν
731 341 821 369 των
857 327 1055 381 Δαρείου
1092 325 1350 397 θυγατέρων
1377 326 1551 370 Στάτει-

171 402 258 440 ραν
287 385 425 441 ἔγημε,
456 383 535 439 τὴν
565 383 611 427 δὲ
639 383 858 438 νεωτέραν
881 382 1169 438 Ηφαιστίωνι
1202 382 1417 427 συντόκισε
1436 389 1551 437 Δρυ-

172 446 321 498 πῆτιν·
371 441 511 485 ἔπεισε
555 441 603 484 δὲ
638 440 714 484 καὶ
749 439 858 490 τούς
887 440 1261 511 ἐπιφανεστάτους
1290 444 1380 484 τῶν
1410 442 1552 495 φίλων

170 503 332 555 γῆμαι,
377 497 452 542 καὶ
490 496 732 554 συνῴκισεν
773 494 922 548 αὐτοῖς
951 496 1028 548 τοὶς
1055 495 1364 553 εὐγενεστάτας
1391 497 1553 552 παρθέ-

171 571 279 607 νους
309 555 536 609 Περσίδας·
1581 579 1666 618 108

242 610 408 654 Kato?
446 613 605 653 τοῦτον
637 607 715 652 τὸν
753 608 911 665 καιρόν
947 603 1059 666 ἧκον
1089 611 1149 660 εἰς
1177 609 1228 653 τά
1260 612 1415 653 Σοῦσα
1443 625 1551 664 τρις-
1583 636 1637 677 35

171 644 322 724 μύριοι
356 670 444 710 τῶν
474 669 687 721 Περσων,
735 666 831 710 νέοι
866 666 945 722 μὲν
978 670 1200 717 παντελῶς
1229 672 1322 717 ταῖς
1349 666 1552 737 ἡλικίαις,

170 723 483 795 ἐπιλελεγμένοι
513 723 559 766 δε
589 728 684 774 ταῖς
723 727 814 765 τῶν
850 722 1064 793 σωμάτων
1101 722 1377 775 εὐπρεπείαις
1404 739 1449 766 τε
1478 722 1553 767 καὶ

172 797 362 851 ρωμαις.
409 779 520 823 κατά
550 779 597 823 δέ
625 796 746 830 τινας
775 779 953 831 ἐντολάς
981 784 1062 823 τοῦ
1083 779 1292 850 βασιλέως
1317 778 1552 848 ἠθροισμέ-

170 854 257 891 νοι,
285 836 448 894 χρόνον
475 835 630 879 ἱκανὸν
658 835 887 888 ἐπιστάτας
910 837 982 880 καὶ
1003 835 1296 887 διδασκάλους
1322 835 1551 893 ἐσχηκότες
1581 835 1637 879 40

171 898 258 937 τῶν
287 897 545 948 πολεμικων
582 892 742 948 ε’ργων,
793 892 949 944 πάντες
991 893 1037 937 δὲ
1067 896 1392 944 Μακεδονικαῖς
1420 909 1556 936 πανο-

170 952 315 1002 πλίαις
342 951 585 1001 πολυτελως
600 950 948 1019 κεκοσμημένοι,
987 949 1270 1006 παρεμβολήν
1299 950 1379 1004 μὲν
1407 949 1555 1020 ἐποιή-

173 1019 306 1078 σαντο
335 1007 422 1059 πρὸ
450 1010 525 1062 τῆς
552 1004 740 1057 πόλεως·
772 1006 1085 1061 ἐπιδειξάμενοι
1116 1007 1162 1050 δὲ
1191 1010 1252 1063 τῷ
1282 1010 1455 1062 βασιλεῖ
1475 1005 1556 1062 τὴν

172 1065 221 1108 ἐν
251 1067 344 1114 τοῖς
375 1064 527 1113 ὅπλοις
552 1061 739 1131 ἄσκησιν
768 1064 842 1105 καὶ
870 1063 1072 1133 μελέτην,
1103 1063 1375 1133 έτιμηθησαν
1405 1065 1555 1118 διαφε-
1590 1085 1593 1091 ·

95 1132 162 1169 245
176 1119 353 1175 ρόντως.
410 1135 501 1162 των
527 1118 626 1190 γὰρ
633 1119 908 1188 λΜακεδόνων
935 1120 1047 1174 πρὸς
1074 1119 1156 1175 τήν
1174 1124 1255 1163 τοῦ
1276 1119 1452 1176 Γάγγου
1474 1136 1553 1164 πο-
1582 1116 1637 1159 45

173 1179 316 1232 ταμοῦ
355 1172 562 1230 διάβασιν
602 1173 894 1219 αντειπόντων
934 1178 1008 1220 καὶ
1047 1175 1255 1228 πολλάκις
1290 1177 1338 1220 ἐν
1367 1182 1461 1228 ταῖς
1490 1177 1552 1221 ἐκ·

171 1234 370 1302 κλησίαις
397 1231 719 1288 καταβοώντων
745 1233 819 1276 καὶ
847 1232 927 1289 τὴν
955 1232 1027 1285 ἐξ’
1027 1232 1245 1288 Ἄμμωνος
1267 1234 1440 1289 γένεσιν
1460 1235 1553 1277 δια·

172 1289 427 1345 συρόντων,
458 1292 587 1332 τοῦτο
616 1289 666 1334 τὸ
695 1289 894 1346 σύστημα
922 1289 1238 1333 κατεσκεύασεν
1267 1291 1315 1334 ἐκ
1343 1294 1444 1345 μιᾶς
1472 1306 1554 1346 μεν

170 1346 341 1401 ἡλικίας
362 1350 452 1390 τῶν
483 1350 666 1400 Περσῶν
694 1347 768 1390 καὶ
798 1347 952 1403 ὁμοίας
981 1345 1277 1417 συνεστηκός,
1306 1346 1555 1402 δυναμένου
1585 1343 1662 1388 50

173 1405 222 1448 δὲ
251 1402 489 1474 ἀντίταγμα
517 1404 722 1458 γενέσθαι
747 1408 801 1460 τῇ
829 1406 1120 1473 Μακεδονικῇ
1143 1402 1355 1476 φάλαγγι.
1401 1405 1475 1447 καὶ
1502 1403 1558 1447 τά

173 1460 255 1516 μὲν
294 1461 392 1513 περὶ
429 1459 710 1513 Ἀλέξανδρον
749 1461 797 1503 ἐν
824 1460 1000 1512 τούτοις
1027 1463 1097 1516 ἦν.
1143 1461 1364 1513 ’Ἅρπαλος
1393 1461 1439 1505 δὲ
1467 1465 1559 1504 τῶν

174 1517 223 1560 έν
261 1520 494 1571 Βαβυλῶνι
529 1520 773 1588 θησαυρῶν
810 1518 884 1560 καὶ
919 1521 1007 1561 τῶν
1042 1517 1277 1587 προςόδων
1306 1517 1387 1588 τὴν
1418 1522 1558 1571 φυλα-

172 1573 257 1629 κὴν
294 1572 651 1644 πεπιστευμένος,
701 1573 848 1643 ἐπειδη
889 1573 1067 1628 τάχιστα
1097 1572 1121 1617 6
1153 1573 1356 1629 βασιλευς
1387 1575 1448 1625 εἰς
1474 1573 1557 1628 τὴν

168 1629 358 1700 Ἰνδικὴν
393 1629 688 1683 ἐστράτευσεν,
719 1629 891 1684 ἀπέγνω
920 1632 999 1685 τὴν
1020 1630 1240 1673 ἐπάνοδον
1260 1630 1420 1673 αὐτοῦ·
1449 1631 1559 1682 δους
1588 1626 1643 1669 55

176 1685 219 1730 δ’
249 1686 406 1730 ἑαυτὸν
435 1688 494 1736 εἰς
522 1687 712 1755 τρυφήν,
744 1688 817 1730 καὶ
848 1692 1010 1741 πολλῆς
1036 1704 1179 1742 χωρας
1200 1685 1560 1742 ἀποδεδειγμένος

175 1742 506 1811 σατράπης,τό
537 1742 617 1797 μὲν
645 1747 824 1798 πρῶτον
853 1745 914 1795 εἰς
944 1743 1091 1798 ὕβρεις
1118 1760 1346 1799 γυναικων
1378 1744 1452 1786 καὶ
1480 1759 1560 1786 πα

176 1798 399 1870 ρανόμους
436 1799 600 1853 ε’ρωτας
639 1801 878 1856 βαρβάρων
919 1800 1149 1868 ἐξετράπη,
1191 1801 1266 1844 καὶ
1305 1801 1448 1844 πολλὰ
1483 1804 1561 1856 τῆς

174 1857 304 1913 γάζης
333 1854 668 1925 άκρατεστάταις
694 1857 877 1926 ἡδοναῖς
912 1856 1240 1912 κατηνάλωσεν·
1291 1856 1377 1900 άπὸ
1407 1857 1454 1901 δὲ
1483 1861 1561 1913 τῆς
1590 1858 1650 1898 60

177 1914 368 1967 ἐρυθρᾶς
395 1912 612 1969 θαλάττης
655 1913 768 1957 πολὺ
800 1913 1017 1970 διάστημα
1045 1915 1235 1982 κομίζων
1263 1912 1431 1969 ἰχθύων
1459 1918 1564 1968 πλῆ-

177 1975 276 2022 θος,
303 1970 377 2013 καὶ
405 1971 576 2013 δίαιταν
604 1969 922 2042 πρλυδάπανον
951 1969 1245 2026 ἐνιστάμενος
1271 1971 1562 2026 ἐβλασφημεῖ-

176 2043 243 2070 το
301 2041 407 2080 μετα
445 2026 493 2069 δὲ
521 2025 647 2070 ταῦτ’
677 2027 724 2070 ἐκ
758 2044 850 2071 των
874 2025 1074 2083 Ἀθηνῶν
1101 2027 1183 2083 τήν
1211 2027 1562 2100 ἐπιφανεστάτην

178 2099 268 2127 των
299 2082 484 2152 έταιρων
514 2082 658 2138 ὄνομα
687 2085 952 2155 Πυθονίκην
980 2084 1293 2139 μετεπέμψατο,
1321 2085 1395 2127 καὶ
1421 2084 1562 2137 ζῶσάν

177 2155 232 2182 τε
260 2137 400 2194 αὐτὴν
438 2142 680 2192 βασιλικαῖς
719 2143 902 2194 δωρεαῖς
932 2141 1100 2210 ἐτίμησε
1129 2141 1204 2183 καὶ
1234 2140 1561 2196 μεταλλάξασαν
1588 2137 1644 2180 65

178 2197 322 2246 ἔθαψε
361 2199 606 2248 πολυτελῶς
653 2197 728 2241 καὶ
765 2197 910 2266 τάφον
950 2196 1061 2240 κατά
1099 2197 1179 2254 τὴν
1209 2195 1406 2268 Ἀττικὴν
1440 2214 1562 2241 κατε-

177 2248 361 2296 σκεύασε
398 2251 730 2298 πολυδάπανον.
784 2253 907 2310 μετὰ
943 2254 1001 2298 δε
1031 2257 1169 2298 ταῦτα
1210 2254 1345 2325 ἄλλην
1386 2254 1564 2308 ἑταίραν

174 2307 373 2378 Ἀττικην
412 2307 552 2365 ὄνομα
591 2311 817 2365 Γλυκέραν
848 2309 1244 2381 μεταπεμψάμενος
1273 2310 1321 2354 έν
1348 2310 1564 2368 υπερβαλ-

180 2364 318 2422 λούσῃ
345 2370 494 2423 τρυφῇ
531 2367 607 2411 καὶ
634 2366 935 2425 πολυδαπάνῳ
963 2366 1212 2463 διαιτήματι
1240 2368 1449 2469 διεξηγεν·
1502 2369 1564 2421 εἰς
1592 2369 1647 2410 70

181 2534 240 2570 30.
285 2547 360 2569 των
385 2539 430 2569 A·
453 2536 671 2591 θυγατέρων
696 2538 806 2583 FTY,
830 2539 956 2573 caeteri
982 2540 1051 2574 τοῦ
1076 2542 1122 2574 A.
1145 2538 1336 2585 θυγατέρα
1508 2538 1568 2575 32.

184 2578 595 2665 ovvssig-slssvwzzctiss
606 2585 788 2676 fairwu
816 2586 909 2665 Fh69
912 2586 1120 2666 υπίτηνέ).
1167 2643 1241 2667 των
1264 2631 1421 2676 Περσων
1443 2630 1569 2666 malim

184 2676 261 2716 post
282 2672 451 2729 σύστημα
469 2675 552 2718 poni
663 2706 666 2708 ,
731 2679 790 2715 50.
834 2677 1071 2735 δυνάμενον]
1101 2677 1332 2723 δυναμένους
1356 2678 1418 2715 FL

183 2718 241 2754 55.
288 2717 421 2754 ἑαυτὸν
454 2721 529 2774 εἰς]
564 2718 680 2758 αυτόν
712 2726 765 2765 εἰς
800 2722 866 2768 τὴν
890 2724 920 2757 F
1106 2723 1164 2759 59.
1210 2722 1468 2778 κατηνάλωσεν
1492 2721 1569 2766 FL,

183 2765 311 2799 caeteri
334 2764 592 2801 κατανάλωσεν
773 2769 831 2804 60.
878 2769 1069 2814 θαλάττης
1091 2770 1134 2814 F,
1163 2771 1290 2808 caeteri
1314 2769 1511 2823 θαλάσσης

275 2811 332 2844 63.
384 2812 558 2847 Πυθονίκ
560 2814 629 2857 ην]
663 2817 885 2872 Ποθυνίκην
908 2817 1011 2857 Bas„
1056 2816 1190 2861 Cospus
1244 2846 1247 2847 γ
1374 2809 1572 2850 67-6'110-

182 2868 236 2901 μα
259 2855 450 2903 Γλυκέραν
473 2859 545 2904 FL,
571 2860 699 2895 caeteri
723 2857 746 2907 ᾗ
775 2859 897 2906 ὄνομα
921 2862 1090 2908 Γλυκέρα
