1820 3249
273 94 384 135 1166
624 91 738 133 LIB.
770 89 901 133 XVII.
959 91 1089 132 GAP.
1117 94 1186 135 33.
1215 95 1282 135 34.

272 201 537 259 ἀμφοτέροις
575 203 622 246 τὸ
662 204 898 260 πολεμικόν
937 203 1356 276 σημαινόντων,οἱ
1388 203 1642 255 Μακεδόνες

186 264 239 305 35
273 264 439 312 πρῶτοι
477 261 843 312 συναλαλάξαντες
881 261 991 331 βοὴν
1031 261 1220 313 ἐξαίσιον
1257 261 1488 316 ἐποίησαν·
1539 261 1643 316 μετὰ

268 318 313 360 δὲ
342 321 478 360 ταῦτα
506 321 595 359 τῶν
624 318 861 387 βαρβάρων
881 318 936 360 ἀν
940 318 1304 373 τιφθεγξαμένων,
1336 317 1546 387 συνήχησε
1565 317 1643 373 μὲν

266 372 293 429 ἡ
326 372 535 444 σύνεγγυς
566 372 711 430 ὀρεινή
742 379 870 426 πᾶσα,
902 374 950 418 τό
982 374 1027 417 δὲ
1040 376 1242 444 μέγεθος
1274 377 1349 430 τῆς
1379 377 1483 429 βοῆς
1511 373 1645 429 ὑπερ-

265 435 343 498 ἦρε
371 429 450 486 τὴν
478 431 854 487 προγεγενημένην
880 430 1102 498 κραυγήν,
1120 429 1178 482 ὠς
1197 431 1252 474 ἀν
1273 446 1541 486 πεντηκοντα
1551 447 1645 500 μυ-

266 485 431 541 ριάδων
459 491 537 543 μιᾷ
568 504 693 544 φωνῃ
725 492 1020 542 συνηχουσῶν.
1082 487 1105 530 6
1137 486 1179 530 6’
1203 486 1479 542 Ἀλέξανδρος
1500 485 1643 558 πάντῃ

183 546 237 588 40
266 543 347 599 τὴν
376 543 481 595 ὄψιν
502 543 676 600 βάλλων
697 545 770 587 καὶ
793 543 995 587 σπεύδων
1017 546 1207 586 κατιδεῖν
1227 543 1305 587 τὸν
1323 548 1526 595 Δαρεῖον,
1555 543 1646 598 ἅμα

266 605 327 671 τῷ
330 604 619 672 κατανοῆσαι
642 605 901 655 παραχρῆμα
931 599 1034 654 μετά
1065 616 1153 642 των
1186 601 1283 655 περὶ
1313 598 1449 644 αὐτόν
1479 600 1645 643 ἱππέων

267 655 340 700 ἐπ’
370 656 506 700 αὐτὸν
537 656 711 712 ἐφέρετο
742 660 817 700 τόν
846 655 1045 725 βασιλέα,
1090 657 1291 700 σπεύδων
1320 656 1399 712 οὐχ
1429 656 1544 701 οὕτω
1572 674 1645 700 κα-

266 717 587 769 ταπροτερῆσαι
615 718 703 757 τῶν
735 716 920 766 Περσῶν
951 729 1009 762 ως
1037 713 1085 756 τὸ
1115 711 1177 756 δι’
1208 711 1347 756 αὑτοῦ
1366 713 1646 784 περιποιήσα-

183 773 237 818 45
271 775 374 814 σθαι
403 787 483 840 την
512 772 650 825 νίκην.
710 769 799 824 ἅμα
829 769 874 812 δὲ
915 769 1056 825 τούτῳ
1093 770 1166 812 καὶ
1199 786 1287 812 των
1328 768 1474 813 ἄλλων
1512 769 1645 814 ἀπάν-

266 843 355 870 των
385 825 548 869 ιππέων
569 826 887 897 συμπεσόντων
916 814 1140 895 ἀλληλοις,
1190 827 1264 869 καὶ
1302 830 1468 870 πολλοῦ
1499 827 1644 896 φόνου

266 882 524 953 γινομένου,
554 881 581 939 ἡ
612 884 691 943 μὲν
721 883 832 939 μάχη
864 881 937 925 διὰ
967 882 1042 933 τὰς
1069 898 1159 925 των
1189 882 1521 955 ἀγωνιζομένων
1552 881 1646 937 ἀρε-

266 939 344 990 τὰς
374 938 620 1009 ἀμφίδοξον
644 944 727 994 εἰχε
756 940 836 995 τὴν
866 942 955 981 τῶν
984 938 1103 982 ὅλων
1131 941 1296 993 κρίσιν·
1340 939 1644 984 ἐταλαντεύετο

265 995 348 1064 γὰρ
381 998 513 1050 δεῦρο
544 994 730 1047 κάκεῖσε,
760 1000 835 1052 τῆς
863 1000 1025 1052 τροπῆς
1054 995 1234 1048 ἐναλλάξ
1251 997 1494 1069 γινομένης.
1543 995 1645 1040 οὔτε

184 1057 239 1100 50
268 1052 353 1109 γάρ
386 1053 618 1122 ἀκοντίσας
654 1052 754 1096 οὔτε
783 1055 974 1104 πατάξας
1013 1052 1158 1103 οὐδεὶς
1187 1051 1413 1106 ἀπρακτον
1444 1054 1536 1109 ἔσχε
1563 1051 1645 1110 τὴν

269 1109 453 1180 πληγήν,
486 1109 544 1160 ὥς
574 1110 630 1153 ἀν
661 1111 730 1153 διὰ
760 1109 808 1152 τὸ
842 1113 1012 1165 πλῆθος
1041 1108 1219 1181 ἑτοίμου
1248 1113 1329 1152 τοῦ
1359 1114 1530 1153 σκοποῦ
1561 1126 1644 1179 κει-

268 1165 417 1222 μένου.
477 1166 544 1210 διὸ
572 1167 646 1209 καὶ
675 1166 830 1210 πολλοί
858 1166 1103 1221 τραύμασιν
1139 1165 1355 1217 ἐναντίοις
1391 1164 1643 1227 περιτυγχά-

268 1239 417 1273 νοντες
456 1224 660 1276 ἔπιπτον,
712 1225 757 1266 οἱ
786 1223 830 1266 δὲ
860 1223 934 1265 καὶ
962 1222 1086 1278 μέχρι
1112 1227 1188 1293 τῆς
1217 1223 1394 1293 ἐσχάτης
1422 1226 1647 1295 ἀναπνοῆς

183 1282 236 1325 55
267 1285 630 1349 θυμομαχοῦντες
658 1278 707 1322 τὸ
741 1283 817 1336 ζῆν
832 1278 1065 1348 πρότερον
1091 1278 1119 1335 ἢ
1143 1296 1223 1334 την
1240 1277 1317 1334 ἀρε
1321 1281 1399 1336 τὴν
1417 1280 1644 1331 ἐξέλειπον.

182 1342 240 1381 34
270 1339 312 1380 οἱ
343 1337 389 1380 δὲ
420 1336 597 1406 ἑκάστης
626 1336 788 1388 τάξεως
816 1333 1025 1390 ηγεμόνες
1053 1352 1143 1378 των
1163 1335 1522 1405 ὑποτεταγμένων
1539 1352 1646 1390 προ-

268 1393 582 1450 αγωνιζόμενοι
611 1392 683 1436 διὰ
712 1397 788 1448 τῆς
817 1394 931 1442 ἰδίας
961 1391 1114 1447 ἀρετῆς
1142 1392 1244 1443 τοὺς
1272 1393 1465 1444 πολλούς
1488 1391 1647 1447 ἀνδρα-

266 1455 423 1518 γαθεῖν
463 1450 804 1518 προετρέποντο·
849 1448 917 1492 διὸ
953 1450 1025 1492 καὶ
1062 1452 1208 1505 παρῆν
1239 1446 1351 1502 ὁρᾶν
1379 1449 1540 1501 πολλάς
1569 1449 1647 1520 μὲν

184 1514 238 1554 60
269 1507 485 1559 διαθέσεις
513 1505 776 1561 τραυμάτων
804 1505 1059 1575 γινομένας,
1089 1507 1317 1579 ποικίλους
1345 1506 1390 1552 δὲ
1417 1508 1491 1550 καὶ
1519 1506 1648 1576 μεγά-

266 1569 374 1614 λους
412 1562 585 1618 ἀγωνας
622 1561 964 1616 συνισταμένους
998 1563 1109 1616 ὑπερ
1138 1566 1215 1619 τῆς
1242 1566 1379 1620 νίκης.
1431 1562 1647 1635 Ὀξάθρης

268 1618 313 1665 δ’
346 1619 369 1664 6
405 1621 602 1676 Πέρσης,
649 1619 839 1674 ἀδελφὸς
870 1620 949 1688 μὲν
979 1635 1042 1662 ων
1069 1617 1290 1673 Δαρείου,
1338 1621 1447 1663 κατὰ
1484 1620 1530 1664 δὲ
1568 1621 1724 1678 την185

268 1675 475 1732 ἀνδρείαν
503 1675 844 1731 ἐπαινούμενος,
877 1693 935 1726 ως
965 1673 1050 1719 εἶδε
1079 1675 1158 1719 τόν
1185 1674 1463 1745 Ἀλέξανδρον
1491 1675 1648 1721 ἀκατα-

268 1735 425 1790 σχέτως
455 1735 626 1790 ἱέμενον
654 1733 724 1776 ἐπὶ
752 1732 830 1776 τὸν
856 1737 1066 1802 Δαρεῖον,
1098 1731 1388 1805 ἐφιλοτιμήθη
1412 1737 1489 1789 τῆς
1513 1733 1647 1790 αὐτῆς

185 1795 239 1839 65
270 1792 400 1847 τύχης
429 1794 698 1846 κοινωνῆσαι
720 1787 931 1860 τάδελφῷ.
961 1787 1200 1859 ἀναλαβών
1221 1787 1304 1832 ουν
1319 1791 1422 1840 τούς
1440 1790 1648 1845 ἀρίστους

267 1852 354 1890 τῶν
384 1847 548 1890 ἱππέων
577 1851 666 1890 τῶν
698 1844 804 1915 μεθ’
835 1846 996 1889 ἑαυτοῦ
1024 1844 1316 1902 τεταγμένων,
1346 1848 1452 1901 μετὰ
1479 1847 1648 1892 τούτων

269 1904 472 1959 ἐπὲρραξε
504 1909 596 1955 τοῖς
626 1904 725 1958 περὶ
753 1901 832 1946 τὸν
858 1901 1156 1955 Ἀλέξανδρον·
1186 1904 1260 1946 καὶ
1289 1905 1473 1959 νομίσας
1500 1902 1548 1948 τό
1576 1921 1647 1975 φι-

269 1960 490 2030 λάδελφον
518 1964 593 2016 τῆς
623 1963 780 2029 ψυχῆς
793 1961 928 2002 οἴσειν
960 1958 1080 2016 αὐτῷ
1109 1959 1372 2015 περιβόητον
1394 1959 1512 2014 παρά
1536 1961 1646 2016 Πέρ-

271 2029 367 2068 σαις
407 2017 643 2070 δόξαν,π
612 2015 880 2086 προεμάχετο
920 2020 1000 2058 τοῦ
1033 2018 1228 2070 Δαρείου
1264 2018 1531 2071 τεθρίππου,
1573 2018 1648 2062 καὶ

187 2082 242 2123 70
273 2073 366 2131 μετ’
397 2073 621 2131 ἐμπειρίας
658 2071 874 2130 εὐτόλμως
914 2077 1008 2126 τοῖς
1039 2074 1267 2131 πολεμίοις
1296 2072 1648 2131 συμπλεκόμενος

268 2254 327 2290 34.
375 2252 494 2301 βοήν]
518 2252 631 2302 βολήν
653 2255 736 2291 Bas.
896 2253 954 2290 35.
989 2255 1071 2290 ταῖν
1090 2265 1157 2290 om.
1181 2255 1263 2289 Bas.
1425 2253 1482 2288 36.
1525 2263 1648 2298 συνεγ-

268 2300 336 2346 γύς
357 2302 439 2335 Bas.
464 2302 601 2345 saepius
738 2300 796 2336 38.
831 2300 1060 2357 πεντήκοντα
1083 2300 1292 2346 μυριάδων]
1316 2301 1647 2346 quadringentorum

268 2349 414 2382 ‘millium
439 2349 571 2391 Cospus
696 2364 701 2369 ’
754 2348 812 2382 3.9
860 2346 1001 2395 πάντῃ]
1022 2348 1131 2383 παντὶ
1157 2349 1185 2381 F
1368 2348 1424 2381 43.
1464 2359 1649 2390 καταπρο-

268 2395 440 2438 τερῆσαι]
464 2394 690 2440 προτερῆσαι
712 2395 795 2428 Bas.
971 2407 1047 2429 των
1076 2394 1254 2439 Περσων]
1286 2391 1351 2428 τὸν
1375 2392 1525 2436 Πέρσην
1549 2393 1651 2426 Reis-

268 2441 348 2473 kius
528 2440 586 2474 46.
634 2439 855 2485 γινομένου]
878 2441 1078 2484 γενομένου
1105 2441 1132 2474 L
1307 2439 1364 2474 52.
1413 2439 1540 2474 πολλοὶ
1564 2439 1650 2472 Cos-

268 2498 344 2530 pus,
371 2485 498 2519 caeteri
521 2489 670 2528 πολλοῖς
835 2487 977 2521 53.οι
1001 2485 1040 2521 δε
1065 2498 1136 2520 om.
1160 2487 1242 2520 Bas.
1412 2485 1468 2519 55.
1517 2484 1650 2530 ἐξέλει-

268 2533 366 2578 πον]
394 2530 557 2575 ἐξέλιπον
583 2534 611 2566 F
631 2534 714 2567 Bas.
886 2532 943 2567 56.
992 2531 1171 2576 ἑκάστης]
1196 2530 1349 2578 ἑκαστης
1372 2533 1439 2577 τῆς
1462 2531 1492 2565 F

269 2578 327 2613 58.
373 2579 666 2623 προετρέποντο]
692 2577 968 2624 προετρέψαντο
995 2580 1061 2614 TY
1084 2581 1166 2614 Bas.

362 2645 441 2682 185.
474 2647 530 2682 63.
578 2647 740 2693 ἱέμενον]
776 2645 921 2691 ἱέμενον
951 2659 1070 2682 omnes
1262 2645 1320 2682 65.
1366 2643 1564 2690 τάδελφῷ]
1597 2645 1650 2702 τῷ

270 2690 422 2775 ξὲἳέλεέῷ
448 2694 477 2729 Ε·
672 2694 729 2729 66.
778 2692 939 2740 ἑαυτου]
975 2692 1098 2731 αὑτοῦ
1120 2694 1150 2729 F
1348 2694 1406 2729 69.
1451 2692 1546 2736 τοῦ]
1582 2680 1649 2736 μέν
