1820 3249
279 103 390 145 1546
657 102 772 145 Llss.
804 101 894 144 XX.
953 102 1080 148 CAP
1109 106 1176 148 95.
1211 108 1279 147 96.

277 214 356 266 τάς
394 215 589 285 μηχανὰς
632 218 724 266 τοῖς
769 215 944 284 τείχεσι,
991 216 1095 268 τούς
1134 216 1214 271 μὲν
1250 216 1552 288 πετροβόλους
1584 218 1657 262 naz

193 272 247 313 35
276 271 383 323 τούς
423 272 641 341 ὀξυβελεῖς
688 287 959 344 παρηνέγκε
977 276 1054 330 τῆς
1094 272 1325 326 ἑλεπόλεως
1372 275 1432 325 εἰς
1475 273 1659 346 ἑκάστην

276 327 431 385 στέγην
459 329 566 379 τούς
606 326 884 398 ἁρμόζοντας.
941 328 1011 373 ἐπὶ
1042 330 1088 374 δὲ
1117 331 1221 381 τοὺς
1249 329 1426 386 λιμένας
1455 330 1527 373 καὶ
1556 331 1658 382 τούς

275 386 462 454 πλησίον
501 385 667 436 τόπους
696 384 917 429 ἀπέστειλε
953 403 1034 456 την
1064 387 1274 443 ναυτικὴν
1304 387 1516 443 δύναμιν,
1550 388 1660 441 πρὸς

276 442 324 485 δὲ
363 441 412 485 τὸ
448 441 608 485 λοιπὸν
630 447 775 497 τεῖχος
803 442 852 486 τό
890 443 1140 499 δυνάμενον
1175 445 1422 513 προςβολάς
1452 445 1660 496 δέξασθαι

189 496 244 539 40
275 497 324 542 τὸ
367 499 498 551 πεζὸν
539 499 834 554 στρατόπεδον
868 499 1111 544 ἐπιδιεῖλεν.
1194 502 1339 545 ἔπειτα
1380 501 1426 544 δὲ
1464 500 1575 553 πρὸς
1610 502 1660 543 ἐν

271 555 610 624 παρακέλευσμα
669 557 743 600 καὶ
799 561 980 612 σημεῖον
1032 556 1212 600 πάντων
1265 557 1660 609 συναλαλαξάντων

269 611 550 683 πανταχόθεν
584 616 639 669 τῇ
680 614 804 657 πόλει
828 614 1083 669 προςβολάς
1118 614 1320 657 ἐποιεῖτο.
1377 616 1660 668 διασείοντος

271 667 319 712 δ’
351 668 491 713 αὐτοῦ
530 675 624 721 τοῖς
672 675 814 725 κριοῖς
862 671 937 714 καὶ
970 675 1064 721 τοῖς
1107 670 1415 726 πετροβόλοις
1419 670 1485 719 τά
1530 672 1660 726 τείχη,

270 726 639 784 παρεγενήθησαν
663 729 862 770 Κνιδίων
883 726 1095 795 πρέσβεις,
1127 727 1349 779 ἀξιοῦντες
1377 727 1563 797 ἐπισχεῖν
1587 727 1662 770 καὶ

187 782 241 826 45
272 785 438 827 πείσειν
467 782 830 839 ἐπαγγελλόμενοι
862 799 966 833 τους
990 783 1188 835 Ροδίους
1220 783 1419 839 δέχεσθαι
1447 801 1499 826 τα
1531 786 1661 827 δυνα-

272 841 443 883 τώτατα
480 844 570 883 τῶν
610 839 967 895 προςταγμάτων.
1029 839 1208 891 άνέντος
1238 842 1283 884 δε
1315 844 1398 884 τοῦ
1435 840 1662 910 βασιλέως,

271 897 348 940 καὶ
387 900 477 939 τῶν
495 896 735 968 πρέσβεων
774 899 906 950 δεῦρο
945 895 1115 941 κάκεῖσε
1154 897 1295 941 πολλα
1332 896 1662 966 διαλεχθέντων,

273 954 410 1007 πέρας
453 952 509 996 οὐ
539 952 800 1009 δυναμένων
838 957 1157 1023 συμφωνῆσαι,
1186 954 1320 997 πάλιν
1350 954 1574 1023 ἐνηργεῖτο
1611 970 1663 995 τα

187 1012 243 1052 50
274 1014 360 1080 τῆς
382 1011 656 1065 πολιορκίας.
714 1010 789 1067 καὶ
817 1012 1095 1080 Δημήτριος
1106 1026 1186 1066 μεν
1213 1010 1446 1067 κατέβαλε
1456 1009 1558 1054 τόν.
1575 1020 1665 1053 στε-

274 1066 495 1122 ρεώτατον
525 1071 615 1111 τῶν
645 1064 853 1137 πύργων,
886 1065 1241 1137 ᾠκοδομημένον
1273 1068 1320 1112 ἐκ
1348 1069 1490 1111 λίθων
1517 1082 1665 1121 τετρα-

272 1124 442 1178 πέδων,
483 1123 557 1168 καὶ
569 1122 887 1195 μεσοπύργιον
919 1123 1027 1167 ὅλον
1056 1124 1281 1196 διέσεισεν,
1298 1121 1403 1175 ω’ςτε
1433 1122 1504 1179 μή
1512 1123 1664 1166 δύνα-

273 1186 382 1225 σθαι
419 1197 528 1232 τους
564 1179 612 1224 ἐν
650 1184 706 1238 τῇ
733 1179 858 1224 πόλει
886 1178 1088 1237 πάροδον
1118 1181 1229 1237 ε’χειν
1263 1180 1333 1225 ἐπὶ
1365 1180 1444 1234 τοὶς
1472 1179 1663 1238 ἐπάλξεις

271 1238 383 1282 κατά
412 1242 573 1282 τοῦτον
599 1236 678 1281 τὸν
705 1237 859 1288 τόπον.

381 1292 455 1338 Ἑν
493 1295 541 1338 δὲ
569 1300 665 1344 ταῖς
695 1292 849 1344 αυταῖς
876 1292 1060 1349 ἡμέραις
1096 1294 1370 1348 Πτολεμαῖος
1406 1290 1430 1336 6
1461 1290 1666 1363 βασιλεύς

271 1350 490 1396 ἀπέστειλε
528 1357 622 1401 τοῖς
645 1349 834 1400 Ῥοδίοις
862 1351 1029 1393 πλοίων
1067 1353 1242 1419 πλῆθος
1269 1365 1358 1393 των
1385 1348 1469 1405 τήν
1498 1347 1666 1418 ἀγοράν

270 1407 566 1478 κομιζόντων,
605 1407 654 1451 ἐν
683 1404 750 1457 οἷς
789 1403 904 1462 ἦσαν
934 1408 1058 1450 σίτου
1086 1404 1325 1460 τριάκοντα
1353 1405 1570 1477 μυριάδες
1591 1403 1664 1460 ἀρ-

269 1468 420 1521 ταβων
460 1464 544 1508 σὺν
579 1468 673 1515 τοῖς
720 1463 935 1518 ὀσπρίοις.
1002 1463 1376 1533 προςφερομένων
1423 1461 1469 1506 6²
1516 1460 1664 1506 αὐτῶν

267 1523 380 1576 πρὸς
408 1520 490 1578 τὴν
518 1519 672 1574 πόλιν,
704 1520 948 1591 ἐπεχείρησε
977 1519 1228 1576 Δημήτριος
1258 1517 1539 1564 ἀποστέλλειν
1563 1517 1665 1562 σκά-

183 1582 239 1623 60
270 1596 334 1635 φη
363 1595 416 1622 τα
446 1577 693 1630 κατάξοντα
728 1578 841 1632 πρὸς
870 1577 951 1648 τὴν
990 1577 1131 1621 αὐτοῦ
1163 1578 1514 1631 στρατοπεδείαν.
1574 1592 1663 1645 φο-

271 1639 356 1691 ροῦ
387 1636 434 1679 δὲ
464 1635 713 1690 πνεύματος
744 1633 896 1685 αὐτοῖς
915 1633 1244 1705 ἐπιγενομένου,
1275 1637 1413 1677 ταῦτα
1443 1633 1522 1703 μὲν
1551 1630 1664 1705 πλη-

268 1704 364 1748 ρεσι
392 1697 482 1743 τοῖς
523 1694 677 1743 ἱστίοις
691 1692 934 1764 φερόμενα
962 1690 1207 1747 κατηνέχθη
1244 1690 1353 1744 πρὸς
1389 1690 1495 1741 τοὺς
1524 1690 1664 1732 οἰκεί-

270 1767 350 1800 ους
378 1750 567 1805 λιαένας
586 1751 629 1792 οἱ
660 1748 701 1793 δ’
719 1764 808 1792 υπο
830 1750 1088 1804 Δημητρίου
1108 1747 1381 1820 πεμφθέντες
1410 1747 1665 1802 ἐπανῆλθον

270 1805 503 1862 ἄπρακτοι.
547 1806 708 1861 έπεμψε
739 1805 784 1850 δε
814 1811 907 1856 τοῖς
933 1805 1118 1856 Ροδίοις
1146 1806 1220 1849 καὶ
1249 1803 1542 1857 Κάσσανδρος
1572 1819 1664 1856 κρι-

182 1861 239 1904 65
268 1868 368 1907 θῶν
396 1865 636 1920 μεδίμνους
658 1864 847 1919 μυρίους
875 1862 949 1905 καὶ
972 1863 1225 1918 Λυσίμαχος
1249 1864 1405 1917 πυρῶν
1426 1861 1666 1930 μεδίμνους

269 1922 658 1982 τετρακιςμυρίους
706 1920 780 1963 καὶ
825 1922 999 1990 κριθῶν
1040 1920 1146 1970 τοὺς
1187 1920 1326 1969 ἰ’σους
1402 1915 1663 1986 τηλικαύτης

272 1982 356 2022 οὐν
388 1980 600 2033 χορηγίας
639 1981 732 2028 τοῖς
767 1993 878 2020 κατα
899 1975 991 2032 τὴν
1020 1975 1148 2020 πόλιν
1177 1973 1446 2045 γενομένης,
1476 1973 1559 2044 ἤδη
1589 1971 1664 2015 κά-

271 2051 454 2092 μνοντες
483 2039 578 2085 ταῖς
598 2038 759 2089 ψυχαῖς
785 2050 828 2077 οι
856 2031 1229 2104 πολιορκούμενοι
1257 2031 1389 2075 πάλιν
1419 2030 1664 2084 οἷνεθάρρη·
1716 2067 1718 2069 ,

185 2094 242 2133 70
272 2104 368 2136 σαν.
396 2093 470 2135 καὶ
484 2093 712 2145 κρίναντες
732 2091 973 2146 συμφέρειν
990 2090 1224 2133 ἐπιθέσθαι
1236 2093 1329 2138 ταῖς
1346 2091 1556 2143 μηχαναῖς
1573 2101 1663 2129 των

269 2151 507 2205 πολεμίων,
529 2146 776 2202 πυρφόρων
792 2163 838 2190 τε
860 2151 1031 2203 πλῆθος
1054 2144 1439 2219 παρεσκευάσαντο
1463 2144 1538 2187 καὶ
1557 2142 1664 2192 τοὺς

270 2206 570 2262 πετροβόλους
591 2221 666 2248 και
686 2204 791 2256 τοὺς
815 2202 1031 2260 ὀξυβελεῖς
1061 2204 1246 2259 ε’στησαν
1277 2216 1471 2252 απαντας
1491 2199 1562 2243 ἐπὶ
1582 2201 1664 2243 τοῦ

269 2264 451 2319 τείχους.
496 2262 657 2314 νυκτός
690 2259 734 2306 δ’
767 2261 1070 2318 ἐπιγενομένης
1100 2260 1198 2315 περὶ
1227 2257 1435 2315 δευτέραν
1459 2256 1665 2314 φυλακὴν

186 1276 245 1315 96

186 1330 242 1372 55

269 2420 328 2457 36.
352 2421 442 2463 τοὺς
463 2422 612 2466 λιμένας
633 2422 699 2457 TY
728 2424 822 2467 Bas„
848 2422 977 2457 caeteri
1001 2419 1067 2456 τὸν
1090 2417 1222 2464 λιμένα
1382 2417 1442 2455 39.
1463 2415 1574 2459 πεζὸν
1593 2427 1663 2450 om.

268 2468 369 2512 FW,
392 2469 557 2504 asterisco
582 2470 717 2506 notavit
739 2470 940 2514 Stephanus
1123 2466 1181 2501 43.
1205 2463 1373 2501 Κνιδίων
1396 2465 1430 2499 T
1454 2465 1561 2505 Bas„
1583 2474 1663 2498 cae-

270 2560 336 2596 teri
360 2560 423 2596 καὶ
448 2563 616 2598 Κνιδίων
801 2561 859 2596 46.
885 2555 1186 2616 προςταγμάτων]
1213 2522 1439 2614 πρῖιῖιῖιατων
1461 2555 1492 2590 F

318 2607 382 2643 καὶ
406 2620 474 2642 om.
498 2610 528 2642 F
713 2607 772 2642 56.
795 2605 1044 2650 κομιζόντων]
1071 2603 1372 2648 ἀνακομιζόντων
1396 2604 1479 2638 Bas.

269 2653 327 2688 61.
353 2652 566 2701 φερόμενα]
601 2653 814 2698 φαινόμενα
838 2655 867 2688 Υ
892 2655 973 2688 Bas.
1178 2652 1236 2686 67.
1274 2648 1494 2698 γενομένης]
1519 2645 1663 2704 γινομέ-

269 2712 349 2780 {nv}
362 2702 392 2735 F
578 2701 637 2736 72.
663 2700 939 2747 ἐπιγενομένης]
963 2698 1159 2745 γινομένης
1182 2699 1229 2733 W
1397 2695 1458 2731 73.
1479 2694 1577 2739 περὶ]
1602 2691 1662 2729 ἐπὶ
