1820 3249
328 137 440 178 1282
677 134 737 175 Ll
750 135 797 176 Β.
829 134 975 177 xvffl.
1020 136 1152 179 cAP.
1182 138 1252 180 25.
1282 139 1349 179 26.

245 252 298 297 15
327 248 547 298 παντελῶς
580 244 824 300 ἀλλότριον,
853 246 1024 299 ἑαυτοῖς
1053 248 1099 292 δὲ
1129 249 1287 322 φίλον,
1309 251 1438 306 κοινῇ
1462 249 1508 293 δὲ
1530 249 1701 320 ἐπιβου-

325 302 576 373 λευόμενον.
645 302 782 354 εὐθὺς
829 308 911 348 οῦν
954 305 1064 360 πρὸς
1106 307 1185 362 μὲν
1207 307 1453 378 ,Αἰτωλοὺς
1500 305 1705 350 διάλυσιν

325 359 599 416 ἐποιησαντο,
632 360 911 416 διεγνωκότες
947 362 1134 417 ὕστερον
1163 361 1326 414 αὐτούς
1354 367 1703 419 καταπολεμῆσαι

324 418 396 461 καὶ
429 420 691 472 μεταστῆσαι
720 421 979 470 πανοικίους
1009 419 1202 470 ἅπαντας
1232 422 1290 471 εἰς
1317 437 1397 475 την
1426 420 1609 475 ἐρημίαν
1629 421 1703 464 καὶ

324 473 595 528 πορρωτάτω
625 477 699 542 τῆς
723 473 862 526 Ἀσίας
892 475 1093 533 κειμένην
1127 477 1293 547 χώραν,
1332 476 1457 520 αὐτοὶ
1487 477 1531 519 δὲ
1562 476 1703 546 δόγμα

245 541 300 581 20
328 531 574 600 γράψαντες
591 529 845 575 ἀκόλουθον
863 538 955 584 τοῖς
972 535 1300 590 προειρημένοις
1327 533 1706 587 παρεσκευάζοντο

328 587 382 631 τὰ
421 586 534 641 πρὸς
570 586 651 642 τὴν
691 591 931 656 στρατείαν.
993 592 1238 644 Περδίκκας
1269 591 1314 633 δὲ
1342 590 1446 641 τούς
1475 607 1518 634 τε
1548 593 1705 643 φίλους

327 644 402 688 καὶ
439 644 545 695 τούς
586 643 799 701 ἡγεμόνας
837 645 1052 716 ἀθροίσας
1081 647 1295 716 προέθηκε
1326 648 1490 702 βουλὴν
1518 646 1705 702 πότερον

329 701 398 744 ἐπὶ
427 717 508 757 την
532 704 817 745 ΝΙακεδονίαν
846 702 927 758 χρὴ
959 704 1208 756 στρατεύειν
1236 703 1264 759 ἢ
1292 703 1507 757 πρότερον
1536 704 1604 747 ἐπὶ
1626 704 1705 748 τὸν

246 762 300 805 25
331 762 607 813 Πτολεμαῖον
645 757 843 814 ὁρμῆσαι.
902 759 1079 802 πάντων
1118 757 1158 803 δ’
1201 760 1517 831 ἐπενεχθέντων
1557 762 1626 805 ἐπὶ
1654 760 1704 803 τό

327 815 545 869 πρότερον
572 819 921 871 καταπολεμῆσαι
956 816 1034 859 τὸν
1072 820 1369 871 Πτολεμαῖον,
1415 816 1535 868 ὅπως
1571 818 1707 889 μηδεν

329 871 552 942 ἐμπόδιον
570 872 696 926 ἔχωσι
724 888 800 927 της
829 873 940 915 κατὰ
968 875 1047 942 τήν
1069 875 1356 917 ιΜακεδονίαν
1386 872 1534 929 ὁρμῆς,
1563 873 1706 929 Εὐμέ-

328 945 383 984 νη
421 945 498 983 μεν
536 927 742 983 ἐξέπεμψε
778 928 882 983 μετά
923 929 1148 998 δυνάμεως
1190 928 1434 998 ἀξιολόγου,
1465 930 1707 984 προςτάξας

329 985 581 1052 ἐφεδρεύειν
620 990 712 1035 τοῖς
751 987 850 1040 περὶ
889 985 966 1030 τὸν
997 986 1312 1057 Ελλήςποντον
1344 986 1494 1038 τόποις
1524 988 1598 1030 καὶ
1625 986 1707 1043 τὴν

247 1050 301 1090 30
331 1040 537 1110 διάβασιν
565 1041 761 1091 κωλύειν,
792 1041 923 1094 αὐτὸς
952 1044 998 1087 δε
1029 1043 1265 1100 ἀναλαβών
1294 1045 1340 1087 ἐκ
1372 1048 1448 1100 τῆς
1476 1046 1707 1096 Πισιδικῆς

329 1097 410 1154 τὴν
438 1099 620 1154 πορείαν
651 1099 717 1142 ἐπὶ
745 1116 825 1156 την
853 1103 1078 1156 Αίγυπτον
1108 1102 1307 1145 ἐποιεῖτο.
1363 1105 1500 1144 ταῦτα
1522 1101 1601 1158 μὲν
1624 1101 1708 1144 οῦν

330 1155 531 1227 ἐπράχθη
554 1155 665 1198 κατὰ
694 1161 852 1200 τοῦτον
887 1158 966 1200 τόν
995 1159 1210 1201 ἐνιαυτόν.

245 1219 302 1259 26
438 1211 531 1255 Ἐπ’
577 1211 787 1283 ἄρχοντος
833 1211 875 1257 δ’
916 1213 1126 1284 ᾈθήνησι
1166 1212 1432 1265 Φιλοκλέους
1472 1215 1519 1258 ἐν
1563 1212 1706 1270 Ῥώμῃ

247 1275 303 1317 35
329 1269 657 1325 κατεστάθησαν
692 1269 854 1314 ὕπατοι
892 1271 1026 1322 Γάιος
1057 1273 1326 1322 Σουλπίκιος
1363 1273 1437 1315 καὶ
1468 1270 1603 1321 Γάϊος
1632 1273 1708 1314 Αἵ-

327 1329 434 1375 λιος.
492 1326 562 1369 ἐπὶ
599 1327 645 1370 δὲ
681 1327 852 1370 τούτων
886 1326 1130 1383 Ἀρριδαῖος
1164 1328 1187 1371 6
1216 1328 1504 1378 κατασταθεὶς
1533 1327 1600 1370 ἐπὶ
1629 1328 1709 1397 τῆν

326 1382 625 1452 κατακομιδὴν
653 1388 733 1426 τοῦ
757 1383 869 1426 Ἀλεὲ
849 1384 1040 1439 άνδρου
1062 1384 1269 1440 σώματος.
1301 1384 1610 1435 συντετελεκως
1627 1385 1709 1439 τήν

328 1438 587 1494 ἁρμάμαξαν
633 1438 708 1494 ἐφ’
757 1442 809 1496 ῆς
858 1441 943 1484 ἔδει
981 1445 1359 1510 κατακομισθῆναι
1397 1442 1445 1485 τὸ
1483 1442 1709 1510 βασιλικὸν

328 1500 477 1551 σῶμα,
508 1497 846 1550 παρεσκευάζετο
871 1499 924 1541 τὰ
935 1498 1061 1584 eamd&
1089 1497 1169 1555 τὴν
1200 1498 1400 1553 κομιδήν.
1462 1498 1552 1541 ἐπεὶ
1582 1497 1626 1541 δε
1655 1495 1706 1540 τό

246 1558 302 1602 40
331 1553 687 1597 κατασκευασθέν
733 1554 862 1609 ἔργον
901 1552 1131 1611 ἀξιόλογον
1168 1554 1366 1611 ὑπάρχον
1404 1558 1480 1611 τῆς
1523 1553 1710 1606 Ἀλεξάν-

333 1611 446 1662 δρου
486 1609 637 1682 δόξης
643 1608 695 1653 οὐ
727 1611 866 1666 μόνον
895 1612 1004 1655 κατὰ
1025 1629 1116 1682 την
1155 1612 1355 1668 δαπάνην
1393 1612 1590 1667 διήνεγκε
1619 1614 1709 1653 τῶν

332 1664 491 1714 ἄλλων,
523 1666 582 1717 ὠς
612 1666 696 1711 απὸ
727 1672 901 1711 πολλῶν
929 1668 1152 1712 ταλάντων
1179 1669 1559 1718 κατασκευασθέν,
1601 1666 1709 1711 ἀλλὰ

330 1723 402 1766 καὶ
432 1727 486 1779 τῇ
515 1723 625 1766 κατὰ
653 1723 734 1780 τήν
761 1724 915 1780 τέχνην
944 1725 1212 1794 περιττότητι
1241 1725 1505 1795 περιβόητον
1531 1724 1706 1780 ὑπῆρξε,

247 1784 302 1828 45
332 1783 475 1830 καλῶς
505 1779 614 1836 ε’χειν
631 1781 999 1850 ὑπολαμβάνομεν
1020 1780 1272 1837 ἀναγράψαι
1292 1783 1390 1837 περὶ
1413 1782 1565 1825 αὐτοῦ.
1595 1785 1706 1851 πρῶ·
1718 1787 1786 1823 278

329 1852 409 1879 τον
448 1837 527 1891 μὲν
564 1837 648 1892 γάρ
678 1841 738 1895 τῷ
770 1837 935 1894 σώματι
946 1838 1287 1910 κατεσκευάσθη
1315 1843 1511 1909 χρυσοῦν
1541 1836 1714 1909 σφυρή-

329 1896 464 1936 λατον
495 1893 700 1949 ἁρμόζον,
729 1897 802 1938 καὶ
831 1895 956 1939 τοῦτ’
987 1895 1072 1940 άνα
1098 1897 1232 1966 μέσον
1258 1897 1514 1951 ἐπληρωσαν
1536 1894 1711 1963 αρωμά-

328 1964 417 1992 των
446 1953 535 1992 τῶν
565 1950 654 2007 ἅμα
683 1952 940 2007 δυναμένων
967 1953 1052 2023 τὴν
1079 1952 1269 1997 εὐωδίαν
1296 1954 1370 1997 καὶ
1395 1952 1476 2008 τὴν
1495 1949 1710 2006 διαμονὴν

330 2005 596 2061 παρέχεσθαι
633 2012 694 2064 τῷ
735 2010 911 2079 σώματι.
972 2008 1116 2053 ἐπάνω
1147 2010 1192 2053 δὲ
1220 2013 1295 2066 τῆς
1323 2009 1462 2065 θήκης
1490 2008 1707 2050 ἐπετίθετο
1731 2056 1735 2057 ⁷

248 2066 303 2108 50
331 2062 558 2133 καλυπτηρ
588 2069 794 2119 χρυσοῦς,
825 2065 1026 2121 ἁρμόζων
1057 2065 1245 2122 ἀκριβεῖ-ς
1274 2066 1346 2109 καὶ
1374 2062 1710 2134 περιλαμβάνων

329 2118 410 2175 τήν
441 2117 646 2163 ανωτάτω
677 2122 971 2178 περιφέρειαν.
1028 2123 1188 2178 ταύτης
1218 2121 1261 2166 δ’
1293 2121 1438 2165 ἐπάνω
1468 2120 1707 2173 περιέκειτο

330 2177 524 2232 φοινικὶς
554 2179 793 2235 διαπρεπὴς
820 2181 1202 2249 χρυσοποίκιλτος,
1244 2178 1349 2232 παρ’
1383 2177 1439 2233 ἢν
1470 2177 1626 2221 εθεσαν
1654 2193 1709 2220 τα

330 2236 412 2276 τοῦ
462 2236 771 2291 μετηλλαχότος
818 2237 955 2288 ὅπλα,
1015 2238 1275 2292 βουλόμενοι
1316 2238 1594 2278 συνοικειοῦν
1627 2234 1709 2303 τήν

332 2288 439 2358 όλην
467 2294 715 2344 φαντασίαν
749 2298 843 2344 ταῖς
872 2293 1340 2348 προκατειργασμέναις
1369 2289 1560 2361 πράξεσι
1604 2290 1710 2347 μετὰ

251 2343 305 2389 55
335 2345 381 2389 δὲ
409 2351 547 2390 ταῦτα
575 2350 852 2407 παρέστησαν
887 2350 967 2406 τὴν
997 2355 1128 2394 τοῦτο
1158 2353 1405 2406 κομιοῦσαν
1434 2346 1706 2404 ἁρμάμαξαν.

333 2457 391 2493 18.
436 2462 658 2501 πανοικίους
679 2466 758 2507 post
781 2464 1079 2519 καταπολεμῆσαι
1111 2462 1208 2507 ponit
1229 2463 1260 2498 F
1460 2460 1708 2514 μεταστῆσαι]

334 2510 548 2551 μεταγαγεῖν
571 2509 664 2552 FQv
847 2510 906 2545 21.
951 2523 998 2545 τα
1022 2521 1091 2543 om.
1116 2510 1146 2543 F
1329 2508 1387 2543 25.
1434 2507 1514 2554 επὶ]
1551 2510 1625 2543 τῶν
1647 2505 1707 2538 ἐπὶ

334 2551 366 2584 F
544 2553 601 2588 30.
651 2552 871 2600 ἀναλαβών]
895 2555 963 2602 τήν
987 2552 1163 2610 στρατιάν
1187 2556 1283 2589 addit
1306 2556 1390 2589 Rei-
1379 2555 1471 2588 kius
1648 2550 1707 2584 34·

337 2597 586 2652 Σουλπίκιος]
624 2603 850 2643 Σουλπίτιος
872 2603 905 2647 Q
1115 2600 1173 2638 35.
1223 2599 1241 2637 ὁ
1267 2614 1335 2636 om.
1359 2603 1442 2635 Bae
1648 2595 1706 2630 4⁰-

333 2638 554 2686 αξιόλογον]
577 2645 688 2680 immo
712 2646 819 2691 ἄξιον
1001 2646 1059 2684 43.
1104 2645 1172 2689 τήν
1195 2661 1229 2679 τ
1222 2644 1346 2690 ἢμην]
1378 2643 1508 2687 τέχνην
1531 2642 1612 2677 Bas.

425 2688 507 2723 278.
537 2689 593 2724 46.
640 2693 684 2726 ad
717 2693 880 2736 χρυσοῦν
903 2691 1139 2736 σφυρήλατον
1163 2701 1288 2725 nomen
1312 2691 1428 2723 deesse
1451 2688 1585 2724 monuit
1606 2688 1706 2722 Rho-

333 2732 526 2768 dssfflfflmflss
707 2740 766 2777 47.
810 2738 1024 2795 ἐπλήρωσαν
1047 2738 1116 2779 W,
1143 2738 1272 2771 caeteri
1295 2734 1502 2792 ἐπλήρωσεν

333 2779 430 2826 των]
455 2782 530 2815 τῶν
554 2779 595 2816 δ’
618 2784 649 2818 F
833 2785 866 2819 8.
903 2752 979 2830 τὴν
1004 2763 1212 2830 διαμόνὴν]
1237 2780 1420 2829 διαμονήν
1443 2783 1523 2817 Bas.
