1820 3249
335 161 448 203 1046
692 156 944 200 LIB.XV1.
991 156 1125 202 GAP.
1157 162 1198 202 4.
1226 181 1282 191 -·
1311 163 1356 201 6.

338 268 636 341 σβευσάμενοι,
665 269 738 313 καὶ
760 272 848 313 τῶν
868 271 1190 314 Μακεδονικῶν
1209 267 1381 313 πόλεων
1403 271 1558 313 πασῶν
1587 270 1712 324 ἐκχω-

338 327 565 399 ρήσαντες,
597 327 749 381 ἔτυχον
777 330 854 382 τῆς
885 325 1071 397 εἰρήνης.
1131 324 1412 397 ἀνῃρέθησαν
1444 327 1489 370 δὲ
1518 330 1606 369 τῶν
1630 325 1712 370 Ἰλ-

283 411 312 451 5
339 388 505 455 λυριῶν
535 384 581 428 έν
608 383 746 483 vg6v37
774 388 827 455 τῇ
857 383 972 454 μάχῃ
1001 385 1176 434 πλείους
1204 386 1293 426 τῶν
1323 383 1679 483 Ξπτακιςχιλίων

1688 455 1714 481 ν

231 470 310 508 100
339 438 1334 568 7222253‘3‘95w262222‚vssffssffiofflgfflffi}
1354 439 1715 565 ‘2322‘222253‘25253‘19

339 553 529 608 πράξεις.
588 552 697 596 κατὰ
728 553 812 609 γὰρ
843 554 925 625 τήν
956 555 1163 597 Σικελίαν
1193 552 1429 604 Διονύσιος
1458 553 1482 597 6
1512 557 1599 596 τῶν
1622 557 1714 596 Συ-

340 613 561 665 ρακοσίων
589 607 805 664 τύραννος
836 610 859 654 ὁ
889 609 1112 666 νεώτερος,
1142 610 1423 681 παρειληφώς
1443 609 1521 665 μὲν
1540 609 1619 663 τὴν
1642 611 1717 664 δυ-

285 670 312 712 5
339 669 544 710 ναστείαν
573 666 620 710 ἐν
648 671 739 718 τοῖς
768 666 971 721 ἀνωτέρω
1001 672 1191 722 καιροῖς,
1221 666 1443 722 ἄπρακτος
1473 666 1519 709 δὲ
1550 665 1613 709 ὠν
1644 665 1719 709 καὶ

337 722 452 768 πολὺ
487 726 569 766 τοῦ
599 724 766 777 πατρὸς
795 724 1151 779 καταδεέστερος,
1195 729 1491 779 προςεποιεῑτο
1535 722 1607 766 δια
1624 722 1718 791 τήν

339 780 560 850 ἀπραγίαν
579 782 794 835 εἰρηνικὸς
823 787 934 825 εἰναι
964 781 1037 824 καὶ
1065 784 1205 838 πρᾷος
1233 780 1311 824 τὸν
1340 780 1516 849 τρόπον.
1565 777 1717 850 διόπερ

337 837 447 891 πρός
468 839 826 910 Καρχηδονίους
878 825 1207 892 διαδεδεγμένος
1251 836 1329 880 τὸν
1368 836 1560 891 πόλεμον
1608 835 1720 908 πρός

338 910 383 937 τε
402 892 586 944 τούτους
608 894 783 965 εἰρήνην
805 894 1027 947 συνέθετο,
1056 895 1130 937 καὶ
1153 894 1266 947 πρός
1285 893 1540 944 Λευκανούς
1558 892 1722 948 ὁμοίως

257 956 310 996 10
341 951 661 1023 διαπολεμήσας
700 951 845 1007 ἀργῶς
882 952 952 995 ἐπί
980 967 1077 995 τινα
1114 951 1300 1006 χρόνον,
1350 951 1422 994 καὶ
1447 956 1543 1000 ταῖς
1573 953 1721 992 τελευ-

340 1008 481 1058 ταίαις
508 1008 665 1077 μάχαις
697 1008 766 1052 ἐπὶ
794 1012 876 1053 τοῦ
906 1006 1230 1078 προτερήματος
1246 1006 1512 1076 γενόμενος,
1524 1005 1722 1060 ἀσμένως

336 1063 450 1133 πρὸς
501 1062 662 1116 αὐτούς
708 1064 976 1110 κατελύσατο
1015 1063 1094 1108 τὸν
1129 1066 1334 1131 πόλεμον.
1405 1081 1516 1108 κατα
1557 1062 1603 1106 δὲ
1641 1061 1722 1118 τὴν

336 1118 570 1164 Ἀπουλίαν
611 1121 692 1165 δύο
731 1122 877 1174 πόλεις
913 1122 1071 1171 ἔκτισε,
1120 1122 1399 1189 βουλόμενος
1425 1119 1600 1176 ἀσφαλῆ
1629 1123 1722 1170 τοῖς

258 1179 312 1223 15
341 1177 522 1221 πλέουσι
551 1177 630 1222 τὸν
655 1177 811 1223 Ἰόνιον
839 1179 983 1250 πόρον
1013 1182 1214 1234 ποιῆσαι·
1268 1180 1312 1221 οἱ
1349 1177 1433 1234 γὰρ
1475 1193 1555 1233 την
1585 1192 1723 1231 παρα-

339 1236 582 1279 θαλαττίαν
613 1236 836 1288 οἰκοῦντες
857 1236 1084 1306 βάρβαροι
1121 1236 1320 1293 λῃστρίσι
1352 1238 1534 1285 πολλαῖς
1562 1233 1724 1277 πλέον-

338 1306 407 1341 τες
438 1290 608 1334 ἄπλουν
636 1297 728 1344 τοῖς
758 1292 964 1348 ἐμπόροις
994 1294 1321 1346 παρεσκεύαζον
1350 1296 1497 1334 πᾶσαν
1525 1291 1604 1345 τὴν
1624 1290 1725 1363 περὶ

338 1347 418 1390 τόν
451 1348 624 1402 Ἀδρίαν
664 1349 902 1393 θάλατταν.
961 1349 1065 1403 μετὰ
1095 1350 1141 1392 δὲ
1169 1353 1307 1391 ταῦτα
1338 1348 1445 1399 δούς
1475 1346 1632 1390 ἑαυτὸν
1663 1348 1724 1397 εἰς

339 1405 441 1459 βίον
469 1404 694 1461 εἰρηνικόν
725 1406 895 1458 ἐξέλυσε
925 1406 1004 1460 μὲν
1033 1408 1121 1448 τῶν
1152 1409 1430 1457 στρατιωτῶν
1459 1404 1534 1454 τοὶς
1565 1403 1611 1446 έν
1631 1407 1722 1454 τοῖς

257 1464 312 1505 20
340 1462 548 1517 πολέμοις
574 1465 840 1517 γυμνασίας,
890 1463 1094 1531 μεγίστην
1125 1462 1170 1505 δε
1199 1478 1288 1504 των
1319 1478 1430 1504 κατα
1458 1461 1536 1516 τὴν
1568 1457 1722 1514 Εὐρώ-
1743 1461 1788 1495 85

341 1532 430 1573 πην
459 1520 718 1562 δυναστείαν
748 1518 1019 1591 παραλαβών
1047 1517 1127 1574 τὴν
1159 1516 1296 1575 ἀρχήν
1325 1519 1398 1561 καὶ
1425 1534 1505 1573 την
1526 1516 1614 1560 ὑπὸ
1641 1520 1723 1560 τοῦ

343 1573 509 1628 πατρὸς
538 1575 775 1632 λεγομένην
805 1575 1024 1630 οἰδάμαντι
1049 1575 1251 1618 δεδέσθαι
1273 1577 1514 1628 τυραννίδα
1542 1573 1615 1617 δια
1645 1573 1725 1629 τὴν

344 1631 462 1674 ἰδίαν
492 1629 739 1686 ἀνανδρίαν
767 1631 1029 1702 παραδόξως
1058 1631 1258 1687 ἀπέβαλε.
1307 1631 1385 1682 τὰς
1415 1631 1460 1674 δὲ
1492 1632 1630 1679 αἰτίας
1650 1633 1727 1685 τῆς

258 1691 315 1734 25
346 1687 627 1738 καταλύσεως
673 1690 747 1732 καὶ
795 1689 873 1740 τὰς
917 1689 1026 1732 κατὰ
1069 1689 1200 1758 μέρος
1237 1688 1410 1757 πράξεις
1453 1685 1726 1742 ἀναγράφειν

286 1751 316 1790 6
341 1744 660 1814 πειρασόμεθα.
720 1744 791 1788 ἐπ’
825 1745 1036 1800 ἄρχοντος
1065 1762 1149 1800 γαρ
1177 1743 1388 1800 Ἀθήνησι
1410 1743 1728 1813 Κηφισοδότου

341 1798 547 1856 Ῥωμαῖοι
576 1800 844 1874 κατέστησαν
875 1802 1074 1852 υπάτους
1106 1801 1244 1844 Γάϊον
1264 1803 1465 1844 Λικίνιον
1492 1801 1565 1844 καὶ
1588 1799 1726 1843 Γάϊον

345 1860 630 1901 Σουλπίκιον
691 1858 760 1901 ἐπὶ
790 1859 838 1901 δὲ
867 1857 1036 1901 τούτων
1063 1861 1187 1901 Δίων
1219 1856 1241 1901 6
1268 1857 1534 1912 Ιππαρίνου,
1567 1861 1728 1909 Συρα-

258 1920 316 1962 30
345 1915 511 1958 κοσίων
542 1914 748 1984 ὑπάρχων
778 1914 1128 1968 ἐπιφανέστατος,
1160 1915 1322 1986 ἔφυγεν
1353 1915 1398 1957 ἐκ
1417 1919 1493 1970 τῆς
1512 1917 1730 1967 Σικελίας,

344 1971 419 2015 καὶ
459 1970 531 2014 διὰ
569 1970 650 2027 τὴν
689 1972 972 2043 λαμπρότητα
1009 1976 1085 2027 τῆς
1114 1975 1255 2027 ψυχῆς
1282 1970 1554 2040 ἠλευθέρωσε
1583 1975 1731 2024 Συρα-

343 2028 525 2079 κοσίους
554 2029 627 2071 καὶ
658 2028 763 2079 τούς
794 2027 954 2080 αλλους
983 2028 1248 2079 Σικελιώτας
1278 2028 1350 2072 δια
1381 2027 1586 2078 τοιαύτας
1608 2044 1732 2095 τινας

345 2086 497 2144 αἰτίας.
558 2084 582 2128 ὁ
623 2084 919 2141 πρεσβύτερος
964 2085 1202 2137 Διονύσιος
1241 2084 1289 2128 ἐκ
1337 2087 1465 2128 δυοῖν
1504 2100 1729 2153 γυναικων

344 2143 403 2197 ἠν
431 2143 871 2212 πεπαιδοποιημένος,
905 2143 951 2186 ἐκ
981 2159 1059 2198 μεν
1087 2147 1161 2197 τῆς
1191 2157 1363 2197 πρωτης
1393 2143 1612 2211 Λοκρίδος
1648 2139 1730 2184 οὕ-

262 2200 317 2244 35
349 2210 427 2254 σης
456 2197 506 2241 τὸ
546 2197 674 2253 γένος
713 2197 959 2242 Διονύσιον
997 2199 1077 2242 τόν
1115 2198 1424 2253 διαδεξάμενον
1464 2214 1544 2267 την
1571 2213 1729 2251 τυραν-

344 2257 471 2307 νίδα,
520 2254 568 2297 ἐκ
607 2257 653 2298 δὲ
691 2260 767 2312 τῆς
797 2256 1001 2309 δευτέρας
1029 2255 1287 2310 Ἱππαρίνου
1317 2256 1537 2308 θυγατρὸς
1578 2254 1728 2310 οὔσης,

345 2310 703 2367 εὐδοκιμωτάτου
727 2315 1033 2367 Συρακοσίων,
1061 2313 1141 2356 δύο
1162 2315 1343 2363 παῖδας,
1372 2311 1626 2366 Ἱππαρῖνον
1655 2311 1728 2354 καὶ

346 2370 597 2423 Ναρσαῖον.
657 2369 860 2426 ἐτύγχανε
891 2370 937 2413 δὲ
968 2374 1043 2425 τῆς
1072 2370 1277 2423 δευτέρας
1305 2368 1514 2424 γυναικὸς
1538 2366 1729 2423 ἀδελφός

346 2481 403 2516 98.
451 2480 491 2517 ἐν
516 2495 585 2519 om.
621 2483 650 2516 F
835 2483 868 2518 3.
921 2484 1164 2527 Συρακοσίων
1202 2485 1285 2518 Bas.
1469 2483 1524 2516 14.
1573 2480 1724 2525 Ἰόνιον]

343 2526 490 2563 Ἷαὶνιον
511 2529 594 2563 Bas.
780 2529 836 2563 17.
884 2531 1029 2573 πᾶσαν]
1064 2531 1155 2565 πᾶσι
1178 2531 1207 2563 F

439 2574 495 2608 86.
521 2575 577 2609 21.
611 2576 829 2610 δυναστείαν
845 2576 908 2610 ΤΥ
929 2577 1025 2617 Bas„
1050 2576 1177 2610 caeteri
1199 2576 1426 2610 δυναστειῶν
1565 2573 1623 2608 26.
1651 2575 1728 2615 Κη-

349 2619 571 2665 φισοδότου]
597 2632 718 2654 *erum
735 2626 786 2656 est
802 2621 1103 2667 Κηφισοδωρου.·
1128 2622 1205 2655 vide
1226 2622 1484 2656 annotationem
1666 2619 1726 2654 27.

349 2667 518 2703 Λικίνιον
541 2668 591 2707 F,
617 2670 743 2700 caeteri
767 2669 958 2703 Λικίννιον
1140 2667 1197 2701 28
1240 2664 1258 2702 6
1285 2680 1354 2703 om.
1380 2669 1463 2701 Bas.
1651 2667 1728 2700 Συ-

348 2714 535 2756 ρακοσίων
566 2713 648 2748 Bas.
836 2713 893 2749 31.
944 2714 1206 2757 Συρακοσίους
1236 2716 1320 2748 Bas.
1517 2712 1572 2746 33.
1621 2711 1728 2746 δυοῖν

347 2760 410 2794 FL
432 2760 534 2801 Bas„
557 2758 684 2793 caeteri
708 2758 811 2795 δυεῖν
982 2762 1038 2797 37.
1074 2762 1285 2807 Ναρσαῖον]
1311 2771 1433 2795 verum
1458 2762 1508 2794 est
1534 2759 1727 2794 Nvaazov:

347 2805 428 2840 vide
455 2805 711 2841 annotationem
