1820 3249
478 185 596 226 LlB.
627 183 720 224 XX.
788 184 920 226 cn’.
949 187 1018 227 87.
1048 187 1117 228 88.
1376 185 1487 228 1537

106 309 196 344 σιοι
233 295 465 354 γενόμενοί
500 292 612 346 τούς
642 294 741 350 μὲν
766 292 964 348 ἀνεῖλον,
1003 293 1109 346 τούς
1146 293 1191 339 δ’
1229 296 1487 339 ἐπανελθεῖν

104 358 166 408 εἰς
192 354 388 400 τούπίσω
408 350 778 421 συνηνάγκασαν·
812 351 1021 422 συνήργει
1052 352 1098 395 δὲ
1127 357 1219 408 τοῖς
1249 353 1296 395 ἐκ
1319 357 1395 408 τῆς
1411 351 1487 396 πό-

102 418 220 464 λεως
231 410 269 469 ἦ
298 415 381 455 τοῦ
403 409 525 461 παρὰ
544 408 593 452 τό
612 422 761 462 τειχος
789 407 930 451 τόπου
958 408 1184 478 τραχύτης,
1209 413 1385 453 πολλῶν
1412 409 1487 453 καὶ

102 469 304 538 μεγάλων
331 470 501 520 πετρων
528 464 638 509 κατὰ
665 465 716 509 ’τό
744 466 916 520 συνεχὲς
943 468 1152 520 κειμένων
1180 466 1297 520 παρα
1323 482 1403 522 την
1423 467 1485 509 οἶ-

102 524 300 581 κοδομὴν
326 525 405 589 ἔξω
434 526 516 566 τοῦ
541 523 722 577 τείχους.
766 525 855 564 τῶν
886 521 931 564 δὲ
959 538 1065 573 τους
1094 522 1358 577 στρατιώτας
1385 521 1486 566 τού·
1517 528 1598 568 100

102 599 222 633 τους
236 581 527 653 κομισάντων
550 582 736 632 σκαφῶν
767 575 849 621 οὐκ
884 577 1047 631 ὀλίγων
1077 579 1150 622 διοὶ
1179 579 1260 636 τὴν
1290 578 1486 634 ἀγωνίαν

101 637 441 686 ἐποκειλάντων,
484 637 527 679 οἱ
551 634 714 678 Ρόδιοι
743 635 903 690 ταχέως
931 635 985 677 τὰ
1014 634 1094 691 μὲν
1122 634 1388 690 ἀκροστόλια
1416 652 1487 680 πε·
1513 641 1570 682 87

102 696 363 750 ριέσπασαν,
391 693 503 749 ὕλην
532 692 578 736 δὲ
605 690 744 762 ξηράν
781 692 855 735 καὶ
886 693 1022 746 δᾶδας
1050 697 1144 743 ταῖς
1178 693 1338 736 ναυσὶν
1373 693 1486 736 ένέν·

100 768 170 802 τες
210 727 467 806 ἐνέπρησαν.
533 747 707 792 τούτων
747 748 794 792 δὲ
831 749 932 802 περὶ
969 746 1100 791 ταῦτ’
1142 747 1286 792 ὄντων
1325 750 1368 792 οἱ
1406 750 1486 805 μὲν

98 810 182 852 τοῦ
210 808 472 876 Δημητρίου
503 810 761 859 στρατιῶται
796 808 1023 860 πανταχοῦ
1060 807 1362 860 περιπλέοντες
1391 808 1485 849 κλί-
1543 808 1570 853 5

99 880 241 921 μακας
268 863 544 917 προςέφερον
571 867 664 914 τοῖς
697 862 857 931 τείχεσι
879 863 953 904 καὶ
982 862 1232 918 βιαιότερον
1261 862 1488 915 ἐνέκειντο,

101 922 517 990 συναγωνιζομένων
556 919 629 962 καὶ
657 935 746 961 των
775 916 861 961 άπὸ
891 922 968 974 τῆς
994 922 1075 974 γῆς
1104 918 1382 986 πανταχόθεν
1411 920 1487 963 καὶ

101 975 502 1030 συναλαλαζόντων.
544 976 653 1019 ἔνθα
679 974 732 1029 δὴ
762 979 937 1018 πολλῶν
963 975 1227 1044 παραβόλως
1255 978 1487 1020 κινδυνευ-

100 1033 297 1086 σάντων,
325 1034 400 1078 καὶ
430 1036 604 1088 συχνων
633 1029 893 1101 ἀναβάντων
923 1031 992 1074 ἐπὶ
1021 1031 1075 1074 τὰ
1099 1034 1230 1101 τείχη,
1253 1034 1486 1077 συνίστατο
1518 1038 1573 1079 10

99 1089 292 1159 καρτερὰ
325 1089 460 1157 μάχη,
499 1092 589 1132 τῶν
617 1088 697 1144 μὲν
734 1088 894 1139 ἔξωθεν
931 1088 1220 1158 βιαζομένων,
1247 1092 1334 1133 τῶν
1364 1088 1406 1133 6'
1436 1089 1486 1133 έκ

99 1151 179 1202 τῆς
221 1145 388 1197 πόλεως
426 1143 616 1213 5239qu
650 1143 1080 1199 παραβοηθούντων.
1153 1146 1272 1196 τέλος
1311 1145 1358 1190 δὲ
1395 1149 1487 1189 τῶν

95 1203 279 1248 Ῥοδίων
335 1201 539 1257 ἐκθύμως
589 1199 923 1255 αγωνιζομένων
971 1202 1016 1243 οί
1062 1200 1142 1270 μὲν
1191 1202 1263 1245 εἐπ
1268 1215 1348 1246 σον
1397 1207 1488 1246 τῶν

98 1258 488 1329 προςαναβάντων,
519 1259 562 1301 οἱ
592 1259 639 1301 δὲ
668 1257 1174 1324 κατατραυματισθέντες
1204 1258 1414 1312 ἓαλωσαν,
1439 1260 1488 1303 ἐν

102 1320 168 1368 οἱς
196 1314 322 1386 ἦσάν
345 1331 458 1366 τινες
495 1314 585 1358 καὶ
599 1317 687 1357 τῶν
716 1311 1069 1366 ἐπιφανεστάτων
1097 1313 1336 1384 ἡγεμόνων.
1397 1333 1486 1360 τοι·
1519 1321 1572 1365 15

99 1372 261 1416 ούτων
278 1371 329 1415 δὲ
364 1372 611 1442 γενομένων
648 1375 742 1420 τοῖς
779 1370 940 1421 ἔξωθεν
980 1370 1313 1426 ἐλαττωμάτων,
1352 1369 1375 1414 ὁ
1408 1373 1488 1427 μὲν

100 1429 351 1501 Δημήτριος
381 1426 616 1496 ἀπεκόμισε
644 1443 722 1478 τας
754 1443 951 1481 μηχανας
989 1428 1049 1478 εἰς
1077 1427 1155 1471 τὸν
1184 1429 1302 1471 ι’διον
1332 1429 1487 1483 λιμένα

99 1488 175 1532 καὶ
203 1485 257 1529 τὰ
284 1482 561 1555 πεπονηκότα
600 1500 689 1526 των
717 1486 882 1526 πλοίων
920 1484 995 1526 καὶ
1024 1488 1230 1539 μηχανῶν
1257 1485 1487 1529 ἐπεσκεύα-

101 1555 199 1595 σεν,
230 1543 274 1586 οἱ
304 1541 350 1586 δὲ
373 1539 537 1584 Ῥόδιοι
572 1539 678 1591 τούς
707 1556 785 1594 μεν
813 1539 1150 1595 τελευτήσαντας
1176 1544 1266 1583 τῶν
1293 1545 1487 1585 πολιτῶν

101 1600 298 1652 ε’θαψαν,
336 1598 392 1642 τὰ
431 1598 478 1641 δὲ
507 1596 620 1640 ὅπλα
649 1600 738 1639 τῶν
775 1598 994 1666 πολεμίων
1026 1597 1101 1640 καὶ
1136 1597 1190 1639 τὰ
1219 1597 1487 1651 ἀκροστόλια
1514 1605 1571 1645 20

24 1667 92 1707 469
104 1662 196 1708 τοῖς
223 1659 347 1707 θεοῖς
374 1653 611 1724 ἀνέθηκαν,
632 1653 687 1696 τὰ
716 1651 763 1696 δὲ
793 1651 864 1696 δια
894 1657 985 1697 τῶν
1013 1653 1294 1710 πετροβόλων
1321 1671 1487 1699 πεπτω-

101 1712 212 1759 κότα
238 1716 329 1756 τῶν
356 1727 511 1767 τειχων
541 1709 874 1782 ἀνῳκοδόμουν.

214 1766 466 1840 Δημήτριος
514 1767 562 1811 δὲ
608 1767 704 1821 περὶ
741 1766 835 1836 τὴν
871 1765 1105 1836 ἐπισκευήν
1147 1783 1238 1810 των
1276 1772 1484 1838 μηχανῶν
1513 1775 1571 1815 88

102 1827 177 1871 καὶ
204 1842 295 1869 των
333 1826 502 1868 πλοίων
532 1822 696 1878 ἡμέρας
734 1822 840 1866 έπτα
869 1822 1128 1878 γενόμενος,
1158 1825 1232 1867 καὶ
1257 1824 1402 1868 πάντα
1431 1825 1485 1869 τὰ

101 1883 215 1938 πρὸς
241 1897 322 1938 την
353 1882 615 1935 πολιορκίαν
638 1879 1095 1949 παρασκευασάμενος,
1124 1880 1256 1924 πάλιν
1284 1882 1484 1926 ε’πέπλευ-
1513 1887 1569 1930 25

103 1952 152 1984 σε
169 1942 242 2010 τῷ
269 1936 431 1994 λιμένι·
461 1941 579 1980 πᾶσα
607 1935 690 1992 γὰρ
720 1939 777 1991 ἡν
805 1935 832 1993 ἡ
857 1936 1034 2005 σπουδή
1064 1937 1162 1992 περὶ
1192 1937 1241 1981 τὸ
1271 1943 1486 2008 κρατῆσαι

100 1995 267 2040 τούτου
306 1995 382 2038 καὶ
417 1997 494 2049 τῆς
524 1995 813 2064 σιτοπομπίας
842 1991 1098 2036 αποκλεῖσαι
1125 1993 1232 2046 τοὺς
1262 1995 1372 2038 κατά
1404 2012 1485 2052 την

101 2051 246 2096 πόλιν.
305 2050 539 2109 γενόμενος
577 2049 618 2094 6²
657 2049 777 2100 ἐντὸς
805 2051 962 2119 βέλους
998 2055 1090 2101 τοῖς
1126 2051 1206 2105 μὲν
1234 2051 1485 2107 πυρφόροις

101 2113 282 2159 πολλοῖς
312 2110 439 2151 οὐσιν
460 2109 520 2158 εἰς
547 2123 601 2150 τα
631 2105 894 2176 διωρισμένα
925 2111 1056 2150 πλοῖα
1084 2111 1174 2150 τῶν
1197 2106 1415 2152 Ῥοδίων’
1398 2109 1486 2152 ενέ-
1514 2115 1570 2156 30

102 2170 238 2236 βαλε,
284 2169 378 2215 τοῖς
419 2163 465 2207 δὲ
501 2162 782 2232 πετροβόλοις
817 2180 871 2206 τα
908 2165 1024 2231 τείχη
1062 2163 1264 2214 διέσεισε,
1306 2170 1398 2216 τοῖς
1434 2163 1480 2209 δ’

102 2220 325 2277 ὀξυβελέσι
372 2219 426 2263 τοὶ
474 2218 720 2276 φαινόμενα
765 2236 852 2262 των
902 2221 1114 2274 σωμάτων
1161 2223 1484 2277 κατετίτρωσκε.

105 2281 317 2336 συνεχοῦς
346 2278 431 2322 οὐν
457 2277 532 2321 καὶ
560 2279 904 2333 καταπληκτικῆς
931 2276 1166 2335 γενομένης
1193 2282 1269 2334 τῆς
1297 2281 1483 2336 προςβο-

104 2481 164 2516 96
187 2478 240 2525 δε]
264 2478 304 2516 δε
327 2480 390 2517 καὶ
411 2482 489 2516 FW
680 2481 714 2517 5
738 2482 939 2537 πανταχοῦ]
963 2479 1197 2528 πανταχόθεν
1220 2484 1300 2518 FW

105 2527 140 2562 8.
165 2526 501 2570 συναλαλαζόντων]
526 2527 855 2572 συναλαλαξάντων
885 2530 965 2563 ssfflns
1141 2532 1287 2565 πολλῶν
1311 2541 1381 2564 om.
1403 2530 1435 2564 F

243 2573 300 2607 11.
335 2572 493 2616 ἁθρόων
514 2575 546 2608 Y
577 2576 681 2616 Bas..
707 2576 835 2612 caeteri
860 2573 1015 2618 άθρόως
1197 2577 1254 2610 14.
1289 2589 1386 2617 τινες
1409 2586 1478 2610 om.

103 2620 184 2654 FW
365 2620 424 2655 16.
443 2621 542 2665 τοῖς]
565 2634 638 2657 των
661 2601 691 2656 F

199 2688 282 2723 469.
329 2688 387 2723 25.
412 2686 493 2733 τήν]
516 2702 584 2730 τας
607 2691 636 2724 F
817 2690 875 2724 26.
900 2699 946 2734 ην
970 2686 992 2732 ἦ
1016 2689 1146 2731 wa',
1169 2690 1297 2724 caeteri
1319 2682 1366 2732 ἦν

107 2781 131 2816 ὃ
198 2734 255 2769 27.
271 2738 603 2815 ι(Ἰῖνιφτοπομπίας,
550 2737 603 2780 F,
627 2738 891 2782 σιτοπομπείας
915 2735 1042 2771 caelest
1235 2737 1292 2770 31.
1317 2734 1481 2778 διέσεισε]

132 2779 236 2818 ιέσειε

1143 2832 1201 2870 98
