1820 3249
289 65 400 105 1320
637 60 934 103 LIB.XV111.
978 61 1306 104 ΟΑΡ.65.66

290 176 396 242 βανε
424 171 532 226 πρὸς
560 172 636 223 τὰς
666 171 871 224 ἐντεύξεις
899 171 975 223 τας
1003 172 1114 226 πρὸς
1152 172 1231 217 τὸν
1261 170 1521 227 Νικάνορα,
1568 175 1658 218 ἰδία

291 229 338 273 δὲ
369 229 533 272 συνιων
563 230 621 279 εἰς
648 228 807 284 λόγους
833 229 907 272 καὶ
935 228 982 272 ἐν
1010 228 1276 302 ἀπορρήτοις
1288 206 1671 301 διαπραττόμενος-

293 285 482 341 φανερὸς
511 287 566 340 ἡν
596 284 761 328 άδικεῖν
790 285 954 340 μέλλων
982 302 1086 336 τους
1117 285 1391 356 Ἀθηναίους.
1451 283 1474 329 6
1506 286 1551 330 δὲ
1581 288 1661 357 δῆὲ-

213 345 266 389 15
293 359 375 398 μος
405 344 463 393 εἰς
492 341 720 412 ἐκκλησίαν
749 341 975 385 συνελθων
1004 342 1079 393 τὰς
1107 343 1187 398 μὲν
1213 340 1509 413 ὑπαρχούσας
1527 342 1662 398 οἷρχας

292 398 539 450 κατέλυσεν,
569 398 616 441 ἐκ
650 398 696 441 δὲ
724 415 812 442 των
829 398 1193 469 δημοτικωτάτων
1209 415 1261 442 τα
1284 399 1431 454 άρχεῖα
1451 399 1662 460 καταστή·
1731 398 1733 402 ’

295 466 376 506 σας
413 453 520 505 τούς
557 454 624 497 ἐπὶ
659 458 734 510 τῆς
763 454 1012 525 ὀλιγαρχίας
1039 456 1270 523 γεγονότας
1300 455 1512 511 ἄρχοντας
1540 471 1662 499 κατε-

294 514 442 555 δίκασε
481 509 586 562 τοῦς
621 511 700 582 μὲν
738 511 941 584 θανάτῳ,
989 510 1094 562 τούς
1133 512 1180 555 δὲ
1210 529 1352 583 φυγη
1359 512 1433 556 καὶ
1463 513 1664 580 δημεύσει

294 571 371 622 τῆς
410 565 582 618 οὐσίας·
632 567 678 610 ἐν
717 572 782 619 οἱς
818 571 873 624 ην
908 567 983 611 καὶ
1013 569 1199 611 Φωκίων
1229 569 1252 611 6
1283 566 1352 612 ἐπ’
1381 567 1663 624 Ἀντιπάτρου

206 625 262 664 20
292 640 372 682 την
400 639 489 667 των
517 624 631 667 ὅλων
659 622 805 695 ἀρχὴν
827 625 1029 679 ἐσχηκώς
1175 659 1178 661 .

207 683 263 720 66
406 676 539 724 Οὗτοι
569 681 648 736 μὲν
678 687 760 723 οῦν
790 681 1068 736 ἐκβληθέντες
1105 696 1153 723 εκ
1180 683 1256 736 τῆς
1284 680 1448 732 πόλεως
1475 680 1662 752 κατέφυ-

289 753 372 792 γον
399 737 509 806 πρός
533 736 813 789 Ἀλέξανδρον
840 737 919 780 τόν
950 735 1352 791 Πολυσπέρχοντος,
1380 739 1453 780 καὶ
1473 737 1546 782 διὰ
1565 737 1664 782 τού-

290 810 371 837 του
400 810 479 849 την
513 795 730 864 σωτηρίαν
749 794 919 844 εαυτοῖς
935 794 1129 862 πορίζειν
1152 792 1496 863 ἐφιλοτιμοῦντο
1537 809 1664 848 προς-

206 849 260 891 25
292 850 514 919 δεχθέντες
553 849 599 892 δὲ
635 847 716 892 ὑπ’
757 849 897 893 αὐτοῦ
933 847 1216 919 φιλοφρόνως
1244 849 1477 905 γράμματα
1505 851 1665 906 ελαβον

288 905 402 961 πρὸς
429 905 507 949 τὸν
539 905 704 961 πατέρα
735 906 1122 977 Πολυσπέρχοντα,
1155 905 1273 957 ὅπως
1301 906 1436 978 μηδεν
1463 907 1666 950 πάθωσιν

289 979 332 1006 οι
365 963 463 1016 περὶ
495 964 731 1015 Φωκίωνα,
758 960 961 1007 τάκείνου
991 961 1318 1032 πεφρονηκότες
1339 980 1412 1007 και
1428 980 1515 1008 νυν
1538 962 1665 1019 ἐπαγ-

290 1019 543 1074 γελλόμενοι
590 1018 733 1063 πάντα
777 1020 1058 1090 συμπράξειν.
1129 1018 1463 1071 ἀποστείλαντος
1503 1021 1550 1064 δὲ
1589 1020 1664 1064 καὶ

291 1081 374 1118 τοῦ
404 1075 546 1131 δημου
575 1077 808 1145 πρεσβείαν
835 1077 946 1131 πρός
974 1076 1053 1120 τὸν
1078 1076 1447 1132 Πολυσπέρχοντα
1477 1093 1559 1134 την
1587 1093 1660 1120 κα-
1671 1084 1738 1119 307

205 1132 259 1173 80
292 1136 571 1202 τηγοροῦσαν
599 1149 678 1187 μεν
706 1149 794 1176 των
822 1134 920 1187 περὶ
964 1135 1202 1184 Φωκίωνα,
1240 1137 1587 1187 παρακαλοῦσαν
1616 1134 1663 1177 δε

287 1206 369 1243 την
398 1191 662 1244 Μουνυχίαν
693 1189 848 1241 αὐτοῖς
877 1192 1034 1233 δοῦναι
1062 1206 1168 1245 μετα
1195 1192 1270 1244 τῆς
1301 1188 1587 1244 αὐτονομίας,
1635 1189 1660 1233 6

290 1245 615 1316 Πολυσπέρχων
650 1245 829 1290 ε’σπευδε
858 1263 947 1314 μεν
987 1249 1166 1304 φρουρᾷ
1210 1245 1403 1315 κατέχειν
1439 1245 1517 1289 τὸν
1558 1250 1676 1288 Πει-’

290 1307 392 1356 ραιᾶ
441 1302 514 1346 δια
549 1301 599 1345 τό
638 1302 778 1346 πολλὰ
805 1301 1035 1346 δύνασθαι
1074 1300 1350 1372 χρησιμεύειν
1394 1301 1473 1345 τόν
1511 1303 1663 1356 λιμένα

288 1360 399 1413 πρὸς
422 1375 499 1409 τας
529 1358 576 1402 έν
603 1364 694 1410 τοῖς
722 1359 927 1430 πολέμοις
955 1360 1119 1414 χρείας·
1151 1358 1519 1429 αἰσχυνόμενοςδ’
1542 1360 1665 1402 ἐναν-

205 1419 260 1460 35
289 1418 360 1458 τία
400 1415 605 1468 πράττειν
642 1419 702 1473 τῷ
739 1413 822 1471 υφ’
854 1415 1014 1459 ἑαυτοῦ
1043 1415 1326 1484 γεγραμμένῳ
1357 1414 1663 1471 διαγράμματι,

290 1473 364 1516 καὶ
399 1473 590 1527 νομίζων
628 1461 807 1523 ἄπιστος
828 1472 1136 1542 κριθήσεσθαι
1168 1471 1290 1542 παρὰ
1329 1477 1421 1523 τοῖς
1444 1472 1662 1543 ’Ἐλλησιν,

289 1528 364 1572 ἐὰν
393 1530 452 1579 εἰς
473 1528 553 1585 τὴν
575 1528 923 1584 ἐπιφανεστάτην
945 1527 1236 1599 παρανομήσῃ
1261 1527 1403 1579 πόλιν,
1433 1528 1663 1600 μετενόησε

289 1603 341 1642 τη
372 1585 538 1655 γνώμη.
598 1585 836 1637 διακούσας
866 1587 912 1629 δὲ
940 1602 1029 1629 των
1059 1585 1296 1654 πρέσβεων,
1327 1590 1420 1636 τοῖς
1449 1586 1527 1641 μὲν
1543 1602 1683 1656 παρα-

287 1645 372 1685 τοῦ
408 1641 552 1697 δήμου
590 1642 904 1711 πρεσβεύουσι
911 1641 1270 1712 φιλανθρώπους
1309 1642 1383 1685 καὶ
1412 1642 1663 1697 κεχαρισμέ-

203 1696 258 1742 40
286 1715 366 1750 νας
404 1699 566 1742 ε’δωκεν
604 1697 873 1755 ἀποκρίσεις
921 1699 1036 1750 τοῦς
1062 1699 1108 1742 δὲ
1137 1699 1249 1751 περὶ
1269 1700 1481 1761 Φωκίωνα
1511 1703 1664 1742 συλλα-

285 1755 381 1826 βῶν
418 1753 634 1799 απέστειλε
674 1757 878 1812 δεσμίους
915 1757 975 1805 εἰς
1014 1771 1092 1806 τας
1123 1753 1336 1811 Ἀθήνας,
1392 1755 1543 1806 διδούς
1582 1756 1663 1812 τὴν

285 1811 486 1863 ἐξουσίαν
525 1816 587 1869 τῷ
617 1811 738 1882 δημῳ
771 1814 852 1856 εἴτε
882 1811 1087 1869 βούλεται
1115 1816 1345 1855 θανατοῦν
1375 1811 1453 1855 εἴτ’
1492 1811 1661 1884 απολῦῂ-

287 1879 360 1911 σαι
402 1872 491 1912 τῶν
536 1858 828 1925 εγκλημάτων.
894 1870 1184 1924 συναχθείσης
1225 1864 1307 1911 οὖν
1345 1867 1573 1925 εκκλησίας
1615 1885 1662 1912 εν
1677 1872 1682 1885 ²

204 1928 256 1971 45
286 1929 381 1975 ταῖς
414 1923 618 1981 Ἀθήναις
663 1926 736 1970 καὶ
774 1927 1059 1994 προτεθείσης
1098 1927 1281 1980 κρίσεως
1317 1930 1409 1976 τοῖς
1446 1927 1543 1979 περὶ
1581 1924 1662 1968 τόν

289 1982 519 2032 Φωκίωνα,
549 1982 705 2025 πολλοὶ
732 1997 822 2025 των
848 1998 893 2024 τε
923 1981 1136 2052 φυγάδων
1155 1980 1401 2050 γεγονότων
1429 1981 1499 2024 ἐπ’
1528 1981 1661 2024 Ἀντι-

282 2038 452 2109 πάτρου
479 2038 554 2082 καὶ
581 2041 670 2081 τῶν
687 2036 1142 2109 ἀντιπολιτευομένων
1179 2037 1483 2106 κατηγόρησαν
1514 2036 1660 2080 αὐτων

282 2093 496 2139 θανάτου.
556 2089 613 2151 ἦν
652 2093 698 2138 δ’
739 2093 762 2138 6
801 2093 974 2150 σύμπας
1010 2099 1085 2165 τῆς
1123 2096 1386 2165 κατηγορίας
1425 2092 1555 2148 λόγος
1593 2093 1685 2137 ὅτι’

278 2154 413 2196 οὑτοι
440 2154 663 2205 παραίτιοι
690 2151 943 2208 γεγένηνται
971 2167 1075 2206 μετα
1104 2150 1181 2195 τὸν
1210 2150 1440 2220 Λαμιακόν
1467 2151 1660 2205 πόλεμον

204 2211 258 2253 50
286 2212 362 2264 τῆς
402 2224 448 2252 τε
491 2210 691 2259 δουλείας
727 2212 780 2264 τῇ
819 2209 996 2261 πατρίδι
1032 2208 1105 2252 καὶ
1144 2210 1239 2262 τῆς
1259 2206 1533 2258 καταλύσεως
1577 2212 1658 2250 τοῦ

285 2265 428 2335 δήμου
466 2265 540 2309 καὶ
574 2281 664 2308 των
702 2265 864 2319 νόμων.
924 2263 983 2315 ὠς
1022 2265 1069 2308 δὲ
1107 2269 1198 2314 τοῖς
1233 2262 1602 2334 ἀπολογουμένοις
1633 2263 1657 2306 6

283 2321 438 2377 καιρός
465 2321 689 2379 παρεδόθη
716 2325 792 2378 τῆς
822 2320 1083 2386 ἀπολογίας,
1119 2320 1143 2364 ὁ
1173 2320 1252 2376 μὲν
1284 2322 1470 2364 Φωκίων
1499 2319 1658 2376 η’ρξατο

283 2489 342 2526 14·
389 2488 600 2535 ιςυνθῖλὲῒᾱῗν]
625 2489 746 2527 ἐλθών
769 2492 799 2525 F
961 2490 1017 2525 15.
1062 2487 1318 2536 ὑπαρχούσας]
1344 2489 1658 2535 προϋπαρχούσας

281 2583 350 2619 2·on
371 2583 454 2619 Bas·
513 2537 849 2583 δημοτικωτάτων]
890 2537 1100 2583 δημοτικῶν
1123 2538 1156 2581 Q
1366 2537 1423 2573 28.
1471 2538 1536 2573 καὶ
1560 2537 1655 2598 τοῦ]

368 2652 450 2689 307.
490 2651 548 2688 3⁹.
599 2650 894 2697 φιλανθρώπους
916 2650 980 2688 καὶ
1003 2651 1094 2694 FW,
1117 2653 1244 2687 caeteri
1269 2627 1548 2697 φιλανθρώπως
1629 2646 1634 2674 ἕ

373 2698 430 2733 41.
477 2699 676 2745 δεσμίους]
713 2698 754 2736 ἐν
789 2700 939 2744 φυλακῇ
963 2699 1136 2743 δεσμίους
1159 2700 1301 2744 FQVW
1333 2712 1346 2729 ι
