1820 3249
288 134 401 174 1564
709 130 830 171 LIB.
854 129 944 170 XX.
999 131 1253 175 cAP.113.

283 242 542 312 ἡττηθέντες
583 239 972 311 αποκεχωρήκασιν
1015 244 1074 293 είς
1111 242 1190 312 τήν
1216 242 1503 298 Ἡράκλειαν,
1541 243 1673 288 Ἀντί-

283 317 417 356 γονος
454 299 500 343 δὲ
540 315 781 354 νενικηκως
822 297 1031 356 προςάγει
1052 299 1178 362 μετα
1221 305 1297 370 τῆς
1343 299 1567 357 δυνάμεως
1604 301 1674 345 ἐπὶ

206 363 253 401 10
285 358 468 411 Συρίας.
527 357 869 410 παραλογισθεὶς
903 357 993 403 οὐν
1034 354 1123 400 ὑπὸ
1160 357 1331 401 τούτων
1370 359 1443 401 καὶ
1479 359 1674 409 πεισθεὶς

285 413 430 470 ἀληθῆ
465 412 545 483 τὴν
577 414 899 468 προςαγγελίαν
936 411 1071 459 εἶναι,
1101 414 1212 468 πρὸς
1248 415 1324 470 μὲν
1354 431 1460 465 τους
1489 417 1676 458 Σιδωνί-

286 488 363 521 ους
394 473 452 521 εἰς
482 469 689 523 τέτταρας
718 474 858 525 μῆνας
888 469 1051 524 ανοχόις
1080 471 1326 526 ἐποιησατο,
1348 472 1424 522 τὰς
1452 471 1498 514 δὲ
1528 487 1676 527 χειρω-

282 531 435 577 θείσας
476 526 625 577 πόλεις
664 532 885 600 φρουραῖς
925 526 1284 597 ἀσφαλισάμενος
1323 530 1539 585 ἐπανηλθε
1569 544 1675 584 μετα

283 589 357 641 τῆς
387 583 614 638 δυνάμεως
645 585 703 633 εἰς
732 586 971 638 Αἴγυπτον.
1031 583 1121 639 ἅμα
1152 586 1198 627 δὲ
1235 586 1409 636 τούτοις
1436 585 1680 655 πραττομέ-

202 644 253 686 15
283 658 379 693 νοις
409 643 453 684 οἱ
481 645 570 683 τῶν
606 640 728 695 παρὰ
757 640 994 712 Λυσιμαχῳ
1027 646 1305 694 στρατιωτῶν
1336 641 1677 714 αὐτομολήσαν-

283 715 351 748 τες
391 698 438 741 ἐκ
478 702 553 754 τῆς
582 700 806 753 χειιιασίας
844 698 952 752 παρ’
979 696 1253 752 Ἀντίγονον,
1295 698 1568 770 Αὐταριᾶται
1598 699 1678 754 μὲν

285 757 503 811 διςχίλιοι,
554 755 716 798 Λύκιοι
755 756 801 798 δὲ
841 755 914 797 καὶ
947 754 1210 809 Παμφύλιοι
1236 757 1334 810 περὶ
1375 754 1676 806 ὀκτακοσίους.

285 813 459 862 τούτοις
504 811 584 867 μὲν
615 814 698 855 οὐν
723 809 970 866 Ἀντίγονος
1009 811 1337 866 φιλανθρωπως
1375 815 1679 883 προςενεχθεις

284 868 388 920 τούς
422 885 466 912 τε
504 868 692 924 μισθοὺς
737 869 897 912 ε’δωκεν
939 867 1018 918 οὕς
1059 869 1230 924 ἔφασαν
1261 868 1520 940 ὀφείλεσθαι
1557 868 1678 923 παρὰ

201 930 255 968 20
287 925 546 986 Λυσιμαχου
589 926 664 968 καὶ
706 927 891 980 δωρεαῖς
938 925 1118 995 ἐτίμησε
1179 925 1287 970 καθ’
1331 924 1383 970 ὀν
1423 929 1476 983 δὴ
1513 926 1678 982 χρόνον

285 980 394 1040 ἦλθε
424 984 499 1026 καὶ
528 982 749 1033 Σέλευκος
784 983 831 1026 ἐκ
861 985 950 1025 τῶν
980 981 1072 1026 ἄνω
1104 988 1379 1037 σατραπειῶν
1408 983 1680 1040 διαβεβηκώς

288 1043 348 1091 εἰς
380 1041 708 1083 Καππαδοκίαν
743 1056 850 1095 μετα
879 1044 1043 1109 πολλῆς
1068 1040 1309 1095 δυνάμεως,
1340 1041 1414 1084 καὶ
1443 1055 1679 1085 κατασκευ-

287 1097 396 1148 άσας
434 1096 590 1152 στεγνα
627 1102 720 1147 τοῖς
763 1094 1050 1151 στρατιωταις
1093 1098 1444 1153 παραχειμάζειν.
1514 1103 1598 1153 ειῖχε
1633 1097 1680 1140 δὲ

199 1154 255 1197 25
286 1154 441 1207 πεζους
480 1154 561 1210 μὲν
602 1157 660 1205 εἰς
694 1155 968 1209 διςμυρίους,
1009 1155 1152 1205 ἱππεῖς
1183 1156 1229 1198 δε
1264 1154 1350 1198 συν
1376 1160 1468 1205 τοῖς
1498 1157 1680 1198 ἱπποτο-

290 1211 434 1265 ξόταις
477 1211 576 1266 περὶ
610 1213 799 1267 μυρίους
846 1212 1101 1265 διςχιλίους
1152 1211 1393 1266 ἐλέφαντας
1436 1212 1482 1254 δὲ
1527 1210 1682 1280 ὀγδοή-

288 1286 425 1314 κοντα
454 1267 564 1323 πρὸς
593 1273 686 1318 τοῖς
724 1270 1052 1326 τετρακοσίοις,
1085 1268 1258 1323 ἅρματα
1289 1270 1334 1312 δε
1365 1267 1683 1340 δρεπανηφόρα

289 1328 423 1370 πλείω
456 1329 545 1368 τῶν
575 1323 743 1368 ἑκατόν.
807 1342 852 1367 αι
881 1324 960 1379 μὲν
997 1327 1079 1367 ούν
1108 1330 1197 1368 τῶν
1227 1326 1443 1396 βασιλέων
1477 1324 1684 1381 δυνάμεις

289 1387 451 1426 τοῦτον
500 1382 576 1426 τὸν
614 1381 782 1435 τρόπον
826 1379 1112 1437 ἠθροίζοντο,
1160 1382 1427 1436 κεκρικότων
1476 1382 1685 1426 ἁπάντων

205 1448 258 1487 30
289 1457 400 1484 κατα
429 1438 510 1494 τὴν
539 1438 755 1483 ἐπιοῦσαν
784 1441 965 1492 θερείαν
1004 1439 1078 1483 δια
1119 1444 1208 1483 τῶν
1238 1439 1386 1484 ὅπλων
1424 1445 1571 1493 κρῖναι
1606 1438 1684 1482 τὸν

287 1497 493 1566 πόλεμον.
553 1495 676 1565 ἡμεῖς
707 1495 781 1548 δέ,
811 1494 1014 1550 καθάπερ
1048 1497 1094 1539 ἐν
1124 1496 1255 1569 αρχῇ
1266 1498 1569 1551 προεθέμεθα,
1606 1495 1684 1540 τὸν

287 1553 531 1610 γενόμενον
568 1552 745 1604 τούτοις
783 1558 875 1603 τοῖς
904 1555 1131 1623 βασιλεῦσι
1169 1554 1279 1608 πρὸς
1310 1554 1530 1625 αλλήλους
1562 1552 1684 1597 πόλε-

288 1628 375 1668 μον
404 1612 503 1664 περὶ
531 1627 621 1653 των
651 1610 769 1655 ὅλων
794 1609 997 1665 πραξεων
1027 1608 1165 1668 ἀρχὴν
1193 1612 1472 1670 ποιησόμεθα
1494 1615 1571 1667 τῆς
1590 1610 1687 1654 επο-

289 1670 421 1725 μένης
455 1670 655 1725 βίβλου.

288 1854 322 1888 S.
347 1851 539 1896 noos-cira]
565 1862 723 1894 προαγει
747 1850 824 1884 FW
952 1850 1009 1884 12.
1035 1846 1173 1894 ἀνοχὰς
1197 1854 1272 1894 post
1298 1850 1510 1891 Σιδωνίους
1535 1850 1631 1893 ponit
1654 1851 1685 1883 F

291 1900 346 1934 15.
370 1897 571 1942 Λυσιμάχω
596 1898 696 1939 FW,
721 1908 782 1929 cao
766 1896 851 1929 eteri
876 1897 1113 1941 Λυσιμάχουε
1146 1905 1322 1931 caeterum
1346 1892 1467 1941 ἦλθον
1492 1899 1548 1930 vel
1573 1897 1687 1930 simile

288 1948 437 1980 verbum
480 1945 617 1979 excidis
612 1956 647 1977 e
682 1943 817 1977 monuit
857 1944 1133 1977 Rhodomannus
1341 1945 1398 1980 21.
1442 1940 1687 1988 διαβεβηκως]

291 1990 424 2038 διαβὰς
448 1992 528 2025 FW
715 1989 774 2023 22.
800 1990 852 2028 εἰς
881 1991 1166 2034 Καππαδοκίαν]
1193 1989 1232 2024 ἐκ
1260 1992 1534 2031 Καππαδοκίας
1560 1991 1606 2023 W

429 2038 487 2072 23.
514 2036 577 2072 καὶ
602 2048 670 2070 om.
699 2036 781 2069 Bas.
994 2035 1308 2082 παραχειμάζειν]
1335 2038 1552 2072 εοιίῦεῃόιιιῃ
1578 2047 1689 2078 παρε-

291 2086 457 2130 χείμαζεν
643 2082 700 2118 ⁹7.
738 2076 808 2116 οὖν
841 2093 911 2115 om.
937 2082 1018 2117 Bas.
1205 2084 1261 2118 31.
1292 2083 1359 2118 τὸν
1383 2084 1593 2129 γενόμενον]
1623 2081 1689 2126 τήν

785 2125 829 2162 ὀν
1025 2141 1068 2163 ον

292 2175 494 2234 γενομένην
518 2174 639 2220 κρίσιν
665 2174 731 2216 W,
765 2173 834 2218 τήν
861 2187 984 2220 γενομ.
981 2174 1065 2215 Ϊνην
1097 2176 1218 2219 κρίσιν
1244 2177 1299 2218 F,
1332 2181 1365 2209 et
1389 2176 1425 2209 in
1448 2175 1610 2218 margine
1633 2188 1689 2219 γρ.

292 2221 454 2268 πόλεμον
640 2220 696 2254 32-
724 2219 888 2264 πόλεμον
912 2235 982 2255 mn.
1009 2223 1085 2256 FW
1271 2223 1327 2256 33.
1353 2224 1418 2266 τῆς
1442 2234 1511 2255 nm.
1527 2202 1619 2256 ⁵8.ssss

433 2267 638 2313 Διοδώρου
666 2267 894 2304 Σικελιώτου
919 2268 1093 2313 ἱστοριων
1116 2282 1137 2303 κ
1162 2268 1261 2309 τέλος
1284 2269 1473 2303 subscribit
1497 2269 1578 2302 Bas.
