1820 3249
28 737 71 772 81

226 731 602 776 ΔΙοΔαΡον
675 731 815 774 Tor
882 698 1344 777 zJKEAmer

90 836 825 887 ,ΒΙΒΛΙΟΘΗΚΗΣ
895 839 1537 890 ΙΣΤΟΡΙΚΗΣ·

337 947 611 985 ΒῙΒΑΟΣ
654 947 1214 998 EKKAIAEKADH.

85 1117 207 1194 Ev
234 1149 389 1203 πάσαις
423 1149 502 1207 μὲν
534 1155 630 1203 ταῖς
667 1153 904 1205 ἷστορικαῖς
931 1153 1244 1206 πραγματείαις
1271 1153 1456 1224 καθήκει
1485 1156 1509 1196 1

85 1208 190 1260 τούς
227 1213 493 1279 συγγραφεῖς
531 1208 871 1279 περιλαμβάνειν
909 1207 957 1251 ἐν
995 1213 1090 1259 ταῖς
1119 1210 1285 1280 βίβλοις
1313 1209 1343 1267 ἢ
1371 1210 1453 1255 πό-

85 1267 198 1308 λεων
230 1263 262 1334 ἢ
302 1265 515 1334 βασιλέων
555 1264 732 1318 πράξεις
769 1262 1012 1315 αυτοτελεῖς
1051 1263 1132 1308 ἀπ’
1163 1264 1296 1335 ἀρχῆς
1330 1267 1453 1323 μέχρι
1483 1274 1510 1315 5

84 1324 167 1365 τοῦ
197 1320 363 1373 τέλους·
402 1319 518 1365 οὕτω
545 1322 631 1377 γάρ
660 1321 844 1378 μάλιστα
873 1321 1224 1391 διαλαμβάνομεν
1243 1322 1324 1392 τήν
1344 1325 1457 1367 ἱστο-

87 1379 187 1432 ρίαν
216 1376 567 1448 εὐμνημόιευτον
601 1379 675 1422 καὶ
713 1381 834 1435 σαφῆ
868 1378 1073 1447 γενέσθαι
1110 1383 1202 1429 τοῖς
1230 1377 1453 1435 ἀναγινώ-

86 1446 279 1477 σκουσιν.
338 1435 384 1477 αἱ
427 1434 505 1505 μὲν
541 1434 627 1490 γαρ
670 1435 880 1505 ἡμιτελεῖς
917 1434 1093 1489 πράξεις
1142 1434 1226 1479 οὐκ
1274 1436 1452 1492 ε’χουσαι
1483 1448 1535 1487 10

86 1489 259 1546 συνεχὲς
296 1495 390 1540 ταῖς
418 1496 570 1546 αρχαῖς
596 1491 644 1534 τὸ
682 1491 816 1561 πέρας
854 1494 1146 1562 μεσολαβοῦσι
1183 1493 1263 1549 τὴν
1303 1494 1452 1537 ε’πιθυ-

84 1548 188 1603 μίαν
217 1550 304 1589 τῶν
333 1546 838 1602 φιλαναγνωστούντων,
875 1549 922 1590 αἷ-
950 1547 996 1591 δὲ
1028 1546 1077 1590 τὸ
1108 1551 1184 1603 τῆς
1213 1549 1450 1618 διηγήσεως

84 1602 258 1672 συνεχες
284 1603 686 1673 περιλαμβάνουσαι
720 1605 842 1660 μέχρι
870 1608 947 1675 τῆς
974 1607 1168 1660 τελευτῆς
1196 1603 1451 1676 ἀπηρτισμέ-

82 1675 165 1729 νην
192 1659 296 1729 τὴν
298 1664 387 1703 τῶν
418 1659 618 1714 πράξεων
651 1661 831 1731 ἔχουσιν
868 1658 1143 1716 ἀπαγγελίαν.
1199 1660 1308 1705 ὅταν
1346 1662 1389 1706 δ’
1421 1661 1448 1720 ἦ

83 1715 231 1787 φύσις
231 1713 350 1784 afim}
377 1719 466 1759 τῶν
492 1716 778 1788 πραχθέντων
806 1721 996 1787 συνεργῇ
1024 1722 1116 1767 τοῖς
1135 1723 1450 1773 συγγραφεῦσι,
1482 1728 1535 1769 15

81 1771 176 1816 τότ’
211 1770 294 1828 ἤδη
330 1777 549 1823 παντελῶς
587 1771 670 1817 οὐκ
705 1772 975 1817 αποστατέον
1009 1773 1170 1844 ταύτης
1197 1779 1272 1830 τῆς
1301 1791 1453 1828 προαι-

83 1828 265 1882 ρὲσεως.
309 1828 459 1885 διόπερ
493 1829 568 1873 καὶ
601 1828 725 1887 ἡμεῖς
759 1828 972 1884 παρόντες
1009 1829 1077 1873 επὶ
1114 1847 1190 1880 τας
1230 1834 1451 1876 Φιλίππου

81 1889 162 1929 τοῦ
178 1883 392 1956 Ἀμύντου
420 1886 595 1939 πράξεις
622 1885 919 1958 πειρασόμεθα
951 1885 1091 1944 τούτῳ
1121 1891 1183 1944 τῷ
1203 1890 1374 1944 βασιλεῖ
1396 1905 1449 1932 τα

82 1940 329 2012 πραχθέντα
363 1943 612 2013 περιλαβεῖν
651 1943 699 1987 ἐν
737 1942 872 1999 ταύτῃ
908 1946 963 2000 τῇ
1001 1945 1149 2002 βίβλῳ.
1207 1946 1335 1995 οὑτος
1363 1961 1447 2000 γαρ
1477 1954 1533 1994 20

84 2000 221 2043 εἴκοσι
248 1998 330 2054 μὲν
358 2000 433 2042 καὶ
457 1998 635 2053 τέτταρα
664 2000 736 2056 ἔτη
754 2003 841 2043 τῶν
863 1989 1139 2043 Μακεδόνων
1159 1999 1448 2056 ἐβασίλευσεν,

81 2055 321 2127 ἐλαχίσταις
349 2055 396 2099 δὲ
425 2054 647 2112 ἀφορμαῖς
682 2055 962 2125 χρησαμενος
985 2058 1189 2126 μεγίστην
1216 2074 1306 2100 των
1337 2075 1449 2101 κατα

81 2111 161 2168 τὴν
189 2110 413 2168 Εὐρώπην
452 2115 722 2156 δυναστειῶν
756 2111 1042 2157 κατεσκεύασε
1071 2113 1151 2168 τὴν
1178 2114 1295 2157 ἰδίαν
1324 2116 1450 2186 βασι-

79 2170 212 2221 λείαν,
240 2169 314 2213 καὶ
339 2168 606 2225 παραλαβων
633 2168 714 2224 τὴν
741 2171 1029 2213 Μακεδονίαν
1057 2168 1359 2214 δουλεύουσαν
1377 2170 1450 2215 ’·Ιλ

79 2229 260 2280 λυριοῖς,
290 2229 466 2269 πολλῶν
484 2243 557 2270 και
572 2225 772 2282 μεγαλων
799 2226 947 2270 ἐθνῶν
982 2226 1054 2270 καὶ
1086 2225 1257 2270 πόλεων
1284 2229 1444 2282 κυρίαν
1472 2231 1528 2273 25

79 2281 268 2352 ἐποίησε.
333 2281 406 2326 δια
450 2283 497 2326 δὲ
539 2283 619 2338 τὴν
667 2284 784 2327 ἰδίαν
821 2281 978 2338 ἄρετην
1015 2286 1090 2338 τῆς
1127 2283 1207 2338 μὲν
1241 2282 1448 2336 Ἑλλάδος

80 2300 248 2408 ἁπάσης
285 2340 503 2408 παρέλαβε
539 2340 620 2410 τήν
647 2338 893 2395 ἡγεμονίαν,
925 2339 1134 2390 ἑκουσίως
1162 2343 1250 2383 τῶν
1277 2340 1447 2385 πόλεων

78 2393 458 2452 ὑποταττομένων,
497 2395 602 2448 τούς
631 2397 676 2440 δὲ
705 2396 754 2440 τὸ
783 2397 831 2440 ἐν
860 2400 1050 2451 Δελφοῖς
1079 2395 1199 2451 ἱερὸν
1229 2397 1448 2453 συλήσανκ

81 2466 158 2501 τας
179 2451 540 2508 καταπολεμήσας
575 2452 651 2496 καὶ
688 2457 749 2509 τῷ
786 2454 973 2523 μαντείῳ
1002 2452 1240 2525 βοηθήσας
1278 2454 1447 2523 μετέσχε

81 2510 164 2551 τοῦ
191 2509 423 2566 συνεδρίου
450 2525 540 2554 των
565 2497 915 2566 Ἀμφικτυόνων,
943 2510 1018 2554 καὶ
1047 2508 1119 2554 δια
1148 2509 1227 2566 τὴν
1255 2512 1315 2564 εἰς
1343 2511 1446 2563 τοὺς
1476 2516 1530 2556 30

172 2677 229 2715 81.
272 2677 374 2714 inser.
407 2691 479 2718 om.
511 2681 608 2726 LY,
649 2684 696 2718 Δ.
735 2680 962 2719 Σικελιώτου
994 2681 1096 2727 ὶστσρ
1099 2682 1168 2718 ιαῖν
1199 2680 1256 2726 Τ,
1299 2687 1344 2719 Δ.
1378 2685 1450 2721 τοῦ

79 2725 127 2762 Σ.
156 2725 310 2780 βιβλίον
333 2727 372 2766 ῖς
403 2727 485 2762 Bas.
668 2729 702 2764 1.
737 2727 876 2772 πάσαις
907 2727 999 2786 μεν]
1033 2729 1169 2769 πάσαις
1202 2730 1235 2763 Τ
1266 2730 1348 2764 13³8·

170 2773 231 2854 ⁸1²4,
240 2783 319 2854 ‘⁰3’
332 2771 477 2856 '15²‘ssan
490 2773 678 2864 ffflfir?
678 2786 731 2858 ΞΖ
904 2771 1181 2864 Ξίῗωέοὲῗῗέι
1183 2775 1362 2857 Τέ4ῗ“”

1118 2882 1176 2921 6Ί
