1820 3249
560 82 677 123 Lm.
709 80 835 122 xvu.
889 79 1022 134 CAP.
1051 81 1120 123 42
1150 79 1576 124 43.1175

205 211 320 262 κτων
358 197 446 239 τῶν
482 196 681 246 σκοπῶν
698 192 940 246 κειμένωνν
981 192 1209 247 συνέβαινε
1236 191 1322 247 γὰρ
1351 189 1406 235 ού
1436 189 1575 261 μόνον

205 251 313 295 κατὰ
343 250 570 318 πρόςωπον
598 248 661 292 τὰ
680 247 900 317 φερόμενοι
927 246 1030 316 βέλη
1048 250 1340 319 προςπίπτειν,
1372 246 1478 292 ἀλλὰ
1501 248 1575 291 καὶ

205 308 315 361 πρὸς
351 308 409 353 τὰ
439 309 557 360 νῶτα
594 307 682 350 τῶν
711 302 1051 373 ἅντιπροςιόπων
1081 303 1221 356 ὄντων
1250 304 1297 351 ἐν
1326 308 1460 362 στενῷ
1488 303 1573 359 χιό-

206 382 307 419 ματι
337 367 639 414 διικνεῖσθαι,
667 362 740 405 καὶ
764 361 938 416 μηδένα.
958 360 1183 405 δύνασθαι
1209 349 1573 416 διαφυλάξασθαι
1606 365 1684 404 100

203 420 324 473 τούς
347 421 406 472 ἐξ
429 412 695 487 ,ἀμφοτέρων
732 435 850 471 ww„
856 421 1008 473 μερῶν
1045 418 1489 486 κατατιτρώσκοντας.
1549 417 1574 461 ὁ

205 478 250 520 δὲ
278 475 569 529 Ἀλέξανδρος
581 475 634 518 τὰ
658 466 917 529 παράλογον
937 478 1014 530 τῆς
1044 479 1294 544 συμφορᾶς
1288 473 1575 529 βουλόμενος

204 533 330 585 ὀξέως
351 530 707 585 διορθώσασθαι,
740 530 971 600 πληρώσας
1000 531 1141 581 πασας
1167 531 1246 581 τὰς
1264 535 1385 581 ναῦς
1405 531 1479 574 καὶ
1502 547 1575 573 κα-

200 587 489 656 θηγούμενος
510 586 648 638 αὐτὸς
681 589 797 655 ἔπλει
839 587 950 631 κατὰ
986 589 1185 646 σπουδήν
1212 588 1298 637 ἐπὶ
1314 586 1392 632 τὸν
1419 586 1571 641 λιμένα

197 649 286 688 τῶν
321 647 513 700 Τυρίων,
565 646 636 689 καὶ
674 662 754 701 την
794 644 1014 688 ἐπάνοδον
1051 649 1139 687 τῶν
1169 642 1406 688 Φοινίκων
1411 642 1569 686 ὑπετέ-
1600 642 1624 683 5

198 718 340 756 μνετο.
406 705 450 745 οι·
476 703 534 746 δὲ
574 701 792 770 βάρβαροι
833 701 1118 773 φοβηθέντες
1138 700 1301 757 μήποτε
1320 699 1574 758 κυριεύσας

196 763 285 801 τῶν
314 761 498 813 λιμένων
527 757 822 814 καταλάβηται
849 759 930 813 τήν
950 757 1111 802 πόλιν’
1099 759 1259 813 ἔρημον
1281 758 1437 802 οὖσαν
1447 770 1572 810 στρα-

197 832 386 866 τιωτων,
413 815 522 858 κατὰ
550 815 714 871 πολλὴν
744 815 943 870 σπουὰῄν
973 813 1180 858 (ἐνέπλεον
1210 816 1269 865 εἰς
1295 813 1377 870 τὴν
1401 813 1570 867 Τύρον

199 869 459 926 αμφοτέρων
497 871 542 915 δὲ
581 872 653 915 διὰ
695 872 774 927 τὴν
810 871 1058 927 ὑπερβολήν
1091 874 1167 926 τῆς
1199 872 1447 925 φιλοτιμίας
1472 874 1572 920 ταῖς

197 930 397 981 εἰρεσίαις
427 933 612 979 πυκναῖς
643 929 897 983 χρωμένων,
948 928 1020 971 καὶ
1060 944 1148 970 των
1178 926 1479 971 Μακεδόνων
1474 924 1567 995 ἤδη
1601 927 1653 966 10

196 984 518 1042 πλησιαζόντων
546 1001 638 1035 τοις
666 985 926 1036 λιμέσιν,οῖ
955 985 1155 1035 Φοίνικες
1181 983 1293 1038 παρ’
1322 982 1482 1054 ὀλίγον
1489 983 1568 1038 μὲν

196 1044 337 1097 ηλθον
373 1045 452 1084 τοῦ
489 1040 645 1091 πάντες
687 1040 953 1091 ἀπολέσθαι,
991 1040 1351 1093 παρειςπεσόντ-ες
1382 1039 1431 1084 δ’
1455 1039 1573 1094 ὅμως

195 1102 246 1153 τῆ
281 1100 354 1154 βίᾳ
384 1099 455 1140 καὶ
486 1115 561 1148 τας
589 1099 831 1147 τελευταίας
855 1102 965 1148 ναῦς
981 1096 1274 1149 ἀποβαλόντες
1294 1095 1569 1166 διεσώθησαν

195 1156 255 1222 εἰς
284 1155 362 1211 τὴν
389 1154 529 1198 πόλιν.
587 1153 610 1198 6
652 1155 697 1198 δὲ
736 1154 938 1223 βασιλεψ
967 1153 1150 1224 μεγάλης
1180 1154 1383 1226 ἐπιβολῆς
1409 1152 1566 1197 ἀποτυ·
1600 1149 1650 1191 15

193 1226 304 1267 χων,
355 1210 486 1254 πάλιν
521 1210 850 1283 προςεκαρτέρει
887 1214 947 1269 τῷ
980 1209 1169 1281 χώματι,
1219 1210 1293 1254 καὶ
1320 1214 1382 1270 τῷ
1411 1210 1569 1278 πλήθει

191 1271 280 1310 τῶν
317 1272 429 1311 νεῶν
470 1269 693 1322 παρείχετο
736 1273 828 1318 τοῖς
863 1256 1163 1321 ἐργαζομένοις
1199 1267 1281 1324 τήν
1311 1256 1567 1322 ἅσφάλειαν.

123 1328 280 1370 19210311
311 1322 354 1368 6’
389 1325 526 1379 ἔργων
555 1323 892 1395 πλησιαζόντων
904 1327 957 1381 τῇ
985 1323 1130 1373 πόλει,
1150 1325 1234 1367 καὶ
1238 1327 1350 1395 τῆς
1368 1323 1567 1374 αλώσεως

194 1382 574 1449 προςδοκωμένης,
621 1380 826 1451 αργέστης
864 1379 1024 1435 ἄνεμος
1063 1379 1194 1436 μέγας
1233 1379 1450 1434 ἐπεγένετο
1491 1380 1566 1423 καὶ

194 1441 275 1480 τοῦ
321 1436 516 1493 χώματος
555 1439 667 1485 πολύ
715 1439 845 1491 μέρος
885 1437 1141 1491 ἐλυμήνατο.
1201 1436 1224 1480 ὁ
1258 1437 1319 1480 δ’
1348 1435 1563 1489 Ἀλέξαν-
1595 1437 1649 1476 20

196 1496 300 1547 δρος
337 1495 396 1544 εἰς
437 1494 678 1549 ἀμηχανίαν
714 1494 935 1546 ἐμπίπτων
974 1492 1045 1537 δια
1085 1493 1163 1548 τὴν
1202 1491 1450 1548 αὐτόματον
1478 1497 1567 1536 τῶν

194 1551 335 1605 ἔργων
374 1551 554 1619 φθοράν
600 1551 845 1606 μετεμέλετο
889 1549 966 1605 μὲν
1005 1550 1072 1593 ἐπὶ
1105 1554 1158 1606 τῇ
1199 1554 1274 1604 τῆς
1309 1551 1566 1620 πολιορκίας

193 1607 394 1676 ἐπιβολῇ,
437 1606 554 1662 ὅμως
595 1607 639 1650 δὲ
677 1612 729 1661 τῇ
772 1607 996 1661 φιλοτιμίᾳ
1033 1607 1362 1676 προαγόμενος,
1404 1606 1452 1650 ἐκ
1490 1610 1565 1661 τῆς

193 1662 380 1734 ορεινῆς
401 1663 621 1707 ἐκκόπτων
665 1662 938 1718 ὑπερμεγέθη
975 1661 1134 1716 δένδρα
1172 1661 1455 1730 παρεκόμιζε,
1490 1663 1563 1705 καὶ
1591 1665 1646 1706 25

194 1720 278 1762 σύν
324 1718 472 1771 αὐτοῖς
517 1725 608 1771 τοῖς
653 1719 830 1768 κλαδοις
875 1718 1064 1788 ἐγχώσας
1106 1719 1313 1774 ἐνέφραξε
1350 1719 1428 1774 τὴν
1465 1720 1567 1775 βίαν

193 1780 273 1819 τοῦ
321 1774 566 1827 κλύδωνος·
624 1775 731 1832 ταχύ
781 1775 828 1820 δ’
868 1774 1228 1832 ἀποκαταστήσας
1274 1775 1327 1819 τὰ
1367 1791 1566 1845 πεπονη-

193 1833 301 1876 κότα
343 1837 423 1876 τοῦ
469 1833 691 1888 χώματος,
740 1833 814 1876 καὶ
854 1836 915 1901 τῇ
946 1835 1198 1889 πολυχειρία
1237 1830 1465 1885 προκόψας
1508 1833 1569 1883 εἰς

193 1890 347 1945 βέλους
392 1888 573 1944 α’φεσιν,
619 1889 820 1958 ἐπέστησε
864 1906 941 1939 τας
988 1890 1182 1944 μηχανὰς
1225 1887 1295 1932 ἐπ’
1335 1887 1474 1958 α’κρον
1512 1888 1562 1932 τὸ

191 1950 327 2002 χῶμα.
393 1946 467 1989 καὶ
517 1951 608 1995 τοῖς
655 1962 733 1999 μεν
780 1945 1063 2016 πετροβόλοις
1108 1945 1342 2002 κατέβαλλε
1380 1962 1434 1989 τα
1471 1945 1563 1988 τεί-
1592 1946 1647 1987 30

190 2020 263 2059 χη,
308 2006 402 2053 τοῖς
432 2001 472 2046 δ’
502 2001 748 2058 ὀξυβελέσιν
779 2001 948 2058 ἀνεῖργε
976 2003 1082 2053 τούς
1119 2003 1186 2046 ἐπὶ
1224 2007 1313 2046 τῶν
1348 2001 1564 2053 ἐπαλξεων

191 2060 454 2115 ἐφεστῶτας·
524 2060 870 2130 συνηγωνίζοντο
922 2058 968 2102 δὲ
1018 2058 1190 2110 τούτοις
1249 2060 1296 2103 οἵ
1345 2075 1389 2102 τε
1431 2056 1564 2110 τοξό-

191 2133 262 2159 ται
311 2116 385 2160 καὶ
435 2118 748 2173 σφενδονῆται,
796 2116 869 2159 καὶ
905 2116 1095 2166 πολλοὺς
1134 2132 1224 2159 των
1261 2115 1310 2159 ἐν
1345 2132 1399 2173 τῃ
1438 2113 1563 2158 πόλει
1589 2146 1646 2185 43

190 2173 590 2228 παραβοηθοῦντας
631 2173 983 2226 κατετίτρωσκον.
1051 2174 1094 2216 οἱ
1140 2172 1187 2216 δὲ
1232 2171 1386 2226 Τύριοι
1429 2169 1563 2222 αλιεῖς
1591 2201 1644 2242 35

192 2229 358 2283 ἔχοντες
385 2231 574 2299 τεχνίτας
603 2230 677 2273 καὶ
706 2227 1051 2298 μηχανοποιούς,
1089 2228 1411 2272 κατεσκεύασαν
1441 2227 1562 2283 φιλό-

190 2300 317 2339 τεχνα
341 2284 627 2355 βοηθηματα.
676 2287 785 2340 πρὸς
823 2285 901 2340 μὲν
938 2284 1024 2341 γάρ
1054 2303 1107 2328 τα
1136 2282 1425 2329 καταπελτικα
1460 2285 1564 2355 βέλη

190 2340 375 2397 τροχοῦς
420 2341 740 2387 κατεσκεύασαν
787 2343 1116 2398 διειλημμένους
1152 2346 1336 2394 πυκνοῖς
1373 2340 1566 2397 διαφρά-

439 2487 499 2512 sto

190 2520 223 2555 5.
270 2518 515 2566 ὑπετέμνοντο
537 2524 567 2558 F
748 2525 782 2560 8.
836 2521 963 2568 Τύρον
987 2524 1096 2566 ΓίιΧ,
1133 2521 1261 2556 caeteri
1298 2518 1421 2568 Τύρον
1444 2517 1566 2564 πόλιν,

191 2567 308 2601 urbem
332 2568 462 2611 Cospue

284 2623 694 2670 192.19.a’922'01113]
733 2623 887 2677 αργέτης
911 2627 943 2661 X
1126 2625 1184 2660 22.
1234 2623 1412 2669 φθορὰν]
1440 2622 1564 2666 φορῶν

191 2670 273 2705 Bas.
432 2669 490 2703 31.
539 2671 702 2717 dvapye]
729 2671 928 2718 dpyalhoe.
1095 2671 1152 2706 33.
1198 2670 1560 2717 παραβοηθοῦντας]

190 2714 541 2762 παραβοηθούντων
564 2717 594 2751 F
