1820 3249
460 174 1148 217 1218.x1X.cAP.107.108
1386 175 1499 215 1447

128 290 256 357 γεῖν,
278 287 353 330 ἵνα
393 285 452 342 μὴ
483 283 665 358 φθάσαι
694 288 853 355 συμβῇ,
867 301 973 336 τους
1003 285 1207 354 Γελῴους
1234 281 1498 355 προφάσεως

131 343 386 415 δεομένους,
425 343 498 386 καὶ
535 342 617 398 τήν
655 340 786 385 πόλιν
826 340 1027 399 ἀποβάλῃ
1066 330 1266 413 μεγάλας
1293 339 1500 396 ἀφορμάς
1528 345 1581 386 85

134 399 253 457 αὐτῷ
288 397 606 472 παρεχομένην.
653 397 898 442 ἀπέστειλεν
938 400 1022 442 οὐν
1059 396 1157 442 κατ’
1197 396 1373 468 ὀλίγους
1410 400 1500 440 τῶν

132 460 405 512 στρατιωτῶν
443 472 504 507 ως
535 455 606 499 έπί
642 472 765 507 τινας
801 456 964 512 χρείας,
1005 455 1085 506 ἕως
1114 453 1220 498 ὅτου
1237 454 1410 526 συνέβη
1439 469 1500 507 τῳ

129 513 288 584 πλήθει
315 511 429 557 πολύ
457 516 721 583 προτερῆσαι
749 516 838 556 τῶν
861 516 1110 556 πολιτικῶν.
1155 508 1249 581 μετ’
1280 509 1432 566 ὀλίγον
1455 509 1502 553 δὲ

130 571 206 614 καὶ
235 568 367 622 αὐτός
394 569 775 644 παραγενόμενοςῖ
808 570 1069 641 προδοσίαν
1079 566 1302 613 ἐνεκάλεσε
1328 567 1403 611 καὶ
1431 582 1502 621 με-

131 625 313 670 τάθεσιν
353 630 444 678 τοῖς
482 625 696 684 Γελῴοις,
735 628 817 670 εἴτε
860 627 933 670 καὶ
972 623 1069 670 κατ’
1108 623 1321 697 ἀληθειαν
1359 623 1503 666 αὐτῶν
1531 630 1585 669 90

133 683 458 738 διανοηθέντων
511 699 553 727 τι
602 684 765 736 πρᾶξαι
809 687 1015 727 τοιοῦτον
1066 683 1150 726 ε’ίτε
1196 681 1272 725 καὶ
1326 680 1504 732 ψευδέσι

129 741 356 811 διαβολαῖς
386 738 600 796 φυγάδων
636 741 852 791 πεισθείς,
891 739 922 795 ἢ
957 739 1032 784 καὶ
1070 737 1306 810 χρημάτων
1348 735 1504 793 βουλό-

130 812 260 852 μενος
297 795 560 852 εὐπορῆσαι,
600 794 819 868 ἀπέσφαξε
854 800 943 840 τῶν
973 795 1166 868 Γελῳων
1203 795 1381 845 πλείους
1416 796 1505 836 τῶν

127 854 479 926 τετρακιςχιλίων
515 853 588 897 καὶ
626 854 703 905 τοὶς
737 852 892 904 οὐσίας
930 851 1077 897 αὐτῶν
1113 850 1307 903 ἀνέλαβε.
1366 865 1504 904 προς-

129 909 248 962 έταξε
277 909 325 953 δὲ
353 910 427 953 καὶ
452 914 543 961 τοῖς
571 909 720 962 ἄλλοις
750 910 942 983 Γελῴοις
969 913 1078 954 πᾶσι
1105 908 1157 953 τά
1186 923 1232 952 τε
1260 908 1506 962 νομίσματα
1533 906 1588 950 95

129 967 204 1010 καὶ
234 966 313 1010 τόν
337 965 510 1023 α’σημον
537 965 735 1023 ἄργυρόν
763 984 807 1011 τε
836 967 909 1011 καὶ
917 965 1100 1038 χρυσὸν
1129 964 1389 1020 ἀνενεγκεῖν,
1414 965 1506 1007 δια-

129 1022 444 1093 πειλησάμενος
479 1024 811 1094 τιμωρήσασθαι
848 1023 955 1075 τούς
1000 1021 1334 1092 ἀπειθήσαντας.
1397 1017 1504 1074 ταχύ

131 1079 179 1122 δὲ
209 1079 386 1146 πάντων
421 1079 681 1134 πραξάντων
716 1079 766 1123 τὸ
804 1079 1073 1136 προςταχθὲν
1112 1078 1185 1122 διά
1224 1078 1302 1122 τὸν
1346 1076 1505 1132 φόβον,

128 1135 369 1207 χρημάτων
389 1151 434 1179 τε
462 1140 633 1192 πλῆθος
663 1136 847 1192 ἤθροισε
874 1137 950 1180 καὶ
977 1140 1084 1179 πᾶσι
1111 1140 1203 1186 τοῖς
1230 1135 1508 1187 ταττομένοις
1540 1142 1618 1180 100

128 1190 215 1247 ὐφ’
245 1190 404 1236 ἑαυτὸν
433 1193 582 1249 δεινήν
611 1193 833 1264 ἐνεποίησε
861 1191 1136 1248 κατάπληξιν.
1162 1190 1291 1244 δόξας
1321 1188 1362 1234 6'
1395 1189 1508 1257 ὠμό-

130 1264 276 1318 τερον
297 1252 536 1305 κεχρῆσθαι
572 1252 654 1293 τοῦ
691 1248 970 1322 καθήκοντος
1004 1253 1096 1300 τοῖς
1139 1246 1360 1315 Γελῴοις,
1403 1262 1508 1296 τους

131 1322 211 1361 μεν
251 1303 583 1361 ἀποσφαγέντας
622 1307 683 1357 εἰς
722 1306 799 1358 τὰς
834 1305 955 1357 ἐκτὸς
991 1309 1081 1349 τῶν
1119 1321 1294 1373 τειχων
1310 1302 1508 1374 τάφρους

132 1362 398 1432 συνέχωσεν,
427 1362 475 1406 ἐν
505 1363 551 1406 δὲ
579 1367 634 1419 τῇ
663 1361 788 1406 πόλει
823 1361 904 1419 τὴν
933 1361 1091 1418 ἱκανὴν
1120 1376 1325 1419 φρουραν
1359 1359 1510 1404 ἀπολι-

131 1433 228 1462 πων
275 1416 714 1488 ἀντεστρατοπέδευσε
760 1424 853 1470 τοῖς
891 1421 1128 1474 πολεμίοις.
1215 1422 1415 1473 κατεῖχον
1465 1415 1511 1458 δὲ

137 1474 430 1531 Καρχηδόνιοι
471 1476 550 1531 μὲν
587 1475 666 1519 τόν
689 1475 913 1531 ’Έκνομον
941 1475 1106 1530 λόφον,
1138 1474 1192 1517 ὅν
1227 1486 1336 1544 φασι
1367 1471 1510 1528 φρού-

135 1548 236 1586 ριον
265 1535 525 1603 γεγενῆσθαι
556 1531 817 1602 Φαλάριδος.
875 1532 923 1576 ἐν
949 1532 1092 1589 τούτῳ
1121 1530 1166 1575 δὲ
1197 1530 1365 1585 λέγεται
1393 1544 1510 1572 κατε-

132 1589 390 1633 σκευακέναι
416 1589 493 1633 τὸν
521 1588 746 1658 τύραννον
772 1592 938 1643 ταῦρον
963 1591 1156 1645 χαλκοῦν
1177 1586 1255 1630 τὸν
1284 1588 1513 1656 διαβεβοη-

132 1645 265 1701 μένον
293 1645 404 1698 πρὸς
433 1646 510 1697 τὰς
535 1663 625 1689 των
640 1645 1034 1702 βεβασανισμένων
1062 1646 1285 1713 τιμωρίας,
1302 1641 1514 1685 ὑποκαιο-
1545 1646 1596 1685 10

132 1702 273 1772 μένου
302 1706 384 1746 τοῦ
413 1703 849 1774 κατασκευάσματος·
891 1703 963 1746 διό
995 1702 1070 1746 καὶ
1098 1701 1176 1744 τὸν
1204 1699 1344 1744 τόπον
1362 1698 1513 1742 Ἕκνο-

133 1774 219 1815 μον
248 1757 333 1802 ἀπὸ
363 1763 439 1815 τῆς
468 1761 529 1811 εἰς
557 1759 662 1812 τούς
691 1758 960 1815 ἀτυχοῦντας
989 1758 1189 1814 ἀσεβείας
1213 1758 1513 1812 προςηγορεῦ-

135 1820 252 1858 σθαι.
310 1815 359 1859 ἐκ
403 1817 449 1860 δὲ
488 1817 683 1869 θατέρου
722 1817 883 1873 μέρους
919 1814 1189 1871 Ἀγαθοκλῆς
1233 1813 1384 1868 ε’τερον
1428 1815 1515 1855 τῶν

141 1871 401 1943 Φαλάριδος
416 1873 714 1942 γεγενημένων
742 1873 973 1943 φρουρίων
1001 1869 1266 1942 κατεῖχε,τό
1296 1885 1515 1924 προςαγο-

137 1928 295 1981 ρευθὲν
323 1927 401 1971 ἀπ’
425 1928 601 1972 ἐκείνου
633 1929 872 1999 Φαλάριον.
932 1928 1006 1972 καὶ
1042 1927 1115 1972 διὰ
1143 1925 1290 1995 μέσων
1318 1925 1398 1981 μὲν
1426 1928 1514 1967 τῶν
1547 1928 1597 1966 1ο

135 1986 429 2039 παρεμβολῶν
462 1981 519 2041 ἦν
553 1985 774 2054 ποταμός,
805 1985 858 2029 ὃν
887 1984 1128 2041 ἀμφότεροι
1163 1981 1397 2037 πρόβλημα
1427 1985 1514 2024 τῶν

134 2043 353 2096 πολεμίων
381 2042 650 2113 ἐπεποίηντο.
710 2045 853 2099 φῆμαι
887 2042 933 2086 δὲ
960 2046 1160 2112 κατεῖχον
1188 2040 1258 2083 ἐπὶ
1285 2043 1375 2082 τῶν
1402 2054 1513 2091 προ-

134 2097 276 2151 τέρων
317 2100 488 2154 χρόνων
527 2099 595 2142 ὅτι
633 2101 702 2143 δεῖ
737 2099 838 2153 περὶ
875 2097 954 2142 τὸν
981 2097 1120 2142 τόπον
1143 2099 1317 2168 ,τοῦτον
1345 2099 1515 2150 πλῆθος

136 2153 390 2227 ἀνθρώπων
428 2171 476 2198 εν
503 2154 618 2227 μάχῃ
648 2158 978 2227 διαφθαρῆναι.
1029 2153 1113 2198 οὐκ
1141 2151 1268 2204 ὄντος
1296 2153 1343 2198 δὲ
1373 2166 1515 2207 φανε-

136 2215 219 2263 ροῦ
258 2210 364 2267 παρ’
409 2210 637 2281 ὁποτέροις
673 2211 895 2284 γενήσεται
932 2210 982 2256 τὸ
1024 2209 1248 2280 ἀτύχημα,
1287 2210 1515 2258 συνέβαινε
1545 2212 1599 2250 20

137 2269 474 2339 δεισιδαιμονεῖν
510 2270 565 2312 τά
605 2270 873 2322 στρατόπεδα
906 2269 980 2313 καὶ
1013 2267 1127 2322 πρὸς
1152 2266 1293 2335 μάχην
1323 2264 1520 2320 ὀκνηρῶς

61 2333 126 2372 401
141 2324 264 2380 ἔχειν.
315 2324 467 2382 διόπερ
499 2326 570 2371 ἐπὶ
596 2325 739 2371 πολὺν
765 2326 930 2383 χρόνον
961 2324 1186 2380 οὐδέτεροι
1213 2323 1293 2367 τὸν
1320 2321 1519 2378 ποταμὸν

1541 1398 1557 1435 1
1567 1399 1623 1435 nb*

1569 1457 1593 1493 5

140 2494 198 2527 90.
225 2490 373 2537 αὐτων]
396 2492 494 2541 αὐτῷ
517 2497 548 2529 F
673 2496 730 2532 92.
756 2495 800 2539 νὴ
826 2496 900 2530 Δία
924 2498 998 2538 post
1021 2490 1045 2538 ἢ
1069 2492 1131 2528 καὶ
1154 2503 1222 2526 om.
1247 2494 1280 2527 T
1301 2493 1402 2534 Bas„
1426 2503 1462 2525 as
1450 2494 1517 2524 te-

142 2541 230 2574 risco
253 2541 384 2575 notavit
406 2531 601 2585 Stephanus
785 2543 843 2578 93.
867 2542 943 2576 τῶν
967 2552 1037 2575 om.
1061 2540 1091 2573 F
1268 2539 1325 2573 97.
1351 2535 1512 2581 ἀπειθή-

144 2587 302 2632 σαντας]
338 2584 609 2632 ἀπαιτήσοντας
638 2589 667 2622 1·
852 2588 933 2622 100.
965 2584 1223 2629 ταττομένοις]
1249 2584 1514 2629 πραττομένοις

142 2632 223 2666 Bas.
407 2633 440 2666 2.
476 2635 546 2668 τοῦ
578 2634 834 2679 καθήκοντος]
875 2631 964 2672 τούς
996 2630 1231 2675 καθήκοντας
1259 2632 1289 2664 F
1477 2629 1511 2662 7·

145 2675 348 2734 φρούριον]
378 2677 539 2723 φράριον
562 2681 664 2723 Bas„
695 2682 755 2715 scd
778 2682 814 2715 in
838 2692 976 2724 mar-g,
995 2681 1090 2720 forle
1113 2676 1302 2732 φρούριῡν

147 2725 202 2758 1⁰.
226 2721 502 2781 ὑποκαιομένου
527 2727 644 2768 Fvw,
661 2724 963 2771 υποκαιουμένου
989 2726 1081 2762 Bas..
1107 2723 1236 2757 caeteri
1259 2719 1516 2762 ὑποκαιομένου

146 2769 202 2805 15.
224 2768 289 2805 διαὶ
311 2770 446 2816 μέσων]
472 2770 648 2818 διαμέσον
672 2774 702 2808 F
884 2773 941 2807 16.
967 2768 1052 2825 ὸν]
1070 2783 1098 2815 ῳ
1126 2769 1156 2802 F
1304 2765 1517 2813 πρόβλημα]

146 2817 389 2862 προβλήματα
411 2818 517 2853 FVW
699 2821 756 2855 2⁰.
779 2817 990 2866 γενήσεται]
1013 2814 1163 2862 γένηται
1185 2816 1268 2850 Bas.
