1820 3249
432 141 549 183 LIB.
577 137 668 181 XV.
725 137 855 178 CAP.
886 140 966 180 m,
995 139 1062 178 (35.
1331 139 1438 179 1007

61 268 152 312 λων
178 268 268 311 τῶν
301 263 542 319 πολεμίων,
569 258 810 309 κυκλωθεὶς
846 272 945 301 υπι)
975 273 1064 300 των
1091 255 1306 312 Ἀρκὰδων
1330 256 1441 329 μετὰ

60 324 236 369 πάντων
266 305 492 393 ἄνηρέθη.
522 317 679 361 Ἠλεῖοι
709 316 756 360 δὲ
784 314 866 371 τήν
893 330 925 356 τ
933 313 1107 383 ττάρτην
1135 319 1296 369 μοῖραν
1327 315 1444 370 ἕχον·

61 397 141 435 τες,
168 380 242 424 καὶ
269 376 368 422 κατ’
399 375 558 426 ἅλλους
578 373 742 424 τόπους
770 386 946 426 πεπταμι
941 370 1076 422 ένους
1105 370 1362 420 διελθόντες.
1384 373 1444 421 εἰς

2 449 46 483 53
61 438 142 494 τήν
167 435 412 479 Σελλασίαν
439 432 757 486 παρεγένοντο·
807 429 867 478 εἰς
895 431 1064 470 τοῦτον
1087 427 1172 482 γάρ
1201 427 1280 470 τόν
1309 425 1446 470 τόπον

61 497 167 538 πᾶσι
195 494 416 536 καταντᾶν
442 489 727 558 παρήγγελτο.
776 483 1096 555 ἀθροισθείσης
1127 484 1172 528 δὲ
1201 483 1343 538 πάσης
1370 488 1446 537 τῆς

64 548 289 620 δυνάμεως
331 548 392 598 εἷς
426 545 507 601 τὴν
547 544 791 588 Σελλασίαν
832 544 1034 596 προῆγον
1072 539 1144 584 ἐπ’
1189 541 1347 610 αὐτὴν
1368 541 1447 595 τὴν
1474 546 1531 586 70

63 605 274 662 Σπάρτην
302 606 577 659 πορθοῦντες
606 601 694 657 ἅμα
722 600 797 644 καὶ
824 601 1160 652 πυρπολοῦντες
1187 596 1268 654 τὴν
1289 594 1446 654 χώραν.

177 696 234 739 Οἱ
265 693 312 738 δὲ
339 679 702 762 Λακεδαιμόνιοι,
740 685 1007 734 πεντακόσια
1039 687 1110 745 ἔτη
1139 687 1220 746 τήν
1248 691 1448 732 Λακωνι-
1475 690 1534 729 65

63 751 147 823 κήν
172 748 447 806 τετηρηκότες
475 746 746 818 ἀπόρθητον,
768 745 863 790 τότε
892 749 1190 800 θεωροῦντες
1200 746 1448 815 δῃουμένην

62 808 150 854 ’ὑπὸ
182 812 271 852 τῶν
309 807 529 862 πολεμίων
568 804 651 849 οὐκ
682 804 967 870 ἐκαρτέρουν,
1008 801 1120 846 ἄλλα
1154 808 1245 854 τοῖς
1284 807 1447 858 θυμοῖς
1477 802 1532 844 75

64 867 382 920 προπίπτοντες
421 861 638 918 ἐξεπήδων
676 862 723 906 ἐκ
750 864 839 932 τῆς
867 859 1056 911 πόλεως·
1097 858 1373 932 κωλυόμενοι
1406 859 1449 905 6

65 921 154 967 υπὸ
182 926 272 966 τῶν
300 919 606 991 πρεσβυτέρων
634 917 835 975 προϊέναι
864 916 1139 973 μακρότερον
1168 916 1255 962 άπὸ
1279 935 1359 988 της
1374 933 1453 960 πα-

66 981 239 1036 τρίδος,
269 977 330 1046 μή
356 994 419 1029 τις
443 977 666 1047 ἐπίθηται,
705 976 974 1045 ἐπείσθησαν
1007 975 1086 1032 τὴν
1115 975 1301 1045 ἡσυχίαν
1331 975 1453 1031 ἄγειν

67 1036 144 1081 καὶ
181 1039 235 1107 τῇ
272 1033 396 1078 πόλει
435 1032 701 1103 παρέχεσθαι
737 1032 818 1088 τὴν
852 1031 1109 1088 ἀσφάλειαν.
1159 1038 1249 1077 τῶν
1280 1032 1326 1076 δὲ
1354 1032 1453 1087 περὶ

67 1092 148 1137 τόν
183 1079 537 1161 Ἐπαμεινώνδαν
573 1088 646 1134 διὰ
690 1093 773 1133 τοῦ
819 1089 1045 1159 Ταϋγέτου
1091 1088 1451 1160 καταβαινόντων
1479 1089 1535 1130 80

67 1148 138 1194 ἐπὶ
166 1147 246 1193 τὸν
274 1133 517 1201 Εὐρώταν,
546 1163 621 1191 και
650 1144 974 1196 διαβαινόντων
1003 1146 1081 1191 τὸν
1092 1146 1305 1218 ποταμὸν
1338 1159 1453 1202 σφο-

70 1205 181 1261 δρὸν
208 1205 316 1250 ὅντα
344 1208 405 1263 τῷ
428 1203 609 1260 ρεύματι
636 1203 748 1248 κατά
774 1202 854 1260 τὴν
881 1203 1131 1275 χειμερινήν
1154 1204 1290 1259 ὥραν,
1320 1203 1454 1260 ὁρῶν-

67 1279 138 1314 τες
174 1263 220 1306 οι
258 1251 600 1331 Λακεδαιμόνιοι
636 1261 958 1330 τεταραγμένην
999 1261 1080 1318 τὴν
1127 1260 1318 1318 δύναμιν
1362 1277 1453 1305 των

69 1319 282 1364 ἐναντίων
327 1318 400 1362 διά
441 1317 521 1376 τὴν
547 1318 829 1390 χαλεπότητα
867 1321 942 1375 τῆς
982 1317 1246 1388 διαβάσεως,
1294 1318 1454 1374 καιρόν
1482 1315 1536 1355 85

72 1377 232 1432 ἔλαβον
262 1373 445 1419 εὔθετον
474 1374 585 1429 πρὸς
611 1374 692 1445 τὴν
720 1375 943 1419 ἐπίθεσιν·
985 1376 1060 1419 καὶ
1088 1374 1165 1427 τάς
1195 1376 1275 1446 μὲν
1305 1380 1457 1432 γυναῖ-

71 1448 154 1484 κας
183 1431 256 1475 καὶ
283 1433 462 1482 παῖδας,
492 1431 554 1475 ἔτι
583 1432 630 1476 δὲ
664 1432 738 1475 καὶ
765 1430 872 1483 τούς
899 1431 1205 1503 γεγηρακότας,
1240 1430 1456 1477 άπέλιπον

72 1488 122 1533 ἐν
148 1492 204 1544 τῇ
231 1487 353 1532 πόλει
395 1487 695 1544 φυλάττοντας
721 1504 802 1543 την
834 1488 1073 1559 Σπάρτην,
1104 1487 1232 1533 αὐτοὶ
1268 1489 1315 1534 δε
1343 1506 1457 1534 παν-

73 1547 199 1600 δημεὶ
227 1544 512 1598 συντάξαντες
547 1545 652 1596 τοῦς
683 1545 813 1596 νέους
841 1545 1108 1601 ἐξεχύθησαν
1136 1545 1206 1589 ἐπὶ
1234 1546 1343 1598 τούς
1372 1563 1458 1590 πο-

73 1603 264 1657 λεμίους,
282 1602 357 1645 καὶ
386 1601 702 1672 προςπεσόντες
714 1601 859 1672 άφνω
890 1607 980 1652 τοῖς
1010 1604 1288 1658 διαβαίνουσι
1316 1603 1459 1647 πολύν
1488 1606 1542 1647 90

72 1658 306 1702 ἐποιοῦντο
338 1658 494 1713 φόνον
529 1656 818 1726 ἀμυνομένων
848 1658 894 1702 δὲ
923 1675 1012 1702 των
1030 1663 1239 1703 Βοιωτῶν
1267 1661 1344 1704 καὶ
1369 1677 1460 1704 των

70 1713 317 1769 Ἀρκάδων,
353 1714 428 1758 καὶ
465 1718 527 1771 τῷ
560 1714 724 1785 πλήθει,
753 1714 1041 1759 κυκλούντων
1077 1715 1183 1766 τούς
1213 1716 1458 1768 ἐναντίους,

75 1773 122 1815 οἱ
157 1774 434 1825 Σπαρτιᾶται
470 1743 660 1823 πολλοὺς
698 1770 963 1842 ἀνῃρηκότες
1001 1772 1252 1843 ἐπανῆλθον
1289 1775 1351 1825 εἷς
1379 1791 1461 1831 την

75 1827 228 1880 πόλιν,
267 1831 471 1883 φανερῶς
491 1827 821 1900 ἐνδεδειγμένοι
866 1828 944 1880 τὰς
983 1830 1095 1880 ἰδίας
1143 1810 1458 1901 ἀνδραγαθίας

73 1886 180 1955 μετὰ
209 1883 258 1928 δὲ
285 1888 422 1928 ταῦτα
449 1887 536 1928 τῶν
556 1886 657 1939 περὶ
683 1884 762 1929 τὸν
775 1883 1128 1941 Ἐπαμεινώνδαν
1153 1887 1271 1956 πάσῃ
1300 1892 1355 1945 τῆ
1386 1891 1457 1932 δυ·
1487 1894 1543 1936 95

73 1941 203 1997 νάμει
239 1945 591 2011 καταπληκτικῶς
634 1942 971 1997 προςβαλόντων
1017 1947 1087 2015 τῇ
1109 1943 1338 1997 πόλει,οῑ
1382 1963 1463 2001 μεν

75 2000 353 2050 Σπαρτιᾶται
383 1998 599 2069 συνεργὸν
627 1999 794 2055 ἔχοντες
822 1999 902 2055 τὴν
920 2003 1010 2043 τῶν
1037 2000 1186 2044 τόπων
1216 2001 1461 2058 ὀχυρότητα

75 2053 270 2105 πολλοῦς
287 2071 368 2109 μεν
384 2053 640 2099 ἀπέκτειναν
670 2059 760 2099 τῶν
787 2061 1013 2110 προπετῶς
1033 2057 1316 2114 βιαζομένων,
1335 2059 1460 2112 τέλος

75 2110 187 2155 δὀἱ
205 2115 551 2181 πολιορκοῦντες
567 2115 711 2156 πᾶσαν
729 2113 1068 2183 εἶςενεγκάμενοι
1087 2116 1287 2186 σπουδὴν
1304 2117 1353 2161 τὰ
1378 2134 1458 2171 μεν
1490 2124 1570 2165 100

74 2171 254 2224 πρῶτον
282 2166 517 2222 ἄπείκαζον
546 2171 622 2225 βίᾳ
655 2169 948 2240 χειρώσασθαι
976 2171 1056 2228 τὴν
1082 2172 1325 2244 Σπάρτην·
1369 2175 1461 2218 ἐπεὶ

76 2225 127 2268 δὲ
153 2229 244 2268 τῶν
270 2227 542 2295 βιαζομένων
571 2229 616 2270 οἱ
644 2227 723 2282 μὲν
752 2225 1033 2298 α’πέθνησκον
1062 2230 1107 2272 οἱ
1135 2226 1179 2272 6'
1208 2229 1463 2287 ἐτραυματί-

77 2285 226 2334 ζοντο,
269 2280 584 2327 ἀνεκαλέσαντο
624 2288 678 2341 τῇ
718 2283 918 2356 σάλπιγγι
953 2283 1058 2337 τούς
1102 2288 1370 2339 στρατιώτας
1416 2290 1463 2332 οἱ

73 2337 178 2394 περὶ
204 2336 284 2381 τὸν
310 2336 680 2395 Ἐπαμεινώνδαν,
713 2340 838 2385 αὐτοὶ
868 2342 914 2385 δὲ
947 2342 1262 2398 προςελθόντες
1297 2349 1352 2401 τῇ
1378 2343 1462 2391 πό-

78 2398 142 2439 λει
178 2400 506 2451 προεκαλοῦντο
540 2396 649 2450 τούς
686 2397 964 2457 Σπαρτιάτας
1006 2400 1068 2452 εἰς
1110 2401 1378 2457 παράταξιν,
1427 2402 1460 2459 ἢ
1490 2407 1517 2449 5

79 2561 138 2598 68.
163 2565 390 2611 Σελλασίαν]
411 2562 602 2603 ‘'Eazamav
626 2569 669 2612 A,
694 2569 867 2605 σελασίαν
889 2567 949 2605 mc
971 2573 1007 2606 et
1029 2573 1149 2616 postea
1170 2571 1203 2605 F

170 2610 228 2647 53.
275 2613 332 2648 69.
355 2612 593 2659 παρήγγελτο]
617 2618 861 2662 παρηγγέλετο
883 2618 958 2659 ΑΚ,
981 2618 1242 2662 παρηγγέλλετο
1264 2616 1296 2650 F

79 2653 216 2702 πάσης]
241 2653 386 2705 audant,-
408 2660 439 2693 F
575 2660 633 2695 75.
657 2665 928 2708 προπίπςοντες
952 2665 1050 2697 Wess
1053 2664 1220 2709 elingius.
1245 2661 1328 2697 ΙίΙηῖ
1346 2674 1461 2706 προς-

80 2704 275 2744 πίπτοντες
408 2699 448 2741 g„
470 2706 535 2751 τῆς
555 2706 699 2749 πόλεως
722 2720 791 2743 om.
817 2711 894 2756 ΕΚ,
923 2710 1088 2747 asterisco
1111 2709 1242 2744 notavit
1266 2709 1462 2752 Stephanus

224 2750 283 2785 83.
308 2749 496 2809 ἐναντίων]
521 2756 707 2797 πολεμίων
731 2755 795 2789 LR
955 2756 1012 2792 86.
1036 2755 1088 2792 ἔτι
1112 2754 1152 2791 δε
1176 2756 1262 2799 καὶ]
1289 2754 1339 2789 ἔτι
1365 2754 1403 2791 δὲ
1426 2753 1459 2787 K

259 2795 318 2834 87.
344 2795 533 2844 ἀπέλιπον]
556 2787 751 2838 ἀπέλειπον
774 2804 805 2838 A
987 2802 1023 2837 2
1049 2802 1086 2840 οἱ
1110 2799 1175 2847 δ’]
1202 2802 1244 2838 οἷ’
1262 2799 1305 2837 δ’
1329 2800 1360 2834 F
