1820 3249
502 124 617 165 LIB.
648 124 737 165 XX.
799 124 930 164 GAP.
961 126 1030 167 92.
1057 125 1508 167 9315ss

125 243 290 308 χεσθαι.
349 231 406 307 ἦν
443 237 490 284 δὲ
529 236 604 280 καὶ
639 235 748 280 κατὰ
786 235 834 280 τὸ
874 235 1059 291 μέγεθος
1088 237 1169 279 τοῦ
1199 234 1398 307 σωματος
1433 237 1507 281 καὶ

125 295 236 340 κατά
265 295 314 339 τὸ
346 293 507 345 κάλλος
545 292 741 349 ἡρωικὸν
780 292 1044 363 ἀποφαίνων
1074 292 1264 348 ἀξίωμα,
1299 293 1403 345 ώςτε
1430 295 1506 338 καὶ

125 352 228 404 τοὺς
257 350 613 422 ἀφικνουμένους
646 354 736 393 τῶν
766 348 903 402 ξένων
930 353 1212 404 θεωροῦντας
1242 348 1505 405 εὐπρέπειαν

47 420 114 459 473
125 409 452 480 κεκοσμημένην
480 405 675 477 ὑπεροχῇ
704 410 908 477 βασιλικῇ
939 405 1181 477 θαυμάζειν
1210 407 1284 450 καὶ
1312 422 1504 463 παρακο-
1533 414 1590 455 20

123 470 307 510 λουθεῖν
344 466 392 509 έν
426 468 521 515 ταῖς
552 462 719 515 ἐξόδοις
751 463 900 507 ἕνεκεν
936 467 1012 520 τῆς
1040 463 1158 514 θέας.
1218 464 1288 507 ἐπὶ
1326 464 1373 508 δὲ
1403 464 1505 508 τού-

124 539 215 594 τοις
251 520 417 578 ὑπῆρχε
456 521 531 565 καὶ
567 538 628 592 τῃ
659 523 779 577 ψυχῇ
816 520 1030 576 μετέωρος
1065 520 1140 564 καὶ
1173 521 1504 591 μεγαλοπρεπὴς

122 580 197 623 καὶ
238 581 536 634 καταφρονῶν
573 576 629 621 οὐ
667 581 758 620 τῶν
794 581 972 622 πολλων
1007 577 1146 645 μόνον
1174 576 1285 621 ἀλλὰ
1314 579 1388 621 καὶ
1414 582 1505 622 τῶν

123 635 173 680 ἐν
209 640 304 686 ταῖς
344 636 618 685 δυναστείαις
654 632 815 678 ὄντων·
847 634 923 678 καὶ
950 633 1001 677 τό
1041 632 1221 677 πάντων
1250 635 1504 687 ἰδιαίτατον,
1533 637 1589 680 25

123 691 234 736 κατά
257 692 336 747 μὲν
346 691 440 762 τὴν
469 691 652 763 εἰρήνην
670 692 718 736 ἐν
747 688 905 744 μέθαις
933 689 1115 762 διέτριβε
1144 691 1218 734 καὶ
1250 693 1509 747 συμποσίοις

120 748 296 804 ἔχουσιν
332 747 533 805 ὀρχήσεις
582 748 659 792 καὶ
686 747 865 803 κώμους
903 747 978 792 καὶ
1015 747 1065 791 τό
1117 746 1308 792 σύνολον
1355 748 1508 817 ἐζήλου

122 805 203 861 τὴν
251 805 648 875 μυθολογουμένην
689 805 793 849 ποτὲ
843 804 1048 875 γενέσθαι
1089 802 1186 848 κατ’
1237 803 1508 859 ἀνθρώπους

121 864 202 905 τοῦ
232 860 464 906 Διονύσου
494 861 717 914 διάθεσιν,
749 877 859 906 κατα
888 861 935 905 δὲ
963 860 1066 912 τοὺς
1089 859 1305 932 πολέμους
1333 862 1508 917 ἐνεργὸς

120 913 178 974 ἦν
205 919 281 962 καὶ
308 918 490 976 νήφων,
528 918 631 970 ὥςτε
655 918 781 974 παρὰ
807 917 974 969 πάντας
1002 917 1106 969 τοὺς
1135 918 1506 988 ἐργατευομένους
1534 920 1590 962 30

119 973 364 1030 ἐναγώνιον
391 975 656 1046 παρέχεσθαι
684 975 734 1019 τό
764 979 888 1031 σῶμα
916 974 990 1018 καὶ
1018 991 1098 1031 την
1126 974 1284 1048 ψυχήν.
1322 975 1392 1019 ἐπὶ
1419 992 1504 1032 γαρ

98 1031 284 1080 ,τούτου
312 1032 416 1102 βέλη
454 1033 509 1075 τὰ
544 1032 722 1087 μέγιστα
759 1032 1045 1087 συνετελέσθη
1081 1032 1156 1102 καὶ
1183 1032 1371 1088 μηχαναὶ
1400 1047 1506 1075 παν-

119 1093 238 1132 τοῖαι
265 1087 380 1132 πολὺ
421 1087 498 1139 τὰς
526 1088 646 1142 παρὰ
675 1093 767 1139 τοῖς
795 1088 945 1139 άλλοις
976 1089 1211 1146 γενομένας
1239 1089 1505 1144 ὑπεραίρου-

121 1155 216 1188 σαι·
246 1145 321 1188 καὶ
351 1143 500 1215 σκάφη
530 1145 576 1188 δὲ
606 1144 786 1199 μέγιστα
814 1146 1105 1188 καθείλκυσεν
1135 1147 1266 1197 οὐτος
1278 1145 1400 1217 μετοὶ
1426 1145 1505 1202 τὴν

120 1202 384 1257 πολιορκίαν
412 1200 577 1258 ταύτην
603 1202 679 1246 καὶ
706 1218 787 1258 την
815 1204 898 1245 τοῦ
923 1201 1088 1256 πατρος
1115 1200 1331 1258 τελευτήν.
1535 1200 1592 1241 85

243 1281 298 1324 Οἱ
326 1279 373 1324 δὲ
396 1279 562 1324 Ῥόδιοι
590 1284 866 1337 θεωροῦντες
887 1280 980 1350 τὴν
1005 1280 1242 1336 προκοπὴν
1268 1284 1359 1324 τῶν
1385 1295 1507 1335 παρα
1533 1281 1591 1322 93

120 1340 214 1388 τοῖς
241 1338 466 1392 πολεμίοις
482 1337 658 1407 ἔργων,
689 1335 1014 1381 κατεσκεύασαν
1044 1337 1167 1389 ἐντὸς
1195 1337 1345 1390 ἕτερον
1372 1342 1510 1392 τεῖχος

119 1393 402 1463 παράλληλον
438 1397 501 1450 τῷ
541 1394 742 1449 μέλλοντι
782 1399 936 1438 πονεῖν
972 1393 1082 1437 κατά
1131 1411 1208 1445 τας
1246 1393 1506 1465 προςβολάς.

120 1451 310 1506 ἐχρωντο
341 1449 389 1494 δὲ
425 1439 570 1501 λίθοις
598 1455 916 1506 καθαιροῦντες
943 1454 1025 1494 τοῦ
1053 1449 1247 1505 θεάτρου
1278 1449 1357 1495 τόν
1388 1452 1505 1506 περί·
1536 1445 1591 1489 40

119 1510 258 1564 βολον
289 1507 364 1550 καὶ
404 1506 483 1558 τάς
515 1509 702 1563 πλησίον
742 1509 905 1560 οἰκίας,
936 1507 998 1550 ἔτι
1034 1506 1080 1551 δε
1109 1511 1196 1552 τῶν
1232 1509 1365 1562 ἷερων
1394 1509 1503 1560 ε’νια,

118 1569 212 1615 τοῖς
239 1568 364 1615 θεοῖς
402 1561 633 1618 εὐξάμενοι
668 1566 881 1608 καλλίονα
912 1563 1259 1608 κατασκευάσειν
1275 1565 1505 1634 σωθείσης

117 1625 196 1677 τῆς
224 1619 408 1672 πόλεως.
465 1619 706 1675 ἐξέπεμψαν
739 1622 786 1665 δε
813 1621 889 1665 καὶ
916 1624 1007 1663 τῶν
1039 1636 1153 1664 νεων
1182 1620 1335 1672 ἐννέα,
1366 1623 1505 1664 διακε-

118 1677 380 1732 λευσάμενοι
407 1681 498 1728 τοῖς
535 1676 863 1747 άφηγουμένοις
892 1681 1090 1734 πανταχῆ
1128 1681 1276 1731 πλεῖν,
1313 1677 1388 1720 καὶ
1416 1693 1504 1721 πα·-

120 1733 316 1789 ραδόξως
346 1733 719 1804 ἐπιφαινομένους
755 1733 782 1777 ἃ
811 1735 892 1806 μὲν
921 1735 1122 1803 βυθίζειν
1159 1738 1250 1778 τῶν
1265 1713 1505 1789 άλισκομέ-
1534 1728 1590 1774 45

118 1807 211 1834 νων
238 1791 427 1844 πλοίων,
467 1790 496 1833 ἂ
531 1791 577 1834 δὲ
606 1790 810 1846 κατάγειν
849 1791 910 1842 εἷς
939 1791 1019 1847 τὴν
1046 1790 1186 1834 πόλιν.
1247 1790 1507 1835 ἐκπλευσάν-

118 1863 207 1890 των
236 1847 283 1891 δὲ
310 1846 482 1891 τούτων
510 1847 585 1891 καὶ
621 1864 746 1904 τριχη
777 1849 1109 1919 διαιρεθέντων,
1134 1847 1398 1919 Δαμόφιλος
1426 1864 1505 1903 μεν

119 1904 231 1959 ε’χων
271 1907 386 1954 ναῦς
427 1920 506 1954 τας
553 1904 828 1960 καλουμένας
872 1920 991 1958 παρα
1026 1903 1212 1955 Ροδίοις
1255 1906 1505 1960 φυλακίδας

119 1960 325 2005 ἔπλευσεν
358 1962 418 2011 εἰς
446 1959 708 2013 Κάρπαθον.
766 1978 841 2005 και
868 1959 1008 2005 πολλὰ
1035 1977 1115 2014 μεν
1144 1965 1275 2004 πλοῖα
1303 1977 1392 2004 των
1416 1966 1505 2017 Λη-

118 2018 307 2087 μητρίου
335 2017 597 2089 καταλαβων
626 2016 654 2060 ἃ
690 2034 770 2073 μεν
805 2022 899 2069 τοῖς
936 2016 1139 2074 ἐμβόλοις
1167 2016 1356 2071 θραύων
1383 2034 1505 2062 κατε·
1533 2017 1588 2062 50

118 2074 342 2128 πόντιζεν,
373 2072 403 2117 ἂ
432 2074 475 2117 δ’
504 2075 574 2117 ἐπὶ
603 2073 679 2118 τὸν
709 2074 908 2130 αἰγιαλὸν
936 2076 1127 2143 κομίζων
1153 2073 1416 2128 ἐνεπύριζεν,
1440 2075 1505 2118 ἐκ-

119 2130 351 2187 λεγόμενος
381 2147 472 2174 των
501 2130 713 2186 σωμάτων
749 2131 801 2175 τοὶ
829 2130 1155 2201 χρησιμώτατα,
1187 2148 1269 2175 ουκ
1301 2130 1426 2186 ὀλίγα
1455 2130 1504 2175 δὲ

120 2204 210 2231 των
238 2185 510 2244 κομιζόντων
538 2188 644 2239 τοὺς
673 2188 720 2231 ἐκ
759 2192 835 2244 τῆς
863 2188 1003 2257 νήσου
1033 2203 1232 2240 καρπους
1252 2187 1505 2257 κατήγαγεν

122 2246 181 2296 εἰς
208 2245 287 2302 τὴν
315 2246 516 2333 πατρίδα.
560 2243 820 2301 Μενέδημος
849 2245 896 2289 δὲ
924 2248 1059 2300 τριῶν
1085 2243 1396 2302 ἀφηγούμενος
1418 2262 1503 2300 τρι·
1533 2245 1589 2289 55

211 2436 291 2471 473.
337 2437 396 2471 24.
430 2437 655 2482 ἰδιαίτατον]
689 2436 888 2474 ἰδιώτατον
912 2437 946 2472 Τ
969 2438 1054 2473 Bas.
1080 2447 1086 2452 ‘
1237 2437 1296 2473 26.
1327 2436 1369 2474 τὸ
1393 2438 1506 2474 σύνο-

120 2485 200 2528 λον]
225 2481 383 2519 σύνολον
407 2485 496 2520 Bas.
706 2484 763 2520 34.
787 2485 1045 2542 καθείλκυσεν]
1071 2483 1319 2521 καθείλκυσαν
1342 2489 1505 2530 sequente

811 2544 857 2571 υς
988 2543 989 2546 ’
1109 2528 1175 2572 οὓς

121 2576 222 2620 signo
247 2575 392 2609 lacunae
422 2576 503 2610 Bas.
688 2576 745 2613 43.
780 2581 857 2616 τοῖς
889 2576 1168 2636 οἷφηγονμένοις
1197 2578 1247 2621 F,
1279 2576 1369 2619 τοῦς
1402 2574 1502 2623 ἆφη-

122 2622 325 2666 γονμένους
349 2622 430 2655 Bas.
617 2622 675 2657 50.
698 2627 778 2662 τοῖς
802 2623 988 2669 ἐμβόλοις]
1013 2627 1094 2665 ταῖς
1117 2622 1292 2669 ἐμβολαῖς
1318 2625 1396 2658 Bas.

215 2667 273 2702 54.
294 2666 510 2713 κατήγαγεν]
535 2668 722 2714 εἰςήγαγεν
749 2671 790 2704 W
976 2670 1032 2706 55.
1057 2672 1298 2718 τριημιολιων
1321 2670 1376 2715 Τ,
1399 2682 1502 2715 τριη-

122 2715 301 2758 μολκείων
333 2715 388 2758 F,
435 2715 564 2750 caeteri
616 2717 880 2762 τριημιολκίων
