1820 3249
453 183 565 224 ΜΒ.
596 182 707 224 xvl
768 182 901 224 CAP.
935 184 1098 226 7:174.
1358 176 1473 226 1109‘

89 295 168 339 τόν
180 295 395 366 πόλεμον
432 295 734 347 διοικοῦντας,
770 294 958 364 ἔκριναν
987 292 1161 360 ἑτέρους
1192 293 1467 340 ἀποστέλλειν

89 351 195 407 μετὰ
225 353 449 422 δυνάμεως
479 349 674 406 μεγάλης.
735 348 872 401 εὐθὺς
902 352 985 393 οὐν
1013 354 1102 393 τῶν
1131 355 1322 393 πολίτων
1347 353 1466 396 κατέ·

88 415 218 464 λεγον
245 408 347 460 τοὺς
378 407 584 462 ἀρίστους
613 409 673 458 εἰς
700 407 780 463 τὴν
811 408 1038 460 στρατείαν
1066 408 1140 450 καὶ
1169 411 1255 450 τῶν
1283 408 1465 462 Λιβύων

87 466 192 516 τοὺς
220 464 427 516 εὐθέτους
457 462 820 519 έστρατολόγουν,
861 464 993 519 χωρὶς
1022 464 1068 506 δὲ
1095 464 1265 508 τούτων
1293 480 1462 519 προχει-
1492 466 1545 505 25

88 521 316 578 ρισοὶμενοι
355 520 586 577 χρημάτων
627 525 797 577 πλῆθος
832 519 1141 576 μισθοφόρους
1178 520 1461 576 ἐξενολόγουν

74 579 249 635 Ἴβηρας
284 578 358 622 καὶ
388 578 579 628 Κελτους
613 578 686 622 καὶ
715 580 903 633 Λίγυας·
951 577 1280 647 ἐναυπηγοῦντο
1312 577 1358 621 δὲ
1387 580 1460 621 καὶ

85 640 196 686 ναῦς
224 635 391 690 μακρὰς
431 635 506 678 καὶ
541 634 794 705 φορτηγοῦς
829 632 995 684 πολλας
1022 633 1234 689 η’θροιζον
1269 635 1343 678 καὶ
1380 634 1460 691 τὴν

83 692 218 763 α’λλην
246 691 526 763 παρασκευήν
556 690 886 764 ἀνυπέρβλητον
921 691 1170 734 ἐποιοῦντο.
1488 719 1544 759 74

190 746 284 791 Ἐπ’
314 747 524 818 ἄρχοντος
561 747 601 791 δ’
628 746 837 818 Ἀθήνησι
866 747 1129 804 Νικομάχου
1153 746 1358 803 Ῥωμαῖοι
1385 765 1457 791 κα·
1488 777 1542 817 30

81 804 290 862 τέστησαν
326 804 524 857 υποῖτους
553 805 692 850 Γάϊον
699 805 931 875 Μάρκιον
970 805 1045 848 καὶ
1085 806 1217 848 Τίτον
1254 804 1458 848 Μάλλιον

85 865 379 916 Τορκουᾶτον.
438 863 506 906 ἐπὶ
544 862 591 906 δὲ
628 861 800 906 τούτων
834 863 1020 905 Φωκίων
1059 862 1138 918 μὲν
1177 861 1201 906 ὁ
1228 859 1461 917 Ἀθηναῖος

79 918 410 989 κατεπολέμησε
424 920 691 976 Κλείταρχον
719 919 797 963 τὸν
828 917 1047 972 Ἐρετρίας
1074 919 1298 974 τύραννον
1323 924 1456 962 καθε-

80 976 320 1046 σταμένον
329 975 415 1019 ὑπὸ
446 978 678 1020 Φιλίππου.
735 993 847 1020 κατα
877 976 924 1019 δὲ
956 974 1053 1047 τὴν
1064 977 1235 1030 Καρίαν
1266 975 1458 1028 Πιξώδα-
1487 976 1542 1016 35

80 1048 158 1085 ρος
185 1031 211 1076 ὁ
238 1031 444 1086 νεώτερος
468 1049 557 1076 των
587 1031 790 1089 ἀδελφῶν
819 1031 1053 1088 έξέβαλεν’
1036 1049 1081 1075 εκ
1102 1037 1178 1102 τῆς
1201 1035 1458 1084 δυναστείας

66 1087 226 1141 ’Ἀδαν,
257 1090 332 1132 καὶ
359 1089 717 1133 ε’δυνάστευσεν’
703 1090 775 1146 ε’τη
803 1091 928 1133 πέντε
959 1089 1038 1140 ἕως
1067 1089 1135 1132 έπὶ
1163 1088 1245 1144 τὴν
1269 1086 1457 1140 Ἀλεξαν-

78 1147 190 1197 δρου
220 1143 423 1202 διαβασιν
453 1147 511 1197 εἰς
539 1145 618 1200 τήν
646 1145 804 1189 Ἀσίαν.
866 1147 1081 1197 Φίλιππος
1110 1145 1156 1189 δὲ
1186 1145 1252 1189 ἀεὶ
1286 1150 1456 1201 μᾶλλον

78 1200 316 1272 αὐξόμενος
345 1203 413 1245 ἐπὶ
441 1202 521 1258 τήν
539 1203 764 1275 Πέρινθον
791 1202 1084 1256 ἐστράτευσεν,
1115 1203 1456 1258 ἐναντιουμένην

77 1257 158 1313 μὲν
187 1256 318 1316 αὐτῷ,
349 1259 459 1312 πρὸς
488 1260 535 1303 δὲ
560 1258 825 1316 Ἀθηναίους
845 1257 1186 1303 αποκλίνουσαν.
1245 1259 1456 1327 συστησά-
1486 1257 1540 1299 40

75 1331 205 1387 μενος
245 1305 290 1358 δέ
335 1318 616 1371 πολιορκίαν,
660 1317 734 1360 καὶ
766 1317 960 1387 μηχανὰς
988 1315 1219 1371 προςάγων
1247 1320 1300 1373 τῇ
1329 1315 1455 1360 πόλει

75 1370 184 1415 καθ’
232 1370 418 1428 ἡμέραν,
467 1374 514 1417 ἐκ
555 1375 769 1444 διαδοχῆς
816 1374 1080 1441 προςέβαλλε
1121 1378 1213 1424 τοῖς
1261 1375 1453 1429 τείχεσιν.

77 1427 497 1499 ὀγδοηκονταπήχεις
525 1431 572 1474 δὲ
600 1429 800 1486 πύργους
825 1430 1128 1474 κατασκευάσα
1194 1430 1453 1484 υπεραίρον-

73 1501 152 1536 τας
182 1486 298 1529 πολὺ
325 1490 414 1530 τῶν
443 1486 554 1530 κατὰ
582 1504 660 1543 την
691 1488 916 1541 Πέρινθον
944 1447 1234 1587 πύργωνᾳὶξ
1240 1486 1454 1559 ὑπεροχῆς
1482 1483 1536 1526 45

74 1542 305 1586 κατεπόνει
343 1560 448 1594 τους
486 1545 917 1614 πολιορκουμένους·
989 1560 1151 1614 ομοιως
1222 1560 1240 1586 ε
1268 1544 1343 1587 καὶ
1381 1543 1455 1587 δια

73 1601 164 1640 των
201 1603 339 1668 κριῶν
379 1599 576 1644 σαλεύων
615 1600 668 1644 τὰ
708 1602 823 1658 τείχη
863 1600 938 1644 καὶ
978 1599 1052 1644 δια
1089 1604 1168 1671 τῆς
1205 1602 1456 1670 μεταλλείας

71 1653 336 1707 ’ὑπορύττων
364 1656 432 1700 ἐπὶ
461 1656 577 1701 πολὺ
604 1658 737 1713 μέρος
763 1662 846 1702 τοῦ
873 1659 1040 1712 τείχους
1058 1657 1303 1713 κατέβαλεν.
1346 1655 1455 1726 0}ng-

71 1711 271 1766 τομένων
299 1712 346 1756 δὲ
375 1717 462 1756 τῶν
493 1716 746 1767 Περινθίων
775 1713 1028 1768 εὐρώστως,
1065 1714 1140 1757 καὶ
1169 1714 1276 1770 ταχὺ
1311 1720 1450 1769 τεῖχος

71 1767 220 1824 ε’τερον
236 1768 714 1841 ἄντοικοδομησαντων,
739 1770 901 1827 ἀγῶνες
921 1770 1092 1824 [ἕτεροι]
1111 1771 1359 1840 θαυμαστοὶ
1374 1771 1450 1814 καὶ
1478 1766 1534 1808 50

71 1827 336 1894 τειχομαχίαι
365 1829 638 1871 συνίσταντο.
685 1828 872 1884 μεγάλης
902 1827 947 1870 δὲ
970 1828 1219 1883 φιλοτιμίας
1245 1827 1287 1880 ἐξ
1307 1825 1450 1883 ἀμφο-

0 1881 210 1936 14οτέρων
241 1883 574 1954 συνισταμένης,
620 1885 643 1929 ὁ
674 1886 754 1940 μὲν
780 1882 985 1942 βασιλεὺς
1013 1885 1204 1935 πολλοὺς
1233 1884 1342 1939 ἔχων
1373 1885 1448 1928 καὶ

71 1940 384 1991 παντοδαποὺς
421 1940 639 1997 ὀξυβελεῖς
677 1941 748 1986 διὰ
778 1943 946 1986 τούτων
975 1958 1080 1992 τους
1106 1941 1176 1983 ἐπὶ
1203 1944 1290 1984 τῶν
1321 1940 1448 1985 ἐπάλ-

71 1996 180 2046 ξεων
208 1998 595 2068 διαγωνιζομένους
624 1999 888 2067 διέφθειρεν,
922 1999 966 2041 οἱ
995 1999 1041 2042 δὲ
1072 1999 1318 2051 Περίνθιοι,
1348 2003 1449 2041 πολ·
1477 1998 1532 2041 55

71 2051 179 2103 λους
216 2052 325 2096 καθ’
366 2053 533 2110 ημέραν
577 2053 921 2125 αποβάλλοντες,
966 2056 1214 2110 συμμαχίαν
1242 2055 1316 2098 καὶ
1345 2055 1449 2111 βέλη

70 2109 146 2152 καὶ
192 2112 459 2170 καταπέλτας
508 2128 628 2166 παρα
675 2117 764 2156 τῶν
819 2114 1070 2164 Βυζαντίων
1115 2110 1447 2167 προςελάβοντο.

73 2165 347 2218 ἐξισωθέντες
378 2171 460 2212 οὐν
487 2168 621 2212 παλιν
649 2175 742 2220 τοῖς
767 2170 989 2224 πολεμίοις
1014 2166 1357 2236 ἀνεθαρρησαν,
1372 2170 1446 2211 καὶ

47 2222 387 2285 ,τετολμηκότως
417 2225 520 2278 τούς
548 2225 660 2282 ὑπὲρ
693 2243 768 2283 της
788 2227 997 2281 πατρίδος
1024 2224 1260 2277 κινδύνους
1288 2225 1444 2282 ὑπέμε-

67 2390 125 2425 22.
171 2391 364 2436 δυναμεως
387 2392 569 2440 μεγαλης]
598 2393 792 2439 δυνάμεων
815 2393 982 2439 μεγάλων
1007 2396 1039 2440 Q
1221 2394 1279 2430 35.
1320 2393 1444 2438 Πιξώ-

68 2438 180 2480 δαρος
196 2439 456 2485 Weseelhgim,
482 2440 701 2486 Πιξώδαρος
716 2444 792 2485 QX,
820 2443 1016 2476 Pexodarus
1042 2441 1186 2486 Cospns,
1210 2442 1341 2476 caeteri
1364 2444 1442 2484 Πη-

66 2483 232 2528 ξώδῦρῠς
422 2487 479 2522 39.
527 2490 735 2535 Πείρινθον
766 2489 901 2532 saepius
932 2490 962 2522 F
1181 2485 1285 2534 αὐτῷ
1316 2489 1441 2522 FLTY

65 2530 169 2571 Bam,
194 2532 319 2566 caeten
344 2531 461 2580 εαυτῷ
644 2536 701 2569 43
751 2533 792 2571 δὲ
815 2533 1003 2578 πύργους]
1031 2546 1194 2578 πυργους
1218 2534 1257 2569 δε
1281 2535 1314 2568 Τ
1338 2535 1433 2575 Bas„

65 2575 343 2655 ἰέιιετιιῖοηςθῐιῑεε
364 2585 442 2614 ante
463 2579 648 2627 πύργους,
678 2583 708 2616 F
891 2582 947 2616 50.
996 2580 1114 2624 ἕτεροι
1145 2581 1311 2616 asterisco
1343 2560 1439 2615 nota't

94 2628 147 2666 tep
178 2634 263 2657 anus

157 2690 236 2725 1⁴0.
269 2691 326 2727 51.
374 2694 722 2740 διαγωνιζομένους]
758 2695 1095 2741 ἐπαγωνιζομένους
1128 2696 1191 2730 FL
1375 2693 1433 2729 56.

65 2736 124 2772 καὶ
150 2737 374 2778 καταπέλτας
397 2741 668 2797 Wesedingffls,
710 2743 935 2784 καταπέλτας
967 2745 1022 2787 Q,
1058 2744 1266 2777 iaculatores
1291 2742 1436 2785 empus,

61 2779 280 2876 ἓὲἷῗὲξιόκτᾶἑὲ
300 2786 498 2829 πελταστάς
677 2788 736 2825 58.
776 2788 1046 2836 τετολμηκότως
1069 2790 1208 2835 LQTY,
1231 2788 1358 2823 caetori
1381 2799 1435 2821 τε·
