1820 3249
65 410 235 454 2836521'0
264 409 456 478 δηλώσας
484 408 560 451 τὸν
589 407 726 452 τόπον
755 409 813 458 εἰς
843 406 894 450 ὃν
925 406 1168 476 διεγιωκως
1197 410 1252 462 ἠν
1278 409 1510 448 καταντᾶν.

487 183 603 225 LlB.
631 181 776 224 XVIII.
835 180 966 222 cAP,
995 182 1064 224 33.
1094 183 1163 229 34,
1397 181 1506 222 1281)

142 312 248 347 νους
284 286 543 346 κινδύνους·
602 295 891 350 παραγγείλας
929 293 974 337 δὲ
1015 294 1234 362 ἑτοίμους
1252 289 1364 335 εἶναι
1398 290 1510 362 πρός

143 352 381 408 άναζυγήν
413 350 582 420 ὥρμησε
611 352 716 419 μετά
744 356 820 405 τῆς
849 351 1071 405 δυνάμεως
1102 348 1183 404 ἀφ’
1208 347 1405 410 εσπέρας,
1437 346 1510 391 οὐ·
1542 357 1621 395 100

140 466 220 522 την
258 466 304 509 ὀε
339 463 477 509 νύκτα
513 469 658 508 πᾶσαν
688 462 982 520 ὁδοιπορήσας
1010 464 1055 507 ἐν
1085 462 1202 518 τάχει
1216 474 1512 534 'xatfflvpatog

139 523 319 566 πέδευσε
355 521 473 576 παρὰ
511 521 588 565 τὸν
629 525 794 565 Νεῖλον
834 523 1016 576 πλησίον
1058 521 1280 575 φρουρίου
1321 518 1442 569 τινὸς
1485 516 1512 561 6

139 579 484 648 προςηγορεύετο
523 577 743 648 Καμηλων
781 583 930 633 τεῖχος.
998 577 1317 646 διαφαινούσης
1351 575 1397 618 δὲ
1435 579 1512 630 τῆς
1542 580 1567 623 5

139 635 309 706 ἡμέρας
330 637 539 691 διεβίβαζε
567 636 645 690 τὴν
675 634 886 690 δύναμιν,
933 631 1189 689 ηγουμένων
1217 636 1306 675 τῶν
1332 631 1511 686 ἐλεφάν-

140 705 252 742 των,
293 691 717 736 ἐπακολουθούντων
745 693 791 736 δε
825 695 912 734 τῶν
940 691 1223 758 υπασπιστῶν
1252 689 1326 732 καὶ
1354 693 1512 743 κλιμα-

138 746 348 802 κοφόρων
375 749 450 793 καὶ
477 753 567 792 τῶν
600 747 743 792 άλλων
772 747 837 792 δι’
871 749 931 792 ὠν
962 748 1104 802 ἔμελλε
1131 763 1212 802 την
1233 748 1511 816 τειχομαχίαν

138 809 375 848 ποιεῖσθαι.
442 805 512 849 ἐπὶ
553 810 660 849 πᾶσι
701 805 747 849 δὲ
788 803 1048 860 ἐπεβάλοντο
1087 805 1129 847 οἱ
1164 801 1385 874 κράτιστοι
1422 806 1512 844 τῶν

139 861 328 914 ἱππέων,
373 863 452 913 οὓς
481 866 689 934 διενοεῖτο
715 861 967 917 ἐπιπέμπειν
994 866 1087 912 τοῖς
1115 861 1214 914 περὶ
1244 858 1321 902 τὸν
1352 862 1513 902 Πτολε-
1544 865 1597 904 10

140 923 293 988 μαῖον,
338 918 414 962 ἐὰν
447 917 638 974 τύχωσιν
655 918 1015 992 ἐπιφαινᾴμειοι.
1075 915 1440 986 μεσοπορούντων
1471 913 1511 958 δ’
1540 921 1596 961 34

141 973 288 1017 αὐτῶν
320 975 596 1045 ἐπεφάνησαν
625 993 667 1020 οι
696 976 795 1029 περὶ
824 975 901 1019 τὸν
923 979 1194 1030 Πτολεμαῖον
1216 973 1364 1030 δρόμῳ
1385 988 1512 1026 προς-

141 1030 281 1080 ιόντες
301 1031 412 1085 πρὸς
441 1032 518 1088 τὴν
542 1035 623 1076 τοῦ
643 1035 907 1086 πολίσματος
931 1032 1200 1085 ἐπικουρίαν.
1241 1028 1512 1085 φθασάντων

141 1085 183 1130 δ’
215 1085 362 1130 αὐτῶν
390 1089 463 1131 καὶ
491 1089 868 1142 παρειςπεσόντων
896 1090 955 1139 εἰς
982 1088 1030 1130 τὸ
1059 1089 1232 1155 χωρίον,
1261 1087 1334 1130 καὶ
1367 1086 1440 1129 διά
1469 1101 1512 1129 τε
1544 1090 1596 1132 15

138 1146 228 1185 τῶν
257 1146 506 1199 σαλπίγγων
534 1145 608 1188 καὶ
636 1149 744 1215 βοης
775 1144 974 1213 φανερὰν
1001 1143 1287 1212 ποιησάντων
1308 1159 1386 1198 την
1416 1160 1515 1186 εαυ-

137 1203 226 1242 τῶν
253 1204 511 1271 παρσζυσίαν,
544 1204 588 1246 οἱ
613 1202 692 1258 μὲν
719 1202 818 1255 περὶ
844 1199 922 1244 τὸν
954 1203 1203 1254 Περδίκκαν
1233 1198 1287 1243 ov’
1310 1198 1515 1243 κατεπλά-

137 1269 314 1328 γησαν,
347 1256 454 1302 ἄλλα
474 1263 713 1328 τολμηρῶς
741 1262 963 1314 προςῆγον
991 1263 1085 1308 τοῖς
1113 1258 1388 1325 τειχίσμασιν
1447 1254 1514 1299 εύ-

138 1313 225 1363 θῦς
272 1311 314 1358 δ’
356 1331 399 1358 οι
441 1332 527 1386 μεν
557 1315 821 1359 ὑπασπισταὶ
859 1315 1155 1370 προςθέμενοι
1184 1331 1261 1364 τας
1305 1316 1516 1383 κλίμακας
1560 1330 1563 1333 ·

139 1367 383 1441 ἀνέβαινον,
413 1374 457 1414 οἱ
486 1370 527 1416 6'
558 1373 627 1416 ἐπὶ
656 1377 744 1415 τῶν
773 1371 1022 1441 ἐλεφάντων
1046 1371 1122 1415 τὸν
1136 1370 1305 1426 χάρακα
1329 1369 1516 1413 διέσπων
1545 1378 1599 1418 20

138 1427 211 1469 καὶ
241 1427 317 1478 τάς
345 1426 549 1480 ἐπάλξεις
565 1429 810 1484 ἐρρίπτουν.
859 1426 882 1472 ὁ
915 1428 960 1471 δὲ
993 1431 1263 1483 Πτολεμαῖος
1288 1427 1396 1482 ἔχων
1418 1427 1517 1480 περὶ

141 1481 279 1526 αὐτόν
329 1483 431 1535 τοὺς
481 1483 708 1537 ἀρίστους,
756 1485 827 1528 καὶ
874 1484 1144 1553 βουλόμενος
1183 1484 1518 1538 προτρέψασθαι

139 1556 246 1590 τους
268 1538 429 1591 α’λλους
449 1541 667 1611 ἡγεμόνας
700 1542 773 1584 καὶ
806 1543 961 1596 φίλους
990 1541 1214 1595 προςιέναι
1234 1546 1324 1590 τοῖς
1345 1543 1517 1590 δεινοῖς,

140 1595 273 1647 αὐτός
303 1595 536 1653 ἀναλαβών
565 1598 644 1666 τὴν
674 1599 884 1653 σάρισαν,
929 1597 1001 1641 καὶ
1029 1597 1130 1648 στὰς
1167 1596 1234 1639 ἐπ’
1266 1596 1404 1650 ἄκρου
1434 1601 1515 1640 τοῦ
1545 1603 1598 1643 25

94 1685 98 1691 .
143 1655 518 1723 προτειχίσματος,
549 1655 628 1698 τόν
658 1656 736 1711 μὲν
766 1654 1016 1723 ἡγούμενον
1039 1658 1128 1697 τῶν
1157 1652 1407 1708 ἐλεφάντων
1437 1654 1516 1704 ἐξε-

135 1710 377 1764 τύφλωσεν
409 1710 589 1767 ὑπερδέ
551 1729 662 1764 ςιον
692 1713 799 1767 ἔχων
827 1710 907 1765 τήν
938 1710 1102 1762 στάσιν,
1134 1709 1212 1753 τὸν
1242 1709 1284 1754 6
1311 1708 1519 1764 ἐπικαθη-

137 1783 273 1822 μενον
297 1765 438 1810 Ἰνδὸν
478 1770 749 1824 τραυματίαν
780 1769 974 1824 ἐποίησε·
1019 1767 1124 1819 τοὺς
1153 1767 1198 1810 δὲ
1229 1765 1302 1810 διὰ
1330 1771 1405 1823 τῆς
1433 1768 1520 1810 κλί-

136 1839 275 1878 μακος
305 1822 623 1879 ἀναβαίνοντας
651 1822 1104 1893 καταπεφρονηκότως
1140 1823 1318 1866 τύπτων
1346 1824 1419 1867 καὶ
1448 1841 1520 1867 κα-

135 1884 491 1950 τατραυματίζων
526 1884 819 1936 περιεκύλισεν
858 1882 916 1931 εἰς
954 1880 1032 1924 τὸν
1067 1881 1267 1934 ποταμόν
1296 1881 1400 1936 μετὰ
1428 1884 1515 1922 τῶν
1545 1886 1599 1925 30

137 1934 297 1979 ὅπλων.
356 1936 614 1990 άκόλουθως
652 1939 698 1982 δὲ
727 1937 867 1994 τούτῳ
898 1938 970 1980 καὶ
999 1942 1088 1980 τῶν
1118 1940 1260 1992 φίλων
1288 1941 1369 1980 τοῦ
1404 1940 1515 1980 Πτο-

137 1995 316 2049 λεμαίου
347 1995 746 2051 διαγωνιζομένων,
779 1997 828 2038 τὸ
861 1994 940 2050 μὲν
969 1994 1174 2065 ἐχόμενον
1199 1997 1361 2049 θηρίον
1389 2010 1517 2036 κατα-

136 2049 443 2101 κοντισθέντος
489 2056 571 2095 τοῦ
617 2056 924 2107 κυβερνῶντος
965 2051 1071 2094 αὐτὸ
1115 2049 1256 2094 Ἰνδοῦ
1299 2055 1516 2102 παντελῶς

137 2104 353 2161 ἄχρηστον
381 2107 563 2164 ἐγένετο.
620 2109 688 2153 ἐπὶ
721 2109 863 2152 πολύν
893 2108 939 2152 δὲ
966 2107 1127 2162 χρόνον
1149 2112 1225 2162 τῆς
1245 2110 1516 2164 τειχομαχίας
1546 2113 1599 2153 35

137 2162 430 2234 συνεστώσης,
481 2167 525 2209 οἱ
557 2182 636 2221 μεν
675 2166 773 2220 περὶ
812 2163 891 2208 τόν
933 2167 1183 2218 Περδίκκαν
1225 2165 1271 2208 ἐκ
1315 2167 1519 2235 διαδοχῆς

137 2220 481 2278 προςβάλλοντες
508 2227 656 2267 πᾶσαν
683 2221 881 2279 σπουδην
917 2223 1193 2279 εἰςεφέροντο
1221 2238 1330 2266 κατα
1360 2221 1520 2277 κράτος

140 2397 472 2448 100.α’ναζυ;ἠν]
500 2400 662 2448 α’ναγκήν
686 2405 768 2438 Bas.

229 2457 311 2492 283.
343 2459 377 2494 5,
427 2461 630 2516 διεβίβαζε]
656 2463 841 2508 διεβίβασε
863 2460 911 2494 W
1049 2458 1106 2494 10.
1139 2457 1354 2502 ἐπιπέμπειν
1379 2458 1517 2494 wesse-

140 2501 288 2546 lingius:
316 2505 396 2538 libri
419 2507 574 2548 πέμπειν
736 2509 791 2542 13.
838 2508 907 2542 τοῦ
929 2507 1028 2550 πολ.]
1055 2508 1136 2540 πολ.
1160 2507 1191 2539 V
1214 2507 1297 2541 Bas.

139 2549 233 2606 ζῶν]
258 2551 323 2593 τῆς
347 2552 420 2585 τῶν
444 2554 474 2586 F
657 2554 715 2591 16
759 2554 821 2589 καὶ
843 2554 956 2609 βοῆς]
993 2553 1085 2598 βοῆς
1106 2553 1169 2585 Fv
1351 2549 1410 2584 21.
1460 2548 1519 2593 εῤ-

139 2592 316 2641 ῥίπτουν]
354 2596 523 2642 ἕῤῥιπτον
547 2599 594 2633 W
777 2601 837 2637 22.
885 2596 1026 2644 αυτόν]
1060 2595 1177 2633 αὐτὸν
1198 2599 1277 2633 Fw

1412 2645 1466 2676 αθ

138 2687 294 2728 copiam
316 2687 366 2733 F,
390 2689 520 2723 caeteri
544 2686 719 2733 σάρισσαν
903 2691 961 2725 27.
1009 2686 1308 2735 ἐπικαθήμενον]
1341 2655 1518 2731 ἐπικειμηὲ-

137 2744 203 2767 νον
229 2734 258 2766 F
440 2735 496 2768 30.
530 2736 798 2791 περιεκύλισεν]
822 2738 1062 2783 περιέκλεισεν
1087 2737 1146 2770 Fv
1262 2756 1266 2762 ·
1322 2737 1379 2769 36.
1411 2747 1520 2786 προς-

136 2777 354 2832 βάξλοντες]
386 2781 657 2829 προςβαλόντες
691 2785 752 2818 Fv
935 2783 991 2818 37.
1040 2795 1134 2818 κατα
1166 2781 1322 2828 κράτος]
1359 2780 1450 2817 κατὰ
1475 2776 1517 2815 τὸ

134 2822 269 2871 κράτος
291 2827 375 2863 Bas.
