1820 3249
569 118 688 160 L·1B.
712 117 815 160 XV
823 114 1047 161 mAP'z
1071 117 1113 161 3
1444 115 1530 165 919

149 235 241 289 λης
253 229 498 288 αποδοχῆς
506 229 797 302 τυγχάνοντα
806 229 928 303 παρά
956 234 1048 283 τοῖς
1078 229 1282 287 Πέρσαις.
1328 223 1470 274 οὗτοι
1479 226 1528 284 δὲ
1558 234 1614 274 70

115 308 119 313 ,
151 289 495 358 παραλαβόντες
517 291 594 340 τὰς
633 288 860 346 δυνάμεις
875 289 938 332 ἐν.
959 289 1142 345 Φωκαίᾳ
1180 288 1255 331 καὶ
1283 286 1429 357 Κύμῃ
1447 301 1534 330 κα-

151 343 370 416 τήντησαν
409 348 470 396 εἰς
508 349 732 399 Κιλικίαν,
777 347 852 389 καὶ
885 333 1213 417 περαιωθέντες
1251 345 1312 394 εἰς
1345 342 1534 412 Κύπρον

149 401 339 472 ἐνεργῶς
378 402 573 459 διῴκουν
614 403 692 447 τὸν
730 402 949 458 πόλεμον.
994 400 1019 445 ὁ
1058 401 1104 446 6'
1144 400 1384 471 Εὐαγόρας
1422 396 1535 453 πρὸς

149 457 239 514 μὲν
258 457 353 502 τόν
356 449 539 514 ’Ἀκοριν
566 459 646 504 τόν
674 462 926 515 Αιγυπτίων
955 458 1146 529 βασιλέα,
1184 456 1396 527 πολέμιον
1426 455 1533 499 ὄντα

149 517 360 586 Περσῶν,
404 520 652 587 συμμαχίαν
679 516 946 589 ἐποιήσατἰ)
961 517 1036 559 καὶ
1065 514 1256 570 δύναμιν
1288 512 1528 567 ἀξιόλογον
1556 513 1613 557 75

147 569 257 626 παρ’
282 571 421 617 αὐτοῦ
450 573 759 630 προςελοέβετο·
788 572 915 643 -JxocQ
939 571 1235 642 Εκατόμνου,υ
1241 571 1289 616 δὲ
1327 573 1417 614 τοῦ
1434 573 1531 612 Κα-

147 630 247 680 ρίας
277 629 518 685 δυνάστου,
548 632 695 689 λάθρᾳ
723 630 1077 687 συμπράττοντος
1114 627 1262 687 αὐτῶ,
1298 625 1532 683 χρημάτων

146 683 274 754 ἔλαβε
301 691 472 758 πλῆθος
499 690 559 739 εἰς
589 677 835 758 διατροφήν
863 690 1042 741 ξενικῶν
1072 675 1326 743 δυνάμεων·
1369 684 1532 753 ὁμοίως

148 741 196 785 δὲ
247 743 321 786 καὶ
369 744 474 796 τούς
528 744 687 796 ἄλλους
736 762 843 796 τους
900 743 1142 797 αλλοτρίως
1195 744 1385 799 ε’χοντας
1418 739 1531 796 πρός
1561 750 1617 791 80

147 798 325 868 Πέρσας
356 801 468 853 τούς
504 803 583 859 μὲν
593 804 834 871 λαθραίως
869 818 975 854 τους
1012 801 1059 846 δὲ
1095 801 1171 845 καὶ
1199 815 1403 856 φανερως
1430 799 1534 842 ἐπε-

146 856 372 913 σπάσατο,
410 858 783 931 κοινωνήσοντας
795 862 876 903 τοῦ
909 863 1142 929 Περσικοῦ
1161 858 1369 914 πολέμου.
1429 854 1534 899 ἐκυ-

146 914 264 969 ρίευε
295 915 361 958 δὲ·
383 916 492 960 κατὰ
522 917 601 986 μὲν
630 917 712 973 τήν
742 916 933 971 Κύπρον
971 920 1060 960 τῶν
1089 914 1260 960 πόλεων
1298 910 1470 982 σχεδόν
1490 928 1534 955 τι

146 970 198 1014 τό
225 971 382 1022 πλέον,
413 974 531 1017 κατοὶ
566 974 612 1019 δὲ
623 974 722 1044 τήν
750 975 966 1046 Φοινίκην
999 971 1153 1027 Τύρου
1181 972 1257 1016 καί
1285 986 1421 1015 τινων
1449 967 1533 1013 ἑτέ-

147 1044 252 1082 ρων.
318 1033 402 1085 εἶχε
452 1030 498 1074 δὲ
537 1030 727 1087 τριήρεις
776 1031 856 1087 μὲν
903 1030 1187 1103 ενενήκοντα,
1235 1029 1310 1074 καὶ
1355 1026 1528 1071 τούτων
1558 1025 1613 1070 85

144 1084 346 1157 υπῆρχον
379 1086 539 1159 Τύριαι
576 1088 657 1142 μὲν
695 1090 865 1139 εἴκοσι,-
891 1089 1090 1143 Κύπριαι
1130 1085 1169 1132 δ’
1200 1083 1531 1156 ἑβδομήκοντα,

146 1142 414 1197 στρατιώτας
454 1142 498 1188 6’
539 1147 679 1214 ἰδίους
708 1161 786 1201 μεν
822 1145 1154 1216 ἑξακιςχιλίους,
1192 1143 1314 1215 παρα
1357 1138 1402 1187 δὲ
1440 1145 1532 1186 τῶν

145 1200 385 1257 συμμάχων
402 1205 561 1257 ’πολλῷ
590 1202 767 1246 τούτων
791 1204 983 1255 πλείους.
1039 1202 1153 1259 πρὸς
1190 1201 1238 1250 δὲ
1265 1198 1439 1251 τούτοις
1467 1216 1533 1254 μι-

145 1258 407 1313 σθαφόρους
446 1258 639 1310 πολλους
668 1259 940 1330 ἐξενολόγει,
980 1259 1096 1334 έχων
1127 1258 1359 1330 χρημάτων
1397 1256 1532 1307 δαψί-

143 1317 280 1358 λειαν.
310 1315 503 1388 .ε’πεμψε
537 1314 579 1360 δ’
621 1316 743 1374 αὐτῷ
777 1318 857 1362 καὶ
895 1315 919 1361 ὁ
959 1333 1050 1360 των
1085 1315 1294 1373 Ἀράβων
1325 1312 1535 1383 βασιλευς
1558 1314 1615 1356 90

146 1372 411 1428 στρατιώτας
451 1371 557 1436 οὐκ·
573 1362 750 1430 ὀλίγους
794 1374 868 1418 καὶ
906 1373 1031 1418 ἄλλοι
1058 1374 1172 1426 τινὲς
1210 1375 1254 1418 οἱ
1281 1371 1331 1417 ἐν
1361 1369 1529 1448 υποψί-

147 1449 216 1484 αις
242 1430 366 1483 ὄντες
395 1435 475 1488 τῷ
487 1432 578 1475 τῶν
582 1435 794 1489 Περσων
822 1435 1000 1503 βασιλεῖ.

267 1484 424 1540 Οὗτος
435 1505 515 1545 μεν
544 1490 628 1532 οὐν
661 1488 880 1540 τοσαύτας
918 1468 1134 1543 ἄφορμας
1167 1485 1289 1558 ἔχων
1313 1458 1528 1555 τεθαρρη-
1582 1485 1612 1526 3

143 1543 284 1596 κότως
313 1546 652 1615 συγκατέβαινεν
681 1546 742 1594 εἰς
767 1544 856 1588 τὸν.
873 1544 1079 1613 πόλεμον.
1137 1544 1211 1587 καὶ
1241 1547 1429 1597 πρῶτον
1447 1557 1528 1597 μεν
1556 1541 1612 1592 95

142 1601 378 1672 λῃστρικας
408 1602 518 1670 έχων
546 1605 655 1652 ναῦς
684 1601 767 1645 οὐκ
793 1600 947 1670 ὀλίγας
983 1599 1226 1670 ἐφήδρευσε
1261 1605 1356 1651 ταῖς
1394 1615 1530 1653 κομι-

146 1659 351 1713 ζομέναις
385 1663 474 1702 τῶν
511 1660 732 1713 πολεμίων
779 1655 981 1713 ἀγοραῖς,
1022 1658 1095 1700 καὶ
1134 1674 1213 1708 τας
1255 1656 1334 1712 μὲν
1381 1654 1530 1699 αὐτων

146 1717 399 1787 διέφθειρεν
436 1715 484 1758 ἐν
527 1715 760 1786 θαλάττῃ,
787 1715 865 1765 τας
907 1715 954 1758 δε
994 1714 1278 1766 διεκώλυσεν,
1325 1713 1443 1764 ἐνίας
1482 1711 1529 1782 δὲ

145 1771 490 1843 &weil-81:66&
521 1773 596 1816 καὶ
624 1788 714 1815 των
743 1771 947 1827 ἐμπόρων
977 1770 1036 1827 μὴ
1065 1771 1330 1841 τολμώντων
1360 1771 1421 1820 εἰς
1451 1769 1529 1825 τὴν

145 1829 336 1901 Κύπρον
368 1831 696 1899 παρακομίζειν
753 1834 900 1881 σῖτον,
949 1828 1145 1884 μεγάλων
1201 1827 1259 1872 δὲ
1295 1827 1528 1898 δυνάμεων
1559 1831 1640 1872 100

144 1885 454 1944 ἡθροισμένων
482 1889 542 1937 εἰς
578 1885 658 1958 τήν
687 1889 850 1941 νῆσον,
889 1886 997 1941 ,ταχυ
1037 1885 1229 1929 σιτοδεία
1264 1884 1447 1955 κατέσχε
1477 1884 1528 1928 τὸ

144 1961 235 1988 των
274 1946 470 1997 Περσων
500 1942 808 2012 στρατόπεδον.
865 1947 943 2011 τῇς
982 1941 1025 1986 δ’
1072 1940 1258 1995 ἀπορίας
1293 1941 1531 2012 γενομένης

145 2003 207 2051 εἰς
227 2000 431 2053 στάσιν,
450 2002 494 2043 οἱ
535 1997 811 2056 μισθοφόροι
849 2004 940 2043 τῶν
977 2003 1166 2051 Περσῶν
1193 1998 1262 2042 ἐπι
1299 1997 1404 2049 τούς
1430 1996 1529 2054 ἡγε-

142 2056 282 2125 μόνας
318 2055 617 2113 ὁρμήσαντες,
654 2058 730 2100 καί
764 2072 888 2108 τινας
928 2054 1176 2107 ανελόντες,
1221 2059 1412 2126 ταραχῆς
1449 2054 1525 2098 καὶ

143 2114 332 2165 στάσεως
354 2114 599 2171 ἐνέπλησαν
626 2113 676 2157 τό
708 2113 1015 2167 στρατόπεδον.
1074 2111 1200 2168 μόγις
1237 2110 1281 2156 δ’
1322 2129 1366 2156 οι
1395 2124 1523 2183 στρα-

142 2172 266 2230 τηγοὶ
292 2187 382 2215 των
410 2175 597 2224 Περσῶν
627 2170 702 2214 καὶ
739 2169 762 2213 ὁ
791 2175 868 2239 τῆς
896 2174 1105 2225 ναυτικῆς
1133 2168 1362 2225 δυνάμεως
1390 2167 1523 2239 ἡγού-

145 2244 296 2298 μενος,
335 2226 658 2284 ὀνομαζόμενος
687 2226 733 2271 δὲ
763 2231 806 2270 Γ
803 2244 892 2277 αω
931 2226 1210 2270 κατέπαυσαν
1244 2229 1325 2281 τὴν
1355 2225 1521 2269 στάσιν.

143 2284 408 2338 πλεύσαντες
443 2285 510 2329 δὲ
529 2288 589 2342 τῷ
624 2284 755 2328 παντὶ
791 2283 954 2342 στόλῳ,
991 2285 1065 2331 καὶ
1109 2285 1232 2334 σίτου
1267 2287 1437 2340 πλῆθος
1475 2281 1523 2325 ἐκ

144 2346 220 2399 τῆς
242 2344 442 2395 Κιλικίας
468 2343 857 2399 παρακομίσαντες,
885 2329 1053 2398 πολλὴν
1080 2339 1296 2398 παρέσχον
1324 2345 1400 2398 τῆς
1428 2356 1527 2396 τρο

1580 2108 1608 2151 <51

144 2496 202 2531 79.
225 2495 314 2538 τους
345 2492 504 2541 αλλους]
538 2492 671 2537 αλλους
693 2495 746 2530 Κ·
779 2494 891 2551 quod
895 2496 974 2529 ante
997 2493 1085 2534 τοὺς
1107 2497 1181 2528 erat
1212 2491 1307 2537 πρὸς
1340 2493 1521 2528 delendum

146 2542 281 2578 vida-at
303 2543 553 2589 Wesselingius
669 2572 672 2576 .
744 2541 801 2576 80.
825 2554 913 2581 τους
937 2539 977 2575 δε
1001 2541 1086 2585 καὶ]
1116 2539 1180 2575 καὶ
1202 2540 1366 2575 asterisco
1390 2540 1522 2574 notavit

146 2587 342 2631 Stephanus
533 2589 591 2624 83.
615 2588 657 2625 τὸ
678 2587 819 2646 πλέον]
836 2587 946 2622 πλέον
970 2589 1000 2621 Α
1204 2588 1260 2621 84.
1286 2585 1525 2630 ἐνενήκοντα]

146 2633 390 2689 ἐννενήκοντα
420 2647 538 2672 omnen
731 2635 787 2669 90.
811 2632 969 2679 Ἀράβων
993 2633 1284 2671 Rhodomannus:
1313 2634 1399 2667 libri
1429 2634 1499 2678 βαρ
1501 2651 1520 2663 .-

145 2679 272 2725 βάρων
454 2682 489 2718 7.
513 2679 616 2727 Γαω]
640 2681 720 2716 vide
745 2681 1000 2716 annotationem
1191 2678 1225 2715 8.
1250 2680 1314 2725 τῆς
1337 2677 1518 2722 Κιλικίας]

147 2728 315 2767 Κιλικίας
336 2728 366 2762 A
546 2729 580 2764 9.
604 2725 802 2774 παρέσχον]
824 2730 996 2773 παρεῖχον
1020 2726 1097 2761 FIL
