1820 3249
501 192 939 235 LlB.x1x.(·A1’
968 196 1498 236 5⁰.57.1395

134 304 263 350 δύσιν
287 293 506 359 Ὠρίωνος.
555 302 773 374 παρέλαβε
802 302 849 347 δὲ
888 303 960 347 καὶ
988 302 1041 346 τὰ
1078 302 1125 347 ἐν
1154 304 1365 353 Κυΐνδοις
1392 302 1497 359 χρή»

133 378 270 419 ματα,
307 361 493 406 τάλαντα
527 360 676 432 μύρια.
709 361 880 430 Ηχωρὶς
906 361 952 403 δε
990 361 1160 404 τούτων
1199 359 1414 402 ἐκπίπτειν
1452 361 1499 403 ἐκ

130 423 220 462 τῶν
259 418 485 487 προςόδων
520 416 637 473 αὐτῷ
666 420 754 459 τῶν
783 415 880 460 κατ’
913 417 1114 460 ἐνιαυτὸν
1144 415 1333 460 τάλαντα
1360 414 1497 471 μύρια

131 475 204 519 καὶ
241 477 377 545 χίλια,
412 472 561 529 διόπερ
591 464 846 543 συνέβαινεν
884 472 1022 516 αὐτόν
1050 471 1243 542 φοβερόν
1284 470 1396 516 εἶναι
1424 474 1496 515 καὶ
1527 481 1580 523 4ο

132 531 204 574 διὰ
243 532 292 575 τὸ
327 530 509 588 μέγεθος
544 534 619 587 τῆς
656 530 880 586 δυνάμεως
918 531 992 573 καὶ
1031 532 1104 574 διὰ
1131 530 1180 574 τό
1211 533 1381 586 πλῆθος
1408 534 1497 573 τῶν

244 587 370 631 άτων.

127 605 526 714 χρημΠροάγοντος
555 641 602 686 δ’
631 645 689 694 εἷς
718 640 798 698 τήν
827 640 916 685 ἅνω
945 644 1116 696 Συρίαν
1141 638 1391 697 Ἀντιγόνου
1419 657 1498 685 πα-
1528 655 1582 694 57

131 699 357 756 ρεγὲνοντο
385 700 584 755 πρέσβεις
611 699 728 757 παρά
765 715 808 742 τε
838 701 1111 752 Πτολεμαίου
1139 700 1213 741 καὶ
1229 697 1499 768 Λυσιμάχου
1527 710 1582 750 45

130 757 203 800 καὶ
229 756 534 810 Κασσάνδρου
584 758 707 799 οὗτοι
738 753 780 799 6'
812 756 976 812 εἰςαχθέ
980 771 1074 807 ντες
1102 757 1162 806 είς
1191 753 1238 798 τό
1270 756 1502 807 συνέδριον

53 812 280 870 362ἠξίουν
308 814 625 856 Καππαδοκίαν
654 813 732 868 μὲν
763 813 836 855 καὶ
864 815 1034 856 Λυκίαν
1062 812 1337 868 Κασσάνδρῳ
1367 813 1503 866 δοθῆ-

129 887 227 920 ναι,
259 871 459 925 Φρυγίαν
497 870 543 913 δὲ
573 868 652 926 τὴν
691 867 767 924 ἐφ’
795 869 1090 928 Ἑλληςπόντῳ
1120 871 1384 938 Λυσιμάχῳ,
1415 872 1505 910 Συ-

129 929 230 980 ρίαν
269 926 316 969 δὲ
353 930 498 969 πᾶσαν
538 927 815 996 Πτολεμαίῳ,
857 915 1147 981 Βαβυλωνίαν
1188 925 1233 969 δὲ
1270 914 1501 995 Σελεύκῳ·

128 987 218 1026 τῶν
255 983 301 1026 δε
328 985 589 1051 θησαυρῶν,
625 999 703 1033 ους
729 971 942 1036 παρέλαβε
975 998 1080 1038 μετα
1114 982 1194 1037 τήν
1222 980 1332 1034 πρός
1349 968 1501 1049 Εύμέ-
1531 988 1584 1029 50

129 1055 184 1096 νη
213 1037 372 1109 μάχην,
409 1037 676 1093 ποιήσασθαι
714 1038 952 1107 μερισμόν·
992 1039 1065 1081 καὶ
1101 1039 1198 1106 γὰρ
1225 1036 1388 1089 αὐτοὺς
1423 1053 1500 1080 κε·-

129 1094 444 1164 κοινωνηκέναι
472 1098 553 1137 τοῦ
581 1094 795 1148 πολέμου·
824 1096 861 1137 εἰ
891 1094 937 1138 δὲ
957 1094 1090 1163 μηδὲν
1117 1093 1287 1163 τούτων
1316 1093 1500 1148 ποιήσει,

130 1150 364 1202 συστάντες
393 1149 577 1201 ἅπαντες
617 1151 785 1220 ἔφασαν
822 1150 1082 1206 πολεμήσειν
1123 1149 1257 1222 αὐτῷ.
1330 1155 1410 1194 τοῦ
1455 1149 1497 1194 δ’

125 1205 385 1277 Ἀντιγόνου
413 1205 681 1263 τραχύτερον
720 1205 1081 1276 ἀποκριναμένου
1100 1207 1172 1250 καὶ
1209 1224 1261 1249 τα
1291 1207 1401 1260 πρὸς
1429 1204 1502 1251 πό-

128 1268 261 1320 λεμον
290 1261 487 1314 εἰπόντος
515 1263 944 1316 παρασκευάζεσθαι,
979 1262 1140 1334 συνέβη
1170 1280 1272 1314 τους
1302 1266 1501 1335 πρέσβεις
1530 1271 1584 1314 55

129 1321 379 1375 ἀπράκτους
408 1320 673 1368 ἐπανελθεῖν.
715 1336 820 1374 μετα
850 1320 895 1363 δὲ
924 1319 1060 1362 ταῦθ’
1086 1322 1130 1363 οἱ
1157 1321 1236 1376 μὲν
1264 1321 1359 1374 περὶ
1390 1324 1500 1363 Πτο-

128 1382 307 1448 λεμαῖον
335 1377 408 1420 καὶ
429 1378 683 1446 Λυσίμαχον
710 1377 771 1419 ε’τι
801 1375 846 1419 δε
874 1377 945 1419 καὶ
975 1375 1266 1431 Κάσσανδρον
1295 1377 1503 1432 συμμαχί-

130 1450 187 1477 αν
210 1433 322 1487 πρὸς
346 1430 561 1503 ἀλλήλους
591 1432 877 1489 ποιησάμενοι
901 1436 983 1475 6v2
975 1433 1106 1488 άμεις
1133 1449 1177 1475 τε
1209 1437 1401 1501 συνῆγον
1427 1433 1502 1476 καὶ

128 1488 409 1544 παρασκευὰς
448 1488 597 1533 ὅπλων
632 1505 676 1532 τε
714 1506 786 1532 και
822 1492 971 1559 βελῶν
1002 1489 1076 1531 καὶ
1112 1505 1200 1531 των
1240 1488 1382 1558 ἅλλῳν
1413 1493 1502 1533 τῶν
1531 1498 1585 1537 60

128 1548 350 1617 χρησίμων
378 1545 571 1589 ἐποίουν.
615 1543 861 1600 Ἀντίγονος
889 1544 930 1588 δ’
951 1543 1069 1598 ὁρῶν
1099 1543 1171 1599 ἐφ’
1205 1545 1362 1588 ἑαυτὸν
1391 1557 1501 1589 συν-

129 1603 358 1676 εστηκότας
385 1603 574 1653 πολλοὺς
605 1603 679 1645 καὶ
707 1601 917 1658 μεγάλους
937 1606 1028 1652 τοῖς
1056 1599 1295 1670 ἀξιώμασιν
1325 1601 1499 1656 άνδρας,

128 1660 202 1704 καὶ
235 1657 591 1731 συλλογιζόμενος
623 1657 672 1702 τὸ
708 1660 892 1730 μέγεθος
926 1662 1007 1706 τοῦ
1037 1659 1264 1712 φυομένου
1294 1658 1500 1713 πολέμου,

128 1715 184 1760 τά
223 1714 267 1760 τ’
303 1715 410 1770 ἔθνη
452 1715 526 1758 καὶ
565 1714 710 1766 πόλεις
745 1715 820 1758 καὶ
859 1712 1077 1771 δυνάστας
1113 1719 1412 1768 προςεκαλεῖτο
1443 1716 1504 1765 εἰς

131 1774 388 1828 συμμαχίαν.
446 1770 702 1826 Ἀγησίλαον
737 1787 816 1826 μεν
854 1771 937 1813 οὐν
964 1769 1072 1824 πρὸς
1107 1770 1209 1820 τούς
1249 1770 1296 1814 ἐν
1331 1769 1499 1828 Κύπρῳ
1529 1774 1584 1817 65

131 1831 344 1898 βασιλεῖς,
376 1829 436 1880 εἰς
463 1828 510 1872 δὲ
533 1827 685 1871 Ῥόδον
709 1825 822 1883 ’μΙδο
825 1827 923 1870 ενέα
951 1828 1023 1870 καὶ
1052 1829 1312 1882 Μοσχίωνα,
1345 1831 1500 1872 Πτολε-

131 1889 266 1942 μαῖον
299 1884 344 1928 δὲ
377 1884 455 1927 τὸν
489 1882 761 1952 αδελφιδοῦν
785 1883 889 1952 μετὰ
919 1882 1142 1954 δυνάμεως
1172 1885 1230 1934 εἰς
1259 1887 1501 1928 Καππαδο-

131 1943 234 1986 κίαν
266 1938 541 1993 ἀπέστειλεν,
573 1941 646 1983 ι’να
685 1939 796 1996 λύσῃ
826 1955 905 1996 μεν
937 1937 1114 1994 ’Λμισοῦ
1142 1940 1220 1996 τὴν
1248 1943 1501 1995 πολιορκίαν

132 1998 205 2042 καὶ
244 1996 350 2048 τούς
396 1995 485 2040 ύπὸ
524 1995 821 2049 Κασσάνδρου
858 1997 1135 2051 πεμφθέντας
1174 1999 1233 2048 είς
1269 2000 1502 2042 Καππαδο-

132 2053 233 2099 κ’ῑαν
267 2051 427 2124 ἐκβάλῃ
468 2053 652 2105 πάντας,
688 2051 799 2106 πρὸς
838 2052 884 2096 δὲ
911 2052 1083 2104 τούτοις
1110 2052 1229 2104 ὅπως
1260 2053 1501 2121 παραγενό-
1532 2059 1588 2098 70

134 2126 263 2182 pevqg
291 2111 350 2160 εἰς
373 2107 688 2166 Ἑλλήςποντον
716 2107 928 2180 ἐφεδρεύῃ
957 2115 1047 2160 τοῖς
1073 2110 1171 2165 περὶ
1200 2109 1503 2164 Κάσσανδρον,

132 2167 190 2210 ἂν
226 2166 433 2236 ἐπιχειρῇ
458 2168 698 2223 διαβαίνειν
735 2165 782 2209 ἐκ
810 2170 884 2222 τῆς
913 2165 1143 2237 Εὐρώπης.
1200 2165 1506 2223 Ἀριστόδημον

133 2222 182 2267 δὲ
206 2222 285 2267 τὸν
312 2221 532 2279 Μιλήσιον
559 2225 618 2275 εἰς
648 2197 990 2279 Πελοπόννησον
1020 2222 1292 2279 ἐξέπεμψεν’
1278 2224 1428 2280 ε’χοντα
1448 2225 1505 2281 χί-

133 2367 192 2404 37.
226 2361 416 2413 Κυΐνδοις]
439 2370 585 2418 κιλικίᾳ
609 2368 840 2414 superscripto
865 2369 1045 2411 κυίνδοις,
1068 2369 1099 2403 F
1236 2370 1292 2405 38.
1318 2369 1504 2408 ἐκπίπτειν

134 2414 200 2448 XY
223 2414 317 2459 Bas„
346 2416 468 2449 caeteri
493 2408 738 2459 συνάγεσθαι·
775 2421 934 2449 neutrum
959 2420 1074 2449 autem
1098 2415 1204 2451 habet
1226 2418 1317 2451 unde
1338 2420 1484 2462 pendeat

223 2458 281 2494 39.
309 2441 417 2494 κατ’
447 2456 618 2497 ἐνιαυτὸν
650 2465 726 2504 post
758 2459 981 2505 συνάγεσθαι
1012 2461 1108 2504 ponit
1132 2463 1159 2495 F
1339 2465 1395 2499 40.
1442 2465 1506 2501 καὶ

133 2515 203 2539 om.
225 2506 320 2543 Bas.
345 2506 407 2540 καὶ
430 2509 533 2552 χίλια
548 2519 616 2544 οω.
638 2509 698 2552 W,
724 2507 885 2542 asterisco
914 2508 1048 2541 notavit
1069 2506 1151 2552 step
1155 2508 1267 2544 hanua
1448 2512 1505 2545 41.

133 2552 207 2597 τῆς
224 2549 438 2596 δυνάμεως]
461 2565 535 2589 των
559 2553 754 2598 δυνάμεων
779 2553 876 2597 QTY
901 2554 984 2587 Bas.
1167 2553 1224 2588 45.
1271 2553 1313 2590 τὰ
1339 2567 1406 2591 om.
1427 2558 1458 2591 F

225 2598 305 2632 362.
343 2597 401 2631 52.
447 2599 592 2653 ποιήσει
615 2601 668 2643 F,
700 2598 838 2645 ποιήσῃ
863 2598 990 2633 caeteri
1172 2596 1329 2642 α’παντες
1355 2615 1426 2638 om.
1459 2602 1505 2637 W

316 2642 372 2677 54.
409 2641 507 2699 τὰ]
513 2644 600 2686 τους
622 2647 652 2679 F
833 2645 1016 2689 πόλεμον]
1042 2647 1273 2689 Πτολεμαῖον
1300 2648 1434 2682 omnes

225 2687 280 2722 61.
328 2687 540 2735 μεγάλους]
569 2690 737 2735 μεγάλοις
759 2691 790 2726 F
974 2691 1032 2726 64.
1077 2695 1356 2749 προςεκοιλεῖτο]
1381 2694 1504 2728 malim

133 2737 371 2793 προεκαλεῒτο
576 2736 634 2771 65.
677 2736 744 2782 μὲν
780 2730 850 2772 ουν
881 2737 980 2778 FW,
1018 2736 1145 2771 caeteri
1176 2736 1243 2780 μὲν
1309 2757 1333 2764 --
1449 2741 1507 2774 68.

133 2778 305 2825 Ἀμισοῦ]
329 2778 497 2819 Ἀμισσοῦ
518 2781 602 2817 Bas.
785 2783 844 2817 69.
892 2781 1155 2840 Κασσάνδρου]
1178 2781 1379 2830 -Ασάνδρου
1403 2785 1505 2820 wen-

135 2827 299 2872 selingius
322 2828 365 2862 ad
388 2839 422 2872 p.
444 2827 525 2862 365.
549 2827 605 2862 22.
786 2829 845 2862 71.
893 2829 965 2872 εἰς]
989 2826 1054 2873 ἐφ’
1081 2829 1189 2863 Fuv

1164 2883 1277 2926 8⁹*
