1820 3249
373 125 481 167 1472
728 121 845 162 LIB.
867 120 958 163 XX.
1015 121 1143 164 GAP.
1171 123 1380 166 19.—-21.

371 232 593 302 ἀφεῖσθαι
626 233 704 283 τοὶς
734 230 982 288 Ἑλληνίδας
1020 232 1192 285 πόλεις,
1232 235 1277 278 οἱ
1322 234 1421 288 περὶ
1465 236 1738 303 Πτολεμαῖον

286 299 340 337 80
369 291 446 335 τὸν
481 289 708 344 Αἰγύπτου
755 289 975 345 δυνάστην
1020 290 1323 345 ἐγκαλέσαντες
1357 290 1584 346 Ἀντιγόνῳ
1629 289 1738 333 διότι

368 351 589 414 φρουραῖς
619 361 740 395 τινας
760 348 969 417 διείληφε
1006 362 1095 389 των
1127 347 1320 399 πόλεων,
1360 351 1564 402 πολεμεῖν
1602 362 1738 400 παρε-

368 404 642 455 σκευάζοντο.
702 419 774 445 και
810 403 887 471 τῂν
925 404 1001 459 μὲν
1032 404 1225 459 δύναμιν
1254 404 1552 456 ἐξαποστείλας
1582 407 1740 446 Πτολε-

366 467 493 517 μαῑος
523 460 596 502 καὶ
635 459 888 530 στρατηγον
905 462 1128 514 Λεωνίδην
1157 461 1232 511 τοὶς
1263 462 1308 503 έν
1331 479 1387 528 τῃ
1418 462 1590 517 τραχείᾳ
1621 463 1739 502 Κιλι-

368 520 438 561 κιά
467 516 610 566 πόλεις
649 515 782 566 οὔσας
811 514 888 558 ὑπ’
918 515 1164 570 Ἀντίγονον
1193 517 1458 572 ἐχειρωσατο.
1519 517 1740 571 διεπέμπε-

286 581 339 621 85
369 592 416 617 το
449 574 494 616 δὲ
523 589 596 616 και
631 571 707 622 τὰς
739 572 825 615 ὑπὸ
858 571 1150 626 Κάσσανδρον
1189 575 1262 616 καὶ
1291 577 1543 643 Λυσίμαχον
1581 573 1739 624 πόλεις,

368 630 499 682 ἀξιῶν
530 635 800 683 συμφρονεῖν
831 628 971 683 έαυτῳ
1010 646 1082 671 και
1122 629 1306 673 κωλύειν
1333 629 1581 684 Αντίγονον
1613 632 1740 698 ἰσχυ-

369 690 450 741 ρὸν
479 688 691 742 γίνεσθαι.
749 686 772 729 ὁ
811 684 851 728 6'
886 676 1131 755 Ἀντίγονος
1156 690 1245 728 τῶν
1273 688 1384 730 υἱῶν
1415 690 1634 731 Φίλιππον
1663 700 1740 741 μεν

367 743 446 787 τὸν
482 743 693 795 νεώτερον
732 742 961 813 ἐξέπεμψεν
1000 741 1073 796 ἐφ’
1110 741 1445 797 Ελλήςποντον,
1484 742 1741 798 διαπολεμή-

369 813 503 844 σοντα
534 802 707 842 Φοίνικι
747 799 818 841 καὶ
854 804 944 848 τοῖς
988 797 1271 853 ἀφεστηκόσι,
1302 802 1557 855 Δημήτριον
1595 799 1639 844 δ’
1672 799 1741 842 ἐπὶ

288 867 343 907 90
372 858 597 901 Κιλικίαν
657 854 706 905 δς
749 854 926 908 ἐνεργὸν
963 854 1252 910 ποιησάμενος
1287 856 1366 926 τὴν
1406 859 1631 912 στρατείαν
1661 857 1740 899 ένί-
1749 859 1818 897 420

371 926 475 969 κησε
512 911 615 962 τούς
650 914 728 954 τοῦ
760 913 1038 967 Πτολεμαίου
1077 912 1343 969 στρατηγοὺς
1371 914 1446 956 καὶ
1485 930 1563 966 τας
1599 911 1745 964 πόλεις

373 970 648 1025 οἷνεκτησατο.

288 1036 344 1074 20
471 1026 587 1097 Ἀμα
627 1025 673 1069 δὲ
710 1024 882 1076 τούτοις
926 1004 1237 1080 πραττομένοις
1269 1028 1602 1098 Πολυσπέρχων
1647 1027 1746 1082 περὶ

289 1091 342 1134 95
375 1084 716 1151 Πελοπόννησον
746 1084 993 1152 διατρίβων,
1024 1083 1096 1126 καὶ
1125 1082 1398 1152 Κασσάνδρῳ
1429 1101 1508 1152 μεν
1537 1085 1744 1139 ἐγκαλῶν,

371 1145 447 1195 τῆς
498 1141 543 1183 δὲ
586 1138 862 1182 ΙῖνῙακεδόνων
910 1138 1142 1195 ἡγεμονίας
1183 1139 1315 1183 πάλαι
1364 1139 1647 1212 ὀρεγόμενος,
1697 1141 1744 1183 ἐκ

372 1197 611 1269 Περγάμου
645 1196 941 1251 μετεπέμψατο
979 1196 1058 1239 τόν
1097 1196 1143 1238 ἐκ
1173 1199 1406 1266 Βαρσίνης
1415 1196 1654 1251 Ηρακλέα,
1695 1196 1744 1248 ὃς

371 1257 428 1310 ῆν
462 1253 743 1306 Ἀλεξάνδρου
782 1269 861 1308 μεν
900 1252 1019 1303 υἱός,
1057 1253 1324 1308 τρεφόμενος
1363 1252 1406 1297 δ’
1435 1254 1481 1296 5v
1513 1253 1742 1324 Περγάμῳ,

370 1328 450 1365 την
491 1308 539 1353 δ’
577 1310 748 1365 ηλικίαν
786 1309 884 1362 περὶ
922 1309 1208 1352 ἑπτακαίδεκα
1246 1310 1317 1366 ἐτη
1361 1309 1565 1365 γεγονώς.
1632 1309 1656 1353 ὁ
1697 1307 1741 1353 δ’

260 1375 341 1414 100
373 1374 455 1410 οὐν
487 1366 808 1421 Πολυσπέρχων
836 1348 1090 1420 διαπέμπων
1119 1370 1339 1421 πολλαχοῦ
1369 1368 1478 1421 πρὸς
1511 1365 1614 1416 τούς
1641 1368 1746 1410 ἰδιο-

372 1425 522 1476 ξένους
557 1440 631 1466 και
670 1423 774 1473 τούς
804 1421 1041 1476 ἀλλοτρίως
1071 1425 1373 1493 διακειμένους
1398 1423 1507 1477 πρός
1537 1422 1745 1466 Κάσσαν-

372 1484 482 1534 δρον
513 1479 636 1536 ἠξίου
665 1479 868 1534 κατάγειν
895 1479 944 1522 τὸ
974 1479 1202 1534 μειράκιον
1231 1480 1298 1523 ἐπὶ
1327 1479 1406 1549 τὴν
1430 1478 1640 1536 πατρῴαν
1671 1483 1746 1535 βα-
1796 1526 1798 1529 f

371 1539 548 1580 σιλείαν.
610 1537 768 1592 ἔγραψε
802 1537 848 1579 δὲ
890 1537 963 1579 καὶ
999 1539 1109 1589 πρός
1138 1535 1186 1579 τό
1226 1536 1378 1580 κοινὸν
1406 1542 1496 1581 τῶν
1526 1539 1745 1590 Αἰτωλων,

373 1592 507 1646 ἀξιῶν
546 1593 698 1637 δίοδόν
736 1609 780 1636 τε
821 1596 978 1636 δοῦναι
1016 1594 1090 1636 καὶ
1127 1593 1455 1647 συστρατεύειν,
1469 1593 1745 1662 ἐπαγγελλό-

316 1655 342 1698 5
373 1667 501 1707 μενος
537 1651 887 1700 πολλαπλασίους
923 1650 1100 1705 χάριτας
1136 1632 1400 1720 ἁποδιόσειν,
1430 1649 1507 1694 έοὲν
1537 1664 1746 1706 συγκατα-

372 1708 539 1764 γάγωσι
573 1708 622 1751 τό
653 1706 880 1777 μειράκιον
909 1707 978 1750 ἐπὶ
1010 1706 1090 1762 τήν
1129 1707 1349 1779 πατρῴαν
1366 1710 1600 1762 βασιλείαν.
1657 1712 1745 1750 τῶν

372 1765 417 1809 δὲ
447 1764 714 1834 πραγμάτων
754 1763 872 1822 αὐτῳ
901 1763 1010 1807 κατὰ
1046 1767 1158 1807 νοῦν
1194 1764 1464 1820 γενομένων,
1489 1764 1747 1833 προθύμως

371 1821 420 1866 θ’
449 1821 769 1866 ὑπακουόντων
797 1826 885 1864 τῶν
913 1822 1147 1871 Αἰτωλῶν,
1173 1821 1247 1864 καὶ
1274 1824 1450 1864 πολλῶν
1479 1820 1623 1864 ἄλλων
1647 1833 1748 1864 συν-

291 1882 345 1922 10
373 1879 611 1934 τρεχόντων
641 1879 707 1921 ἐπὶ
737 1877 815 1932 τὴν
843 1875 1044 1922 κάθοδον
1070 1881 1149 1921 τοῦ
1178 1878 1397 1933 βασιλέως,
1429 1878 1473 1921 οἱ
1502 1876 1749 1950 σύμπαντες

372 1936 680 2007 ἠθροίσθησαν
707 1936 825 1987 πεζοὶ
855 1936 933 1990 μὲν
961 1935 1071 1989 ὑπερ
1101 1934 1205 1985 τούς
1235 1935 1501 1989 διςμυρίους,
1532 1936 1674 1985 ἱππεῖς
1703 1932 1746 1978 6’

374 1993 458 2037 οὐκ
496 1991 698 2042 ἐλάττους
733 1993 894 2047 χιλίων.
952 1992 1026 2034 καὶ
1064 1991 1385 2059 Πολυσπέρχων
1420 1991 1499 2059 μὲν
1536 1991 1635 2045 περὶ
1670 2007 1748 2042 τας

375 2052 435 2101 εἰς
464 2049 543 2092 τόν
571 2048 764 2117 πόλεμον
791 2047 1067 2100 παρασκευὰς
1095 2046 1324 2102 γινόμενος
1353 2046 1547 2116 χρηματά
1574 2063 1619 2091 τε
1649 2059 1749 2091 συν-

373 2111 450 2163 ῆγε
477 2106 551 2149 καὶ
580 2104 691 2158 πρὸς
718 2104 823 2155 τούς
849 2106 1016 2154 οἰκείως
1047 2104 1221 2159 ἔχοντας
1251 2108 1338 2148 τῶν
1363 2103 1640 2148 Μακεδόνων
1658 2106 1749 2148 δια-

293 2169 345 2212 15
374 2161 646 2219 πεμπόμενος
675 2159 800 2217 ἠξίου
830 2166 1067 2231 συνεργεῖν.

290 2229 345 2269 21
492 2222 764 2272 Πτολεμαῖος
804 2218 850 2261 δὲ
888 2234 977 2260 των
1016 2217 1064 2260 ἐν
1100 2215 1266 2286 Κύπρῳ
1302 2215 1474 2260 πόλεων
1518 2216 1750 2271 κυριεύων,

373 2275 547 2347 ἐπειδή
563 2292 696 2318 τινων
736 2274 921 2345 ἐπύθετο
962 2274 1179 2317 Νικοκλέα
1215 2273 1294 2316 τόν
1332 2271 1509 2328 βασιλέα
1537 2278 1626 2318 τῶν
1659 2279 1748 2318 Πα-

374 2335 492 2391 φίων
530 2331 577 2376 έν
608 2330 868 2389 ἆποῤῥήτοις
898 2333 989 2389 ἰδία
1024 2330 1135 2386 πρὸς
1165 2329 1411 2387 Ἀντίγονον
1441 2336 1751 2376 συντεθεῖσθαι

378 2525 437 2560 81.
460 2523 527 2571 τήν
549 2522 641 2568 μὲν]
669 2521 751 2560 τότε
775 2522 843 2570 τὴν
863 2524 943 2560 FW
1125 2522 1182 2559 84.
1213 2519 1296 2569 τοὶς]
1322 2520 1416 2569 πρός
1436 2521 1501 2565 τοὶς
1523 2523 1750 2560 Rhadaman-

377 2583 461 2614 ιιυε,
485 2582 549 2613 ego
573 2569 666 2606 κατὰ
688 2570 755 2610 τοὶς

471 2617 551 2652 420.
599 2616 656 2650 95.
679 2616 795 2652 πάλαι
818 2617 951 2661 FQW,
980 2614 1106 2650 caeteii
1127 2613 1241 2650 πάλιν
1420 2615 1457 2650 2.
1487 2613 1624 2660 ἔγραψε
1645 2635 1692 2641 ——
1713 2617 1748 2651 6.

380 2665 569 2720 βασιλείαν
593 2675 660 2697 om.
684 2664 769 2698 Bas.
952 2662 986 2697 3.
1014 2662 1141 2698 δίοδον
1167 2663 1215 2704 F,
1239 2662 1366 2696 caeteri
1390 2661 1562 2704 δύναμιν,
1587 2663 1676 2705 quod
1693 2676 1747 2707 γρ.

380 2722 418 2746 m
440 2721 598 2754 margunc
619 2709 714 2752 ponit
736 2710 766 2743 F
901 2709 936 2745 8.
959 2706 1008 2744 θ’
1029 2688 1318 2762 ύπακουόντων]
1344 2705 1384 2742 τ’
1407 2706 1621 2742 ἀκουόντων
1643 2709 1726 2744 Bas.

517 2755 574 2791 10.
596 2767 663 2800 μεν
686 2767 757 2791 om.
779 2755 863 2790 Bas.
1046 2754 1103 2789 13.
1126 2752 1338 2800 γινόμενος]
1359 2752 1554 2800 γενόμενος
1575 2755 1606 2789 F
