1820 3249
335 147 445 190 1876
696 147 814 189 LlB.
844 146 954 188 XIX.
1012 146 1144 189 GAP.
1173 149 1242 189 38.
1271 148 1337 188 39.

331 257 485 302 διελων
513 260 560 302 δὲ
586 257 749 309 τόπους
778 257 940 328 ἑκάστῳ
975 263 1062 302 τῶν
1092 256 1547 302 συνακολουθούντων
1575 261 1692 328 συνέ-

245 319 299 362 65
329 317 425 367 ταξε
453 315 610 366 νυκτὸς
639 320 728 369 πῦρ
769 314 890 359 κάειν
914 305 1175 366 διαστάντας
1204 316 1262 366 ὠς
1291 314 1344 358 ἂν
1373 317 1506 358 εἴκοσι
1534 332 1694 371 πηχεις,

327 373 401 415 καὶ
429 373 536 415 κατὰ
576 373 654 426 μὲν
693 389 774 428 την
802 389 994 443 nomm-nv„
1009 374 1210 428 φυλακην
1239 370 1401 426 πολλην
1434 371 1575 427 φλόγα
1603 390 1694 415 ποι-

327 433 410 478 εῖν,
445 445 504 479 ως
543 427 598 470 ἄν
637 429 935 485 ἐγρηγορότων
972 429 1032 472 ἔτι
1075 429 1148 471 καὶ
1187 428 1296 482 πρὸς
1335 431 1570 481 θεραπείαν
1619 430 1693 471 καὶ

327 487 504 528 δεῖπνον
530 487 988 539 παρασκευαζομένων,
1017 489 1092 540 τῆς
1118 485 1163 527 δὲ
1193 483 1397 536 δευτέρας
1427 483 1596 536 ἐλάττω,
1621 485 1694 527 καὶ

324 547 400 610 τῆς
427 558 586 610 τριτης
599 541 824 585 απολιπεῑν
853 541 975 595 ὀλίγα
1003 545 1241 592 παντελῶς,
1274 541 1376 590 ὤςτε
1408 544 1554 584 δοκεῖν
1583 539 1692 584 εἶναι

239 605 294 643 70
324 603 416 647 τοῖς
466 598 510 650 ἐξ
562 596 863 654 ἀποστήματος
905 602 1153 651 θεωροῦσιν
1182 596 1417 665 α’ληθινήν
1460 609 1693 650 στρατοπε-

325 657 457 698 ὸείαν.
515 658 604 696 τῶν
641 656 686 698 δὲ
724 659 998 707 στρατιωτῶν
1033 652 1306 722 ποιησάντων
1343 653 1392 697 τό
1418 654 1692 722 προςταχθέν

323 708 592 778 κατενόησάν
620 727 731 761 τινες
760 711 813 753 τα
841 709 960 762 πυρὰ
989 714 1076 752 τῶν
1104 710 1356 763 νεμομένων
1385 709 1463 764 μὲν
1490 710 1570 765 τὴν
1593 727 1690 753 απε-

323 769 503 810 ναντίον
542 765 744 835 ὀρεινήν,
787 768 926 821 φίλων
963 764 1006 808 δ’
1048 765 1186 808 ὄντων
1216 765 1399 808 Πύθωτι
1427 770 1488 822 τῷ
1516 769 1692 822 ΝΙηὸίας

325 823 534 880 σατράπῃ
602 822 800 875 δόξαντες
841 823 887 865 65
924 821 1033 876 πρὸς
1069 821 1277 877 ἀλήθειαν
1314 820 1426 864 εἶναι
1464 834 1689 876 στρατοπε-

238 887 292 925 75
324 882 468 931 δείαν,
501 880 854 949 καταδραμόντες
903 880 962 928 εἰς
1001 878 1051 920 τὸ
1101 880 1253 921 πεδίον
1298 877 1562 948 άπηγγειλαν
1597 884 1690 929 τοῖς

323 937 422 989 περὶ
460 934 541 978 τόν
568 934 811 990 Ἀντίγονον
849 935 923 978 καὶ
957 933 1275 977 Πύθωνα.οἱ
1303 935 1348 977 65
1379 934 1450 978 διὰ
1479 934 1527 977 τὸ
1555 934 1691 988 παρά-

323 996 454 1042 δοξον
494 992 852 1047 καταπλαγέντες,
902 991 976 1034 καὶ
1015 995 1091 1046 τῆς
1133 989 1390 1042 ὁδοιπορίας
1432 989 1689 1051 ἐπισχόντες,

321 1048 612 1103 ἐβουλεύοντο
653 1054 745 1099 πῶς
788 1048 996 1103 χρηστέον
1041 1052 1132 1097 τοῖς
1175 1048 1573 1103 προςηγγελμένοις.
1632 1052 1689 1104 ἢν

237 1109 292 1148 80
320 1105 404 1160 γάρ
443 1106 721 1149 ἐπικίνδυνον
766 1107 814 1148 τό
857 1103 1152 1159 πεπονηκότας
1190 1105 1262 1147 καὶ
1315 1104 1492 1146 πάντων
1531 1105 1689 1154 ἐνδεεις

320 1162 605 1218 συνηγμένοις
634 1161 715 1217 ἤδη
745 1166 836 1210 τοῖς
874 1162 1093 1213 πολεμίοις
1131 1161 1204 1203 καὶ
1242 1158 1416 1203 πάντων
1445 1158 1688 1213 εὐποροῦσι

317 1223 570 1286 συμβαλεῖν.
625 1216 919 1273 ὑπολαβόντες
959 1217 1003 1259 δὲ
1033 1218 1276 1270 προδοσίαν
1304 1221 1584 1272 γεγενῆσθαι,
1614 1235 1688 1260 και

315 1275 648 1346 προακηκοότας
677 1275 724 1318 τὸ
754 1275 913 1328 μέλλον
951 1273 1054 1322 τούς
1080 1275 1314 1327 πολεμίους
1343 1273 1607 1327 ἠθροῖσθαι,
1637 1273 1687 1316 τὸ

316 1332 396 1388 μὲν
435 1332 484 1376 έπ
536 1331 709 1382 εὐθείας
737 1329 946 1397 προάγειν
977 1328 1255 1383 ἀπέγνωσαν,
1292 1330 1350 1379 εἰς
1381 1330 1497 1380 δεξιὰ
1528 1330 1573 1372 65
1600 1332 1688 1373 κλί-

229 1391 286 1434 85
316 1405 468 1439 ναντες
507 1404 703 1455 προηγον
743 1385 817 1441 ἐφ’
849 1384 1028 1438 ἑκάτερα
1063 1385 1170 1441 μέρη
1209 1389 1284 1441 τῆς
1315 1386 1567 1441 οἰκουμένης
1606 1385 1687 1440 χιό-

314 1462 418 1498 ρας,
448 1442 708 1500 βουλόμενοι
745 1443 825 1500 τήν
855 1441 1044 1497 δύναμιν
1074 1442 1120 1486 ἐκ
1156 1446 1231 1497 τῆς
1261 1445 1555 1493 κακοπαθείας
1585 1441 1688 1486 ἀνα-

313 1505 475 1544 λαΞεῐν.

227 1563 283 1601 39
369 1512 379 1557 f
424 1556 623 1614 Εὐμένης
662 1556 708 1600 65
737 1555 816 1600 τόν
853 1556 1169 1612 προειρημένον
1197 1554 1364 1611 τρόπον
1401 1567 1687 1625 καταστρατη-

312 1612 448 1669 γήσας
494 1615 599 1665 τούς
643 1616 894 1668 πολεμίους,
939 1614 1221 1669 μετεπέμπετο
1267 1612 1540 1668 πανταχόθεν
1582 1613 1686 1680 τους

227 1676 282 1715 90
314 1672 646 1739 διερριμμένους
687 1675 775 1713 τῶν
806 1674 1081 1724 στρατιωτῶν
1112 1671 1184 1741 καζι
1213 1670 1491 1725 χειμάζοντας
1517 1669 1563 1711 έν
1591 1674 1686 1718 ταῖς

309 1727 487 1782 κώμαις.
534 1726 774 1782 βαλόμενος
815 1726 859 1770 65
896 1725 1065 1781 χάρακα
1109 1727 1183 1769 καὶ
1221 1726 1384 1794 τάφρῳ
1412 1727 1569 1780 βαθείᾳ
1605 1724 1684 1780 τὴν

308 1785 588 1840 παρεμβολήν
613 1784 835 1852 ὀχυρώσας
864 1781 1090 1853 ὑπεδέχετο
1121 1783 1199 1837 μὲν
1227 1785 1331 1833 τους
1361 1780 1426 1825 ἀεὶ
1442 1786 1683 1824 καταντών·

309 1857 386 1890 τας
429 1845 517 1883 τῶν
557 1839 815 1896 συμμάχων,
865 1838 1084 1909 έπληρωσε
1125 1840 1169 1882 δὲ
1222 1839 1301 1894 τὴν
1346 1839 1682 1892 στρατοπεδείαν

310 1896 486 1969 πάντων
529 1901 616 1940 τῶν
648 1897 908 1951 ἐπιτηδείων.
962 1895 986 1938 ὁ
1026 1893 1070 1938 δ’
1109 1893 1352 1949 Ἀντίγονος
1383 1896 1567 1938 διελθών
1603 1893 1756 1963 την348

226 1955 282 1999 95
312 1954 492 2022 ἔρημον,
523 1954 596 1996 καὶ
626 1952 877 2020 πυθόμενος
907 1951 1024 2006 παρὰ
1054 1955 1141 1995 τῶν
1174 1952 1392 2007 ἐγχωρίων
1422 1952 1574 2006 σχεδόν
1602 1952 1681 2006 τὴν

310 2010 388 2078 μὲν
437 2009 570 2079 άλλην
617 2008 804 2062 δύναμιν
847 2008 1021 2050 ἅπασαν
1066 2009 1407 2077 συνεληλυθέναι
1452 2013 1542 2057 τοῖς
1581 2008 1680 2059 περὶ

309 2065 387 2109 τὸν
416 2065 607 2136 Εὐμένη,
634 2065 735 2114 τούς
765 2063 809 2107 6’
840 2064 1075 2131 ἐλέφαντας
1105 2064 1270 2118 μέλλειν
1299 2062 1604 2117 ἀναζευγνύειν
1633 2064 1680 2107 ἐκ

308 2126 384 2178 τῆς
412 2124 659 2191 χειμασίας,
697 2121 770 2164 καὶ
811 2122 996 2190 πλησίον
1033 2136 1144 2163 ειναι
1180 2122 1512 2176 μεμονωμένους
1538 2118 1679 2175 πάσης

309 2181 541 2249 βοηθείας,
580 2175 824 2221 ἀπέστειλεν
867 2175 936 2220 ἐπ’
976 2174 1169 2228 αὐτοὺς-
1187 2178 1326 2228 ἷππεῖς
1375 2176 1677 2232 λογχοφόρους

197 2240 277 2279 100
307 2236 386 2291 μὲν
415 2235 602 2292 Μήδους
619 2236 889 2303 διςχιλίους,
900 2235 1196 2287 Ταραντίνους
1225 2234 1270 2277 65
1299 2235 1564 2283 διακοσίους,
1587 2237 1677 2276 τῶν

307 2292 353 2335 65
382 2296 519 2345 πεζῶν
548 2289 653 2341 τούς
681 2289 840 2341 ψιλούς
870 2289 1076 2340 ἅπαντας.
1133 2289 1281 2345 ἤλπιζε
1317 2307 1400 2345 γαρ
1430 2289 1674 2344 μεμονωμέ-

302 2365 399 2400 νοις
439 2354 530 2399 τοῖς
559 2349 733 2404 θηρίοις
775 2346 854 2403 την
884 2347 1080 2391 ἐπίθεσιν
1109 2346 1399 2403 ποιησάμενος
1433 2345 1600 2390 τούτων
1629 2361 1674 2389 τε

301 2504 359 2539 64.
408 2502 638 2548 διαστάντας]
663 2503 743 2538 libri
769 2502 978 2544 διιστάντας
1159 2503 1215 2540 65.
1263 2517 1312 2544 ως
1334 2504 1393 2538 ἘἸ
1396 2505 1452 2546 w,
1478 2504 1603 2538 caeteri
1628 2502 1669 2539 δ’

302 2548 354 2589 ὥς
534 2551 596 2585 καὶ
620 2563 713 2585 κατα
735 2551 792 2584 Fv
798 2552 858 2594 W,
891 2549 1020 2585 caeteri
1041 2547 1134 2584 κατὰ
1316 2550 1373 2585 66.
1419 2549 1580 2595 πολλὴν]
1604 2563 1673 2584 πο-

301 2596 370 2632 λύν
393 2597 423 2630 F
615 2597 671 2630 69.
720 2594 778 2631 ὀλί
780 2598 850 2641 γα]
885 2597 1009 2631 fortass
1011 2607 1030 2628 e
1053 2596 1177 2629 excidit
1199 2609 1299 2650 πυρα
1480 2596 1538 2629 72
1588 2594 1672 2632 α’πε·

302 2643 481 2686 ναντίον]
506 2637 729 2677 απεναντίαν
760 2643 803 2676 W
984 2641 1041 2675 77.
1088 2640 1316 2685 ἐπισχόντες]
1341 2640 1569 2688 κατισχόντες
1591 2644 1672 2676 Bas.

485 2687 542 2721 78
554 2730 563 2740 Ι
590 2687 936 2733 προςηγγελμένοις]
973 2686 1167 2732 ἐπηγγελμ(
1170 2702 1248 2727 νοις
1295 2689 1347 2720 1³5
1356 2689 1399 2722 W
1613 2688 1670 2722 62.

302 2733 403 2780 πρὸς
427 2731 630 2778 οἷκηκοοτας
653 2735 734 2770 Βπε.
919 2732 1071 2778 μέλλον]
1098 2734 1239 2777 μέλλειν
1262 2735 1292 2768 F

393 2779 473 2815 348.
506 2779 564 2814 99.
609 2779 766 2826 Μήδους
790 2790 860 2815 om.
886 2780 920 2815 T
943 2780 1036 2823 Βπε.,
1061 2781 1226 2816 asterisco
1250 2780 1385 2816 notavit
1408 2780 1601 2824 Stephanus
