1820 3249
528 144 638 185 LIB.
669 143 774 184 XVI.
805 141 935 182 CAP.
964 144 1030 183 55.
1052 144 1123 184 56.
1396 106 1506 182 1693

143 259 234 318 χῶν
261 263 335 315 τῆς
363 259 550 311 δωρεᾶς,
595 253 694 299 ἀλλ’
726 256 799 298 ἵνα
827 253 1055 308 προικίσας
1083 250 1330 307 ἀμφοτέρας
1360 260 1508 294 συνοι-

143 320 245 373 κίσῃ
284 316 364 365 καὶ,
394 313 456 370 μή
484 313 654 369 περιίδῃ
691 311 826 367 μηδὲν
852 309 1082 360 παθούσας
1110 308 1287 361 ἀνάξιον
1315 310 1391 364 τῆς
1418 304 1508 363 ἡλι-

141 375 253 423 πίας.
309 370 413 426 μετά
452 369 498 412 δὲ
534 367 668 412 ταῦθ’
708 368 731 412 ὁ
763 369 975 417 Φίλιππος
1010 364 1205 420 ἀσμένως
1232 365 1311 420 τὴν
1342 365 1509 419 αἴτησιν
1538 361 1593 405 55

142 426 484 484 προςδεξάμενος
514 429 773 480 παραχρῆμα
801 423 877 474 τοὶς
908 423 1158 478 παρθένους
1181 419 1425 475 ἐδωρήσατο
1447 422 1508 478 τῷ

143 484 348 540 Σατύρῳ.
404 481 565 532 πολλὰς
601 484 647 525 δὲ
679 482 753 525 καὶ
790 480 920 531 ἄλλας
955 477 1237 528 παντοδαπὰς
1265 476 1509 531 εὐεργεσίας

142 543 215 586 καὶ
255 539 418 595 δωρεὰς
457 540 720 592 διασπείρων
756 537 971 591 ἐκομίζετο
1002 536 1104 587 τοὺς
1133 534 1320 591 μισθούς
1353 536 1510 575 πολλα-

142 598 350 647 πλασίους
386 600 462 651 τῆς
496 594 685 651 χάριτος.
743 594 896 638 πολλοὶ
925 592 1009 649 γάρ
1040 597 1134 643 ταῖς
1163 595 1238 647 τῆς
1268 587 1511 645 εὐεργεσίας

142 655 281 698 ἐλπίσι
331 651 646 707 προκληθέντες
697 651 899 707 ἔφθασαν
946 648 1156 705 ἀλλήλους
1200 646 1512 702 προςνέμοντες
1541 645 1595 684 60

141 708 324 760 ἑαυτούς
351 712 413 767 τῷ
443 709 643 765 Φιλίππῳ
673 710 745 752 καὶ
771 709 847 758 τὰς
876 708 1088 761 πατρίδας
1117 705 1430 761 ἐγχειρίζοντες.

248 763 340 809 Ἐπ’
381 765 592 820 ἄρχοντος
629 764 670 808 δ’
694 763 900 821 Ἀθήνησι
932 763 1270 818 Θεμιστοκλέους
1300 760 1347 803 ἐν
1371 755 1513 813 Ῥώμῃ
1543 756 1599 796 56

141 822 224 880 τήν
269 821 487 878 ’ὑπατικὴν
535 819 671 877 ἀρχὴν
711 822 953 873 διεδέξαντο
989 818 1120 870 Γάϊος
1158 816 1404 873 Κορνήλιος
1442 815 1517 858 καὶ
1546 811 1600 853 65

141 878 330 935 Μάρκος
360 879 608 929 Ποπίλλιος.
668 878 736 921 ἐπὶ
766 879 812 922 δὲ
839 876 1007 921 τούτων
1038 875 1222 920 Βοιωτοὶ
1251 871 1417 928 πολλήν
1439 874 1517 927 τῆς

150 937 350 986 Φωκίδος
392 934 542 992 χώραν
593 935 894 991 πορθήσαντες
939 934 1035 989 περὶ
1074 933 1152 990 τὴν
1191 928 1518 986 ὀνομαζομένην

139 991 380 1049 Ὑάμπολιν
414 992 618 1048 ἐνίκησαν
653 992 756 1042 τοὺς
797 993 1034 1047 πολεμίους
1069 991 1143 1034 καὶ
1170 987 1409 1044 κατέβαλον
1439 983 1518 1028 αὐ-

142 1053 233 1093 τῶν
269 1049 367 1103 περὶ
409 1048 723 1105 ἑβδομήκοντα.
791 1047 897 1103 μετὰ
937 1049 983 1091 δὲ
1020 1051 1156 1091 ταῦτα
1197 1043 1382 1089 Βοιωτοὶ
1419 1040 1520 1095 περὶ

143 1105 403 1160 Κορώνειαν
430 1105 746 1160 συμπλακέντες
783 1110 877 1156 τοῖς
908 1108 1137 1148 Φωκεῦσιν
1164 1100 1415 1159 ἡττήθησαν
1445 1097 1520 1141 καὶ
1547 1096 1602 1135 70

145 1161 335 1219 συχνούς
378 1160 614 1217 ἀπέβαλον.
685 1162 831 1205 ἔπειτα
879 1165 969 1205 τῶν
1019 1159 1208 1204 Φωκέων
1249 1155 1520 1212 κατεχόντων

146 1218 299 1270 ἱκανάς
333 1234 456 1269 τινας
491 1218 637 1269 πόλεις
676 1218 722 1261 ἐν
760 1222 814 1275 τῇ
849 1219 1060 1274 Βοιωτίᾳ,
1112 1213 1447 1270 στρατεύσαντες
1478 1211 1522 1254 οἱ

145 1276 336 1320 Βοιωτοὶ
382 1276 457 1319 καὶ
501 1275 581 1319 τόν
627 1279 748 1318 σῖτον
794 1275 842 1318 ἐκ
877 1279 953 1331 τῆς
992 1272 1137 1330 χώρας
1175 1277 1263 1316 τῶν
1302 1269 1523 1324 πολεμίων

147 1334 406 1388 φθείραντες
432 1331 542 1376 κατά
570 1330 650 1389 τήν
681 1330 896 1376 ἐπάνοδον
922 1329 1188 1388 ἡττήθησαν.
1247 1327 1336 1384 ἅμα
1356 1327 1401 1370 δὲ
1423 1323 1522 1368 τού-

145 1406 238 1440 τοις
273 1390 588 1444 πραττομένοις
628 1388 848 1440 Φάλαικος
884 1387 963 1443 μὲν
1000 1388 1025 1431 ὁ
1056 1390 1146 1430 τῶν
1178 1384 1368 1428 Φωκέων
1397 1393 1522 1437 στρα-
1551 1380 1607 1422 75

146 1446 276 1502 τηγός
307 1445 553 1501 διαβληθεὶς
582 1443 649 1488 ὅτι
675 1446 814 1488 πολλοὶ
843 1449 933 1489 τῶν
962 1446 1091 1498 ἱερῶν
1120 1441 1355 1498 χρημάτων
1381 1438 1527 1482 κέκλο-

147 1518 245 1558 φεν,
275 1501 468 1553 ἐξέπεσεν
497 1502 544 1545 ἐκ
572 1505 647 1558 τῆς
677 1500 821 1557 ἀρχῆς.
881 1500 978 1544 ἀντὶ
1007 1500 1054 1544 δὲ
1081 1500 1244 1542 τούτου
1273 1498 1527 1551 στρατηγῶν

148 1559 413 1614 αἱρεθέντων
431 1561 577 1612 τριῶν,
607 1557 935 1612 Δεινοκράτους
952 1558 1026 1600 καὶ
1047 1556 1246 1599 Καλλίου
1274 1554 1348 1598 καὶ
1365 1549 1526 1607 Σωφά-

146 1631 275 1684 νους,
322 1613 487 1684 ἐγένετο
526 1613 694 1670 ζήτησις
731 1618 820 1657 τῶν
858 1616 989 1682 ἱερῶν
1018 1611 1251 1669 χρημάτων
1292 1608 1367 1653 καὶ
1391 1605 1527 1662 λόγον
1555 1611 1610 1650 80

71 1726 75 1733 .
146 1688 250 1722 τους
274 1687 560 1726 κεχειρικοτας
591 1672 636 1713 οἱ
664 1674 829 1728 Φωκεῖς
860 1670 1081 1726 απῄτουν·
1116 1670 1173 1724 ἠν
1203 1667 1250 1711 δὲ
1269 1665 1323 1709 τὰ
1346 1669 1527 1708 πλεῖστα

147 1728 375 1785 διῳκηκὼς
414 1729 573 1769 Φίλων.
644 1728 772 1778 οὗτος
811 1724 855 1769 δ’
899 1724 953 1770 οὐ
992 1723 1237 1779 δυνάμενος
1275 1722 1526 1765 ἀποδοῦναι

146 1783 228 1828 τὸν
250 1782 398 1840 λόγον,
426 1780 732 1839 κατεδικάσθη,
761 1783 836 1826 καὶ
855 1782 1141 1837 στρεβλωθεὶς
1162 1777 1251 1823 ὑπὸ
1280 1782 1369 1822 τῶν
1399 1789 1525 1832 στρα-

147 1845 294 1897 τηγῶν
329 1840 434 1890 τούς
463 1839 718 1896 μετέχοντας
746 1843 820 1894 τῆς
847 1842 1012 1895 κλοπῆς
1041 1836 1277 1893 ἐμήνυσεν,
1318 1833 1449 1885 αὐτὸς
1479 1833 1525 1876 δὲ

148 1902 244 1949 ταῖς
288 1896 484 1953 ἐσχάταις
527 1897 684 1947 αἰκίαις
722 1894 970 1949 περιπεσών
1010 1895 1176 1938 οἰκείαν
1216 1895 1293 1948 τῆς
1331 1889 1526 1946 ἀσεβείας
1556 1892 1611 1935 85

150 1954 244 2010 ἔσχε
281 1953 363 2011 τὴν
398 1956 480 1996 τοῦ
517 1955 618 2009 βίου
655 1950 976 2008 καταστροφήν.
1043 1952 1088 1994 οἱ
1127 1950 1174 1994 δὲ
1212 1946 1530 2003 νοσφισάμενοι

149 2012 204 2054 τὰ
232 2009 428 2067 χρήματα
455 2008 509 2052 τὰ
537 2007 760 2062 σωζόμενα
787 2010 862 2053 καὶ
889 2006 1097 2064 περιόντα
1125 2009 1216 2050 τῶν
1255 2005 1305 2061 ἐκ
1332 2007 1408 2060 τῆς
1436 2007 1530 2047 κλο-

150 2071 237 2123 πῆς
277 2066 526 2118 ἀπέδωκαν,
579 2066 704 2109 αὐτοὶ
743 2066 789 2110 δὲ
829 2062 1177 2120 ἐθανατώθησαν
1207 2061 1266 2113 ὥς
1297 2060 1527 2116 ἱερόσυλοι.

148 2129 239 2168 τῶν
269 2124 315 2167 δὲ
343 2122 725 2178 προγεγενημένων
755 2125 1005 2178 στρατηγῶν
1036 2119 1058 2164 ὁ
1089 2119 1168 2176 μὲν
1190 2123 1364 2174 πρῶτος
1393 2115 1530 2170 ἄρξας

156 2179 402 2235 Φιλόμηλος
438 2177 644 2235 ἀπέσχετο
685 2184 772 2222 τῶν
810 2177 1129 2234 ἀναθημάτων,
1180 2175 1203 2221 ὁ
1235 2175 1281 2218 δὲ
1312 2173 1527 2228 δεύτερος,
1558 2178 1612 2218 90

149 2236 581 2292 προςαγορευόμενος
612 2236 690 2290 μὲν
716 2234 998 2290 Ὀνόμαρχος,
1029 2231 1218 2288 ἀδελφὸς
1249 2229 1290 2274 δ’
1316 2230 1379 2274 ὢν
1400 2233 1527 2273 Φιλο-

152 2292 316 2349 μήλου,
353 2297 530 2335 πλεῖστα
558 2297 647 2335 τῶν
675 2297 757 2335 τοῦ
786 2295 896 2335 θεοῦ
926 2290 1158 2346 χρημάτων
1188 2288 1528 2343 κατεδαπάνησε,

150 2351 293 2404 τρίτος
326 2349 372 2392 δὲ
403 2346 604 2399 Φάῦλλος
637 2347 661 2392 ὁ
700 2347 888 2403 ἀδελφὸς
922 2346 1197 2402 Ὀνομάρχου
1235 2342 1529 2399 στρατηγήσας

154 2405 239 2450 οὐκ
278 2404 402 2461 ὀλίγα
441 2409 531 2449 τῶν
561 2404 857 2463 ἀναθημάτων
883 2403 1123 2456 κατέκοψεν
1153 2404 1215 2454 εἰς
1241 2401 1319 2454 τοὶς
1347 2404 1434 2444 τῶν
1463 2400 1530 2453 ξέ-
1559 2400 1615 2443 95

154 2550 211 2586 52.
258 2551 473 2595 προικίσας]
497 2549 704 2595 προικήσας
723 2553 807 2586 Bas.
991 2548 1049 2583 53.
1090 2547 1238 2593 μηθὲν]
1261 2546 1378 2593 μηδὲν
1401 2546 1463 2581 FL

245 2598 464 2639 παθούσας]
487 2600 626 2633 παθεῖν
648 2600 679 2632 F
860 2594 917 2629 65.
956 2595 1159 2636 Ποπίλλιος
1181 2597 1276 2638 Bas„
1304 2593 1470 2631 Πόπλιος
1489 2592 1530 2633 F,

156 2643 284 2676 caeteri
308 2644 487 2683 Ποπίλιος
668 2644 725 2679 66.
773 2641 897 2687 χώραν
915 2643 928 2685 ]
953 2641 1077 2686 χώρας
1099 2642 1129 2675 L
1310 2640 1368 2676 67.
1414 2635 1534 2680 ‘Yoha-

157 2689 289 2731 πολιν]
316 2685 387 2723 ὑάν
410 2686 516 2722 πόλιν
539 2689 569 2721 F
751 2690 809 2725 68.
857 2687 1080 2733 κατέβαλλον
1105 2688 1187 2721 Bas.
1373 2681 1535 2731 ἐβδομή-

157 2735 292 2778 κοντα]
324 2734 508 2779 sexaginta
539 2735 671 2779 Cospus
867 2732 925 2770 75.
974 2731 995 2770 ὁ
1021 2745 1089 2769 om.
1112 2734 1205 2779 Bas*
1386 2731 1442 2765 81.
1490 2727 1537 2764 τὰ

157 2781 326 2825 πλεῖστα]
352 2779 435 2815 libri
457 2782 605 2815 πλεῖστα
