1820 3249
483 117 600 157 LlB.
627 116 717 157 XV.
784 115 917 155 CAP.
947 118 1016 156 ⁶²2.
1055 117 1122 157 23.
1409 117 1496 158 967

113 232 227 275 θίων
254 229 400 286 χώραν
431 229 507 273 καὶ
536 226 808 283 παραλαβων
837 226 943 278 τούς
971 225 1337 298 προϋπάρχοντας
1370 226 1417 271 ἐν
1445 231 1498 283 τῇ

112 289 380 361 παρεμβολῃ
398 284 676 339 στρατιώτας,
708 284 951 352 διεπολέμει
982 282 1094 353 πρὸς
1121 283 1225 334 τούς
1253 284 1499 354 ἐγχωρίους.

116 347 160 389 οἱ
189 343 235 387 6'
270 340 504 386 Ὀλύνθιοι
532 341 723 398 μεγάλην
750 341 831 412 μὲν
857 339 998 411 μάχην
1027 338 1237 396 οὐδεμίαν
1265 340 1376 383 κατὰ
1402 344 1498 387 τοῦ-

111 417 189 444 τον
217 398 295 443 τὸν
332 398 537 443 ἐνιαυτὸν
574 398 916 467 συνεστήσαντο,
957 395 1307 455 ἀκροβολισμούς
1340 397 1385 440 δὲ
1423 397 1496 441 καὶ
1528 405 1579 446 85

111 458 334 527 βραχείας
345 455 596 525 συμπλοκὰς
636 454 895 510 ποιούμενοι
924 453 1187 508 διετέλεσαν,
1227 459 1494 511 καταπεπλη-

109 514 262 570 γμένοι
287 511 368 568 τὴν
398 511 505 585 μετοὶ
534 516 616 556 τοῦ
647 511 857 582 βασιλέως
890 510 1092 566 δύναμιν.

229 573 321 613 Τοῦ
373 568 417 613 δ’
464 569 689 613 ἐνιαυσίου
731 568 897 640 χρόνου
941 566 1255 640 διελήλυθότος
1291 565 1496 637 Ἀθήνησι
1526 581 1581 619 ο3

109 642 190 682 μεν
236 629 342 683 ἦρχε
389 625 598 678 Πυθέας,
651 626 699 670 ἐν
741 625 884 682 Ρωμῃ
935 624 982 668 δ’
1033 642 1131 670 αντι
1180 641 1269 668 των
1314 623 1496 667 υποέτων
1525 639 1579 678 90

108 684 326 740 χιλίαρχοι
369 684 414 736 ἓξ
453 683 806 754 κατεστάθησαν,
852 683 979 733 Τίτος
1026 684 1260 733 Κοΐντιος,
1308 680 1497 732 Λεύκιος

108 742 396 794 Σερουίλιος,
427 739 617 792 Λεύκιος
639 738 840 791 Ἰούλιος,
865 737 1066 791 Ἀκύλιος
1094 737 1266 789 Δέκιος,
1296 736 1496 809 Λουκρή-

107 814 202 848 τιος-
218 795 376 868 ’Ἁγκος
404 797 478 840 καὶ
506 797 725 851 Σερούιος
755 797 1050 868 Σουλπίκιος,
1090 811 1209 851 παρα
1239 795 1286 838 δε
1310 793 1497 846 Ἠλείοις

104 851 342 908 Ὀλυμπιὰς
378 853 493 911 ἤχθη
523 852 757 927 ἕκατοστή,
792 852 898 898 καθ’
937 851 997 921 ἢν
1026 853 1148 897 ἐνίκα
1178 853 1357 896 στάδιον
1385 856 1499 896 Ato-

33 922 61 947 “1
104 912 361 965 νυσόδωρος
384 915 665 964 Ταραντῖνος.
694 911 763 955 ἐπι
793 911 838 955 δε
867 909 1039 954 τούτων
1054 907 1328 979 Ἀγησίπολις
1358 907 1382 953 ὁ
1406 912 1496 954 τῶν
1525 915 1579 957 95

106 970 486 1040 ᾼακεδαιμονίων
513 968 716 1024 βασιλευς
733 967 998 1038 ἐτελεύτησε
1036 965 1186 1025 νόσῳ,
1235 965 1496 1023 βασιλεύσας

106 1025 178 1093 ε’τη
207 1024 392 1096 τέτταρα
416 1024 492 1068 καὶ
524 1026 651 1069 δέκα·
690 1024 772 1081 τήν
799 1025 845 1068 δὲ
879 1023 1019 1081 ἀρχὴν
1049 1012 1353 1080 διαδεξαμενος
1381 1027 1495 1068 Κλε-

107 1081 324 1152 όμβροτος
368 1080 393 1125 ὁ
439 1079 629 1136 αδελφός
666 1083 943 1151 ἐβασίλευσεν
981 1082 1053 1137 ε’τη
1083 1081 1221 1124 ἐννέα.
1277 1082 1492 1125 Λακεδαι-

105 1137 252 1194 μόνιοι
281 1138 330 1183 δὲ
344 1139 649 1211 Πολυβιάδαν
685 1138 928 1195 στρατηγὸν
963 1138 1334 1209 καταστήσαντες
1338 1137 1493 1190 ἐξαπέ-
1526 1150 1605 1191 100

106 1200 278 1239 στειλαν
317 1196 379 1247 είς
417 1195 497 1240 τόν
546 1195 656 1251 πρὸς
701 1196 964 1247 Ὀλυνθίους
1002 1193 1216 1267 πόλεμον.
1279 1210 1425 1266 ουτος(
1448 1193 1495 1239 δὲ

106 1251 377 1306 παραλαβών
405 1252 482 1304 τὰς
512 1253 733 1309 δυνάμεις,
763 1253 839 1298 καὶ
867 1252 945 1297 τὸν
973 1251 1168 1308 πόλεμον
1199 1251 1382 1322 ἐνεργῶς
1406 1250 1496 1308 ἅμα

105 1309 181 1354 καὶ
224 1314 518 1366 στρατηγικῶς
556 1313 762 1364 διοικῶν,
802 1310 941 1355 ἐποίει
986 1309 1129 1356 πολλοὶ
1159 1308 1494 1380 προτερήματα.

107 1365 175 1410 ἀεὶ
219 1367 265 1410 δὲ
301 1370 470 1434 μᾶλλον
513 1365 736 1438 εὐημερῶν
782 1368 856 1412 καὶ
899 1369 1071 1411 πλείοσι
1108 1384 1265 1437 μαχαις
1302 1365 1496 1436 νικήσας,

109 1422 353 1467 συνέκλεισε
380 1423 485 1476 τούς
513 1423 782 1476 Ὀλυνθίους
801 1425 860 1476 εἷς
885 1425 1166 1479 πολιορκίαν·
1196 1423 1316 1474 τέλος
1346 1423 1392 1467 δε
1418 1440 1491 1466 κα
1552 1439 1577 1477 5

106 1480 432 1536 ταπληξάμενος
476 1481 581 1532 τοὺς
628 1483 861 1536 πολεμίους
912 1482 1174 1536 προςέταξεν
1219 1479 1493 1549 υποταγῆναι

107 1539 484 1592 Λακεδαιμονίοις.
523 1537 830 1593 ἐγγραφέντων
859 1538 905 1583 δε
933 1555 1022 1581 των
1046 1537 1296 1582 Ὀλυνθίων
1327 1539 1385 1589 εἰς
1413 1536 1494 1607 τήν

107 1610 197 1637 των
224 1597 520 1648 Σπαρτιατῶν
549 1597 795 1663 συμμαχίαν
836 1596 993 1639 πολλαὶ
1022 1595 1105 1638 καὶ
1125 1598 1215 1639 τῶν
1244 1592 1387 1637 σίλλων
1420 1592 1493 1636 πό-

107 1655 219 1695 λεων
259 1651 476 1694 ε’σπευσαν
514 1653 575 1702 εἰς
612 1651 692 1706 τήν
729 1657 819 1695 τῶν
857 1654 1218 1707 Λακεδαιμονίων
1256 1649 1494 1721 ἡγεμονίαν
1530 1671 1577 1709 10

109 1711 444 1782 καταλεχθηναι.
496 1708 564 1753 διὸ
592 1709 666 1752 καὶ
694 1725 804 1752 κατα
822 1709 1011 1760 τούτους
1039 1726 1144 1760 τους
1170 1725 1356 1761 καιρους
1383 1711 1494 1752 πλεῖ-

110 1777 216 1809 στον
255 1766 442 1820 ἴσχυσαν
479 1765 845 1833 Λακεδαιμόνιοι,
890 1767 965 1810 καὶ
1013 1770 1089 1822 τῆς
1130 1765 1336 1816 Ελλαδος
1372 1765 1498 1820 ἔσχον

38 1824 44 1830 “
108 1821 188 1878 τὴν
224 1821 467 1892 ἡγεμονίαν
506 1839 617 1866 κατα
643 1827 728 1879 γῆν
759 1822 848 1879 ἅμα
877 1823 952 1867 καὶ
983 1823 1094 1867 κατὰ
1119 1822 1354 1867 θάλατταν.
1418 1825 1499 1878 Θη

110 1882 231 1932 βαῖοι
266 1894 345 1935 μεν
382 1895 495 1949 γαρ
514 1877 713 1936 ὑπῆρχον
752 1881 1023 1951 ἔμφρουροι,
1062 1881 1305 1950 Κορίνθιοι
1344 1879 1389 1922 δὲ
1426 1880 1499 1922 καὶ

107 1934 290 1990 Ἀργεῖοι
312 1935 387 1978 διοὶ
416 1952 523 1987 τους
553 1939 872 1992 προγεγονότας
900 1937 1120 2007 πολέμους
1156 1935 1380 1993 ὑπῆρχον
1383 1952 1496 1979 τετα
1530 1948 1579 1988 15

110 1991 392 2047 πεινωμένοι,
427 1991 660 2064 Ἀθηναιοι
702 1995 777 2039 δὲ
790 1993 863 2038 διὰ
904 2011 982 2045 τας
1027 1998 1116 2038 τῶν
1156 1992 1498 2060 πολεμουμένων

109 2050 370 2105 κληρουχίας
400 2047 593 2105 ἠδόξουν
616 2051 673 2099 ἐν
702 2056 794 2102 τοῖς
810 2051 1038 2108 ’Έλλησιν
1075 2053 1119 2094 οἱ
1149 2051 1195 2095 δὲ
1229 2049 1496 2121 Λακεδαιμό-

110 2123 201 2149 νιοι
226 2109 301 2162 τῆς
329 2121 375 2149 τε
416 2110 793 2162 πολυανθρωπίας
831 2109 905 2152 καὶ
934 2112 1009 2164 τῆς
1039 2107 1086 2152 ἐν
1116 2113 1206 2159 τοῖς
1238 2107 1389 2158 ὅπλοις
1419 2123 1493 2162 με-

111 2161 233 2220 λέτης
267 2161 436 2221 πολλὴν
464 2164 680 2221 πρόνοιαν
707 2165 985 2222 ἐπεποίηντο,
1023 2165 1096 2209 καὶ
1140 2165 1325 2222 φοβεροὶ
1362 2169 1495 2207 πᾶσιν

112 2321 170 2357 82.
194 2320 288 2363 πρὸς
310 2317 398 2363 τούς
420 2319 478 2365 ἐγ]
482 2323 504 2366 .]
531 2319 623 2366 πρὸς
647 2320 716 2368 ἐγχ
735 2323 766 2356 A
904 2323 962 2358 88.
984 2322 1190 2364 ἐνιαυσίουλ,
1217 2322 1446 2359 ἐνιαυσιαίου
1462 2324 1492 2357 L

203 2367 260 2402 89.
294 2364 379 2411 ἦρχε
407 2369 518 2403 Fuit
530 2394 538 2407 .
564 2370 691 2403 caeter!
723 2364 770 2413 ἦν
802 2366 927 2415 α’ρχων
1042 2370 1097 2404 91.
1122 2368 1278 2411 Λεύκιος
1304 2372 1405 2415 Σερ]
1435 2371 1492 2404 in·—

114 2414 218 2448 vertit
241 2414 269 2447 A
298 2415 402 2449 omiss
404 2416 433 2448 is
464 2415 610 2473 reliqtulis
633 2415 830 2450 nominibus
983 2416 1040 2450 92.
1062 2418 1310 2462 Λουκρήτιος]
1336 2417 1494 2458 Λουκρί-

115 2472 194 2500 τιος
213 2460 279 2494 FK
387 2460 526 2507 Ἄγκος]
553 2460 658 2506 ἄγγος
677 2462 706 2495 F
821 2462 878 2496 93.
893 2462 1073 2503 Σερούιος
1095 2465 1389 2498 Βὴοάοηιιιηηιιεε
1412 2462 1494 2497 libri

118 2506 338 2550 Σερουΐλιος
489 2508 547 2543 94.
566 2507 852 2549 Διονυσόδωρος
873 2509 1064 2543 Eusebius.
1085 2510 1168 2543 libri
1191 2509 1494 2550 Διονυσιόδωρος

207 2553 266 2588 2⁰.
281 2554 340 2590 97.
372 2552 510 2597 ἐσσαρα
524 2555 589 2589 καὶ
608 2556 695 2591 δέκα
719 2556 772 2589 ed.
790 2556 924 2596 Wess„
944 2553 992 2590 ιδ’
1011 2555 1063 2591 ed.
1083 2556 1205 2599 Steph.
1307 2558 1489 2591 -99.Πο-

118 2596 300 2653 apsszdaav
327 2601 544 2644 Xenophon.
581 2602 820 2636 Πολυκαίδαν
855 2604 904 2640 A,
942 2601 1071 2636 caeteri
1106 2604 1319 2649 Πολυβιδαν
1456 2601 1490 2636 ὃ.

120 2640 206 2688 αἐὶ]
244 2645 315 2680 αἰεὶ
337 2658 456 2681 omnes
639 2649 673 2682 4.
698 2648 762 2683 καὶ
793 2648 958 2691 πλείοσι]
981 2648 1124 2683 πλείοσι
1147 2651 1175 2684 A
1359 2649 1392 2684 8.
1419 2648 1492 2684 τῶν

120 2691 390 2747 Σπαρτιατων]
429 2694 679 2737 Σπαρτιατῶν
702 2695 731 2728 Α
916 2694 973 2731 12.
999 2692 1128 2740 ἔσχον]
1154 2693 1295 2740 ἔχοντες
1319 2696 1346 2730 Α

119 2736 176 2770 16.
203 2735 270 2780 τὰς
294 2738 566 2785 wesselingius:
587 2740 670 2775 libri
694 2742 759 2786 τῆς
