1820 3249
514 107 627 148 LIB.
661 106 767 148 XVI.
825 105 955 148 GAP.
983 108 1051 148 57.
1081 107 1147 147 58.
1404 107 1515 149 1095

150 222 261 278 πρὸς
288 223 366 266 τὸν
394 221 533 276 δῆμον
559 218 786 272 ἐπερωτῶν
814 217 855 259 τί
881 215 962 271 χρὴ
991 230 1214 270 πραττειν,
1250 215 1293 259 οἳ
1322 213 1362 260 δ’
1391 213 1496 272 ἠΑθ
1500 243 1517 252 -

148 285 267 324 ναῖοι
293 277 553 348 προςέταξαν
579 273 697 345 αὐτῷ
725 274 783 330 μὴ
809 272 862 316 τα
891 277 980 316 τῶν
1007 276 1126 316 θεῶν
1155 271 1374 324 ἐξετάζειν,
1406 233 1516 318 οἷλλοὶ

74 340 330 380 127σκοπεῖν
371 332 491 384 ὅπως
528 331 632 382 τούς
673 328 936 384 στρατιώτας
975 328 1205 385 διαθρέψῃ.
1270 327 1518 399 Ἰφικρατης

146 393 225 463 μὲν
253 393 336 436 οὐν
367 388 621 442 ὑπακούσας
653 391 714 431 τιὸ
745 387 927 443 δόγματι
943 389 1032 457 τῆς
1059 386 1267 440 πατρίδος
1294 385 1513 455 ἐλαφυρο-
1544 386 1598 430 45

144 448 313 520 πώλησε
342 446 419 492 τὸν
448 450 536 490 τῶν
565 449 684 489 θεων
713 445 899 515 κόσμον·
932 442 955 486 ὁ
988 443 1035 486 δὲ
1056 441 1271 496 τύραννος
1294 440 1516 512 ὀργισθεὶς

145 509 236 556 τοῖς
260 503 507 577 Ἀθηναίοις
533 502 692 558 ε’γραψε
721 501 831 556 πρὸς
859 497 1021 550 αὐτοὺς
1044 498 1273 554 ἐπιστολήν
1291 498 1513 558 τοιαύτην.

143 559 382 612 Διονύσιος
411 559 654 630 Ἀθηναίων
689 575 741 616 τη
768 561 919 629 βουλῇ
957 557 1032 606 καὶ
1067 573 1128 613 τῳ
1168 556 1290 612 δήμῳ
1326 552 1397 599 Εὖ
1434 557 1514 611 μὲν

142 618 359 688 πράττειν
376 616 460 661 οὐκ
489 615 746 685 ἐπιτήδειόν
763 615 854 659 ἐστι
881 613 1089 670 γράφειν,
1133 612 1224 657 ἐπεὶ
1251 611 1354 664 τοὺς
1381 613 1514 664 θεοὺς

142 675 216 718 καὶ
251 689 363 718 κατα
401 677 485 730 γῆν
522 674 597 718 καὶ
639 672 748 716 κατα
789 671 1009 716 θάλατταν
1038 673 1319 726 ίεροσυλεῖτε,
1359 670 1432 713 καὶ
1461 668 1514 713 τὰ
1545 672 1598 715 50

142 728 368 801 αγαλματα
395 732 449 774 τοὶ
479 732 539 782 εἰς
568 728 779 774 ἀνάθεσιν
807 727 890 785 ὑφ’
915 727 1041 801 ἡμων
1068 733 1159 780 τοῖς
1176 731 1296 778 θεοῖς
1312 724 1516 770 απεσταλ-

141 787 253 843 με’να
279 787 572 858 παρελόμενοι
599 785 886 838 κατεκόψατε,
931 786 1006 831 καὶ
1032 785 1131 840 περὶ
1158 784 1262 835 τούς
1289 785 1516 839 μεγίστους

139 860 231 888 των
259 849 377 888 θεων
405 843 686 914 ἠσεβήκατε,
715 859 815 895 περι
843 842 922 886 τὸν
947 841 1195 888 Ἀπόλλωνα
1223 840 1302 884 τόν
1332 841 1381 883 ἐν
1411 844 1516 883 Δελ-

141 905 248 957 φοῖς
286 901 361 945 καὶ
397 902 476 945 τὸν
517 902 604 944 Δία
641 899 720 944 τὸν
754 898 1005 956 Ὀλύμπιον.
1067 899 1294 972 Ἀθηναῖοι
1322 897 1402 953 μὲν
1432 898 1516 940 οὐν
1545 897 1599 941 55

140 958 240 1026 περὶ
269 959 319 1001 τὸ
348 962 474 1002 θεῖον
502 956 674 1001 τοιαῦτ’
704 958 906 1029 ε’πραξαν,
935 957 1009 1001 καὶ
1036 955 1167 1001 ταῦτ’
1192 953 1416 1011 εὐχόμενοι
1437 952 1516 997 τὸν

134 1011 388 1058 Ἀπόλλωνα
423 1017 649 1084 πατρῷον
662 1012 810 1057 αὐτῶν
839 1030 952 1058 ειναι
978 1014 1055 1060 καὶ
1085 1012 1329 1082 πρόγονον·
1382 1015 1517 1055 Λακε-

139 1070 363 1126 δαιμόνιοι
392 1071 438 1114 δὲ
466 1074 528 1126 τῷ
556 1070 655 1126 περὶ
684 1069 888 1125 Δελφοὺς
916 1072 1102 1128 μαντείῳ
1126 1068 1414 1140 χρησάμενοι,
1443 1067 1517 1111 καὶ

137 1127 218 1182 τὴν
245 1128 600 1199 θαυμαζομένην
612 1143 732 1181 παρα
761 1131 868 1170 πᾶσι
895 1130 1118 1171 πολιτείαν
1143 1126 1217 1171 δια
1238 1125 1401 1169 τούτου
1421 1141 1517 1194 κτη-

139 1183 345 1239 σάμενοι,
394 1183 470 1228 καὶ
506 1183 605 1236 περὶ
633 1187 723 1226 τῶν
750 1186 964 1254 μεγίστων
998 1184 1058 1228 ἔτι
1088 1184 1160 1228 καὶ
1189 1186 1276 1227 νῦν
1303 1182 1381 1226 τὸν
1410 1182 1518 1226 θεὸν
1547 1184 1600 1225 60

137 1240 458 1296 ἐπερωτῶντες,
497 1238 738 1296 ἐτόλμησαν
765 1244 859 1293 τοῖς
887 1239 935 1285 τὸ
968 1240 1086 1296 ἱερὸν
1117 1239 1331 1298 συλήσασι
1359 1254 1515 1284 κοινω-

136 1302 267 1354 νῆσαι
293 1300 371 1368 τῆς
396 1298 683 1366 παρανομίας.

252 1353 378 1398 Κατα
416 1354 462 1399 δὲ
498 1370 579 1424 την
607 1354 827 1397 Βοιωτίαν
855 1354 898 1396 οἱ
927 1353 1005 1410 μὲν
1035 1356 1203 1405 Φωκεῖς
1228 1357 1344 1409 τρεῖς
1373 1351 1519 1405 πόλεις
1546 1355 1603 1394 58

139 1410 306 1466 ἔχοντες
334 1410 634 1481 ὦχυρωμενας,
662 1408 929 1480 Ὀρχομενὸν
947 1411 1020 1454 καὶ
1039 1409 1301 1466 Κορώνειαν
1317 1411 1390 1455 καὶ
1408 1413 1518 1465 Κορ-
1546 1411 1601 1454 65

141 1468 251 1519 σιάς,
279 1483 328 1511 εκ
356 1466 526 1510 τούτων
550 1466 781 1510 ἐποιουντο
811 1465 892 1522 τὴν
922 1467 992 1510 ἐπὶ
1020 1467 1126 1518 τούς
1150 1467 1520 1536 Βοιωτούςιστρα-

138 1525 271 1567 τείαν.
310 1521 634 1595 εὐπορούμενοι
655 1523 700 1566 δε
719 1521 1012 1595 μισθοφόρων
1026 1522 1107 1593 τήν
1121 1539 1166 1567 τε
1183 1524 1335 1579 χώραν
1355 1522 1519 1581 εδηουν

138 1582 213 1650 παὶ
240 1579 352 1624 κατὰ
381 1580 457 1630 τας
485 1580 699 1630 ἐπιθέσεις
726 1580 801 1623 καὶ
831 1579 1086 1636 συμπλοκὰς
1116 1582 1414 1636 περιεγίνοντο
1432 1584 1521 1624 τῶν

138 1637 370 1693 ἐγχωρίων.
430 1637 579 1691 διόπερ
609 1638 652 1680 οἱ
681 1638 881 1688 Βοιωτοί,
911 1637 1170 1707 θλιβόμενοι
1199 1654 1279 1692 μεν
1305 1639 1367 1694 τῷ
1397 1637 1522 1680 πολέ-

71 1702 75 1710 “
137 1710 205 1750 μῳ
236 1710 309 1738 και
337 1692 530 1744 πολλούς
558 1696 647 1736 τῶν
677 1697 954 1747 στρατιωτων
986 1692 1320 1747 ἀπολωλεκότες,
1354 1693 1519 1764 χρημά-
1548 1708 1604 1749 70

137 1766 227 1794 των
255 1750 302 1795 δὲ
329 1747 655 1820 απορούμενοι,
695 1750 897 1821 πρέσβεις
926 1749 1165 1806 ἐξέπεμψαν
1193 1750 1309 1821 πρὸς
1334 1750 1413 1794 τὸν
1447 1752 1522 1794 Φί-

137 1811 300 1851 λιππον
329 1805 553 1858 αξιοῦντες
581 1809 813 1876 βοηθῆσαι.
873 1806 897 1850 6
925 1807 970 1850 δὲ
999 1806 1205 1876 βασιλεύς
1224 1806 1369 1877 ἡδέως
1402 1806 1522 1863 ὁρῶν

137 1880 219 1919 την
257 1865 515 1907 ταπείνωσιν
555 1861 721 1914 αὐτων,
772 1863 846 1907 καὶ
883 1862 1151 1934 βουλόμενος
1185 1881 1239 1907 τα
1276 1864 1524 1935 Λευκτρικὰ

138 1919 408 1991 φρονήματα
429 1924 651 1964 συστεῖλαι
682 1935 770 1962 των
800 1924 1031 1973 Βοιωτῶν,
1081 1919 1260 1977 ὀλίγους
1298 1919 1521 1965 απὲστειλε

140 1977 445 2047 στρατιώτας,
484 1975 591 2021 αὐτὸ
633 1975 773 2032 μόνον
814 1976 1141 2049 φυλαττόμενος
1178 1978 1227 2022 τό
1268 1980 1415 2022 δοκεῖν
1457 1977 1516 2035 μή
1547 1984 1602 2028 75

137 2038 351 2088 περιορᾶν
397 2032 446 2078 τὸ
487 2039 694 2102 μαντεῖον
734 2034 1042 2107 σεσυλημένον.
1111 2037 1220 2078 τῶν
1241 2034 1288 2078 δὲ
1325 2035 1519 2079 Φωκέων

139 2091 506 2162 οἱκοδομούντων
535 2089 756 2159 φρούριον
790 2093 890 2162 περὶ
922 2093 999 2143 τὰς
1016 2090 1351 2163 ὀνομαζομένας
1367 2091 1518 2165 ’Ἀβας,

138 2145 245 2191 καθ’
277 2147 327 2198 ἅς
354 2147 470 2191 εστιν
495 2145 762 2196 ’Λπόλλωνος
792 2147 918 2203 ἅγιον
950 2148 1091 2202 ἱερόν,
1121 2147 1414 2204 εστράτευσαν
1442 2148 1516 2192 επ’

141 2203 306 2255 αὐτούς
357 2221 398 2247 οι
438 2205 643 2247 Βοιωτοί
703 2203 841 2256 εὐθὺς
882 2204 925 2249 δ’
967 2204 1113 2249 αὐτων
1150 2207 1194 2249 οἱ
1233 2222 1310 2277 μεν
1347 2207 1408 2257 εἰς
1440 2223 1518 2257 τας
1546 2218 1601 2260 80

139 2260 313 2315 ε’γγιστα
353 2259 498 2311 πόλεις
542 2259 757 2316 φυγόντες
797 2262 1116 2333 διεσπάρησαν,
1167 2263 1210 2306 οἱ
1253 2260 1300 2306 δ’
1339 2264 1401 2314 εἰς
1439 2262 1518 2307 τὸν

100 2352 105 2356 ,
139 2318 253 2360 νεών
302 2322 383 2360 τοῦ
423 2315 696 2369 Ἀπόλλωνος
734 2319 1063 2390 καταφυγόντες
1108 2320 1168 2369 εἷς
1206 2320 1521 2372 πεντακοσίους

141 2370 386 2418 απωλοντο.
453 2374 593 2417 πολλα
634 2391 714 2431 μεν
755 2378 838 2420 οὐν
876 2377 950 2420 καὶ
991 2375 1101 2420 ἄλλα
1135 2380 1237 2420 θεῖα
1273 2377 1374 2432 περὶ
1412 2376 1518 2431 τούς

234 2519 314 2555 127.
347 2520 403 2554 44.
450 2521 503 2567 τῷ
535 2518 691 2566 δόγματι
723 2523 789 2578 τῆς
821 2523 1001 2568 πατρίδος
1031 2526 1107 2567 post
1129 2521 1272 2566 κόσμον
1295 2528 1426 2567 ponunt
1456 2525 1516 2560 FL

349 2566 406 2601 49.
437 2556 554 2608 θεοὺς
574 2568 653 2612 καὶ]
680 2566 796 2609 θεοὺς
818 2570 849 2603 F
1009 2569 1067 2606 62.
1097 2570 1354 2615 παρανομίας]
1385 2583 1515 2626 παροι-

145 2612 226 2650 vices
249 2613 318 2646 lL
493 2614 550 2648 v.
599 2613 746 2658 ὀλίγους
771 2616 990 2660 (perpaucos)
1015 2617 1166 2660 Cospus,
1198 2616 1324 2650 caeteri
1350 2615 1418 2652 οὐκ
1445 2613 1520 2652 ολί-

147 2671 232 2701 γονς
413 2658 469 2692 ἴτ’).
505 2662 626 2695 δοκεῖν
650 2667 725 2703 post
748 2661 878 2705 μόνος,
902 2661 943 2698 τό
967 2667 1046 2705 post
1071 2661 1344 2706 φυλαττόμενος
1368 2663 1464 2706 Ponit
1487 2664 1518 2697 F

330 2704 386 2737 79.
427 2704 566 2761 εὐθύς]
591 2706 686 2741 saffi-
713 2709 794 2741 Bm
957 2709 1014 2744 8⁰.
1056 2707 1199 2754 ε’γγιστα
1225 2720 1296 2745 om.
1319 2710 1413 2744 FLT
1435 2710 1518 2745 Bas.

328 2749 385 2784 81.
433 2749 548 2796 νεών]
574 2765 645 2789 vem
669 2753 702 2787 T
726 2755 807 2789 Bas
