1820 3249
1371 167 1484 209 1133

229 281 338 339 παρά
355 277 557 333 θάλατταν
578 272 964 333 ἕστρατοπεδευκότι,
993 276 1060 318 καὶ
1081 275 1129 319 τοὶ
1150 276 1249 319 κατα
1268 277 1338 321 τόν
1357 283 1487 323 πλοῦν

228 339 481 396 ἀπήγγειλαν.

118 409 166 453 ν’,
195 411 263 459 Ὡς
287 406 408 451 πάλιν
435 401 718 452 ἐκπλεύσαντες
745 400 898 456 πολλὴν
923 405 996 455 τῆς
1010 405 1331 457 παραθαλαττίας
1353 403 1487 461 χώρας
1515 405 1571 449 25

227 466 511 518 -ταρέπλευσαν

119 534 190 579 να’.
214 536 282 584 Ὡς
302 537 383 575 τῶν
404 534 572 585 Περσων
586 545 722 598 τριςμυ
726 528 837 600 ρίους
856 529 1089 576 νεανίσκους
1108 527 1299 578 ἐπιλέξας,
1319 529 1385 570 καὶ
1401 547 1489 571 παι-

229 589 372 639 δεύσας
395 587 442 629 vo}
470 585 662 654 πολεμικὰ
694 590 772 626 τῶν
804 586 947 640 ε’ργων,
988 582 1204 640 α’ντίταγμα
1231 584 1491 629 κατεσκεύασε

226 653 276 706 τῇ
293 648 562 701 Μακεδονικῇ
583 641 767 697 φαλαγγι.

118 715 191 774 νβ’.
221 718 289 766 Ὡς
299 713 501 783 Ἅρπαλος
526 709 592 754 δια
618 709 691 764 τὴν
711 726 871 764 τρυφήν
895 726 962 751 και
989 727 1059 758 τας
1079 708 1304 764 ὖπερβολας
1323 714 1404 752 τῶν
1425 712 1494 752 δα·
1522 711 1578 751 30

195 805 197 807 v
229 769 477 841 πανημιίτων
498 769 760 822 διαβληθεὶς’
750 768 894 821 ε’φυγεν
917 768 958 808 ἐκ
977 769 1220 821 Βαβυλῶνος
1240 768 1307 809 καὶ
1328 772 1402 809 τοῦ
1426 765 1494 820 δή-

235 847 311 884 μου
330 845 409 870 των
429 824 655 879 Ἀθηναίων
679 825 809 877 ἱκέτης
827 824 991 880 ἐγένετο.

122 896 192 955 νγ’.
218 900 288 947 Ὡς
308 894 471 950 διαδροῖς
499 895 540 936 ἐκ
569 898 641 946 τῆς
657 890 830 945 Ἀττικῆς
858 889 1053 962 ἀνῃρέθη,
1082 893 1150 934 καὶ
1178 896 1259 934 τῶν
1284 891 1496 947 χρημάτων

235 952 447 998 ἑπτακόσια
469 951 541 1005 μὲν
561 949 731 992 τάλαντα
743 948 948 1019 παρέθετο
970 955 1052 999 τοῖς
1069 947 1322 1003 Ἀθηναίοις,
1363 967 1496 1005 τετρα-
1527 946 1582 989 35

235 1014 401 1065 κιςχίλια
424 1007 466 1051 δὲ
483 1009 550 1049 καὶ
570 1004 849 1077 μισθοφόρους
868 1003 1176 1061 σ’κτακιςχιλίους
1195 1007 1286 1062 περὶ
1301 1010 1500 1064 Ταίναρον

237 1073 309 1121 τῆς
332 1069 577 1118 Λακωνικῆς
598 1061 801 1105 απέλιπεν

51 1153 114 1188 159
126 1134 195 1180 νδ’.
223 1136 292 1184 Ὡς
310 1132 563 1187 Ἀλέξανδρος
582 1149 676 1180 τους
690 1127 954 1200 γεγηρακότας
970 1148 1050 1172 των
1071 1127 1328 1172 Μακεδόνων
1344 1136 1502 1185 χρεολυ-

239 1190 376 1246 τήσας,
406 1191 472 1233 καὶ
493 1187 773 1238 καταναλώσας
791 1187 915 1243 μύρια
932 1186 1116 1239 ταλαντα,
1147 1185 1340 1230 απέλυσεν
1360 1191 1415 1238 εἷς
1430 1206 1502 1238 τας

238 1251 441 1303 πατρίδας.

127 1316 193 1361 νε’.
219 1319 287 1367 Ὡς
311 1313 596 1365 στασιαζόντων
613 1331 694 1355 των
714 1310 970 1355 Μακεδόνων
990 1310 1150 1355 ἐκόλασε
1171 1329 1265 1361 τους
1287 1314 1448 1363 αἰτίους.
1530 1311 1584 1355 40

129 1373 205 1424 νς’.
233 1374 301 1423 Ὡς
332 1373 558 1424 Πευκέστης
583 1370 706 1426 ἤγαγε
737 1370 836 1425 πρὸς
865 1368 1123 1425 Ἀλέξανδρον
1150 1370 1193 1411 ἐκ
1222 1374 1303 1411 τῶν
1331 1373 1501 1426 Περσῶν

247 1429 422 1480 ἐπιλέξας
438 1426 598 1478 τοξότας
618 1428 686 1482 καὶ
707 1427 981 1480 σφενδονήτας
1001 1428 1179 1480 μυρίους.

136 1497 211 1550 νζ’.
239 1499 307 1548 Ὡς
328 1496 396 1546 τοῖς
416 1494 546 1546 τάξεις
567 1496 591 1538 ὁ
610 1494 794 1550 βασιλεὺς
809 1496 994 1549 ἐποίησεν
1009 1492 1205 1548 ἀναμίξας
1219 1498 1303 1543 τοῖς
1323 1494 1504 1538 Μακεδὸ-
1533 1493 1588 1536 45

244 1569 284 1597 σι
299 1571 391 1603 τους
410 1555 579 1608 Πέρσας.

131 1623 204 1678 νή.
232 1622 300 1673 Ὦς
327 1627 410 1671 τοῖς
436 1618 662 1688 επιγόνοις
670 1618 784 1661 παισὶ
821 1621 979 1674 μυρίοις
1007 1616 1099 1662 οὖσι
1124 1636 1196 1668 τας
1225 1617 1408 1671 δαπανας
1437 1621 1507 1663 καὶ

243 1681 426 1727 παιδείας
443 1676 616 1731 μισθους
637 1674 786 1718 α’πασιν
805 1675 992 1732 ἐχορήγει.

103 1730 107 1738 ’
133 1735 212 1781 νθ’.
235 1738 304 1786 Ὡς
322 1735 568 1788 Λεωσθένης
591 1733 739 1789 ἤρξατο
761 1740 889 1775 κινεῖν
909 1751 979 1776 τον
999 1732 1099 1790 πρὸς
1120 1731 1367 1784 Μακεδόνας
1394 1731 1508 1777 πόλε
1540 1731 1594 1774 50

244 1810 332 1848 μον.

136 1862 180 1913 ξ’.
207 1861 278 1910 Ὡς
291 1857 546 1912 Ἀλέξανδρος
566 1858 632 1901 ἐπὶ
653 1859 880 1908 Κοσσαίους
900 1856 1166 1913 ἐστράτευσεν.

136 1916 206 1970 gol.
238 1919 305 1966 Ὡς
323 1916 595 1986 πορευομένου
617 1919 688 1957 τοῦ
716 1916 908 1969 βασιλέως
931 1917 988 1965 εἰς
1010 1918 1234 1968 Βαβυλῶνα
1256 1919 1450 1988 προεῖπον
1474 1915 1516 1957 οἷ

250 1977 444 2016 Χαλδαῖοι
468 1977 525 2029 τῷ
542 1965 782 2029 Ἀλεξανδρῳ
806 1970 1054 2027 τελευτήσειν
1085 1969 1236 2021 αυτόν,
1268 1971 1339 2014 ἒαν
1363 1973 1420 2021 εἰς
1440 1989 1515 2026 την

249 2033 470 2085 Βαβυλῶνα
487 2030 659 2086 εἶςέλθη.

139 2095 218 2155 ξβῖ
250 2097 356 2147 Ὡς“’
335 2116 356 2140 o
376 2097 594 2152 βασιλευς’
577 2115 619 2139 εν
642 2094 747 2155 οἷρχῇ
769 2115 840 2152 μεν
859 2095 1085 2152 κατεπλαγη
1105 2115 1170 2139 και
1194 2094 1422 2165 παρήλλαξε
1440 2113 1514 2150 την
1542 2090 1596 2134 55

251 2157 496 2209 Βαβυλωνα,
535 2153 702 2223 ὕστερον
722 2140 772 2196 δὲ
801 2154 882 2197 υπὸ
909 2173 989 2197 των
1012 2155 1253 2210 Ελληνικιόν
1276 2152 1516 2208 φιλοσόφων

252 2213 435 2263 πεισθεις
452 2209 697 2266 κατήντησεν
717 2213 774 2262 εἰς
791 2229 866 2266 την
888 2210 1018 2255 πόλιν.

144 2378 204 2414 21.
249 2378 573 2425 παραθαλαττίας]
603 2380 911 2425 παραθαλαττίου
934 2380 964 2416 L
1131 2379 1189 2415 28.
1238 2377 1414 2425 φάλαγγι]
1442 2392 1520 2414 con·-

148 2427 315 2461 tumacius
337 2439 449 2462 secum
472 2428 594 2474 agenti
615 2428 711 2462 addit
732 2429 864 2471 Cospus
1023 2425 1078 2461 33
1113 2440 1220 2468 ως-
1233 2427 1290 2462 36.
1315 2426 1515 2470 ἀπέλιπεν]

150 2472 305 2506 Eundem
327 2474 470 2508 Athenis
492 2475 672 2519 aufugisse
694 2475 731 2508 in
757 2475 941 2508 Taenaron
963 2473 1011 2507 ad
1034 2474 1158 2508 milites
1181 2485 1278 2514 suos,
1313 2485 1354 2508 ac
1377 2474 1519 2508 tandem

149 2518 187 2552 in
211 2519 318 2563 Cypro
340 2521 579 2565 interemptum
592 2522 707 2564 fuisse
730 2521 879 2564 Cospus:
903 2521 1014 2554 multo
1035 2520 1136 2554 aliter
1158 2532 1186 2553 c
1211 2519 1291 2554 108.

241 2586 320 2622 159.
343 2587 399 2622 43.
446 2590 626 2636 μυρίους]
649 2591 760 2625 millia
781 2590 911 2645 viginti
933 2589 1077 2633 Cospus,
1101 2592 1212 2623 recte·
1243 2599 1278 2622 v.
1303 2601 1335 2632 p.
1361 2586 1519 2621 246.17.

150 2632 287 2668 Art-ian.
312 2635 463 2669 V11.23.
488 2636 522 2672 1.
706 2635 764 2672 45.
811 2648 899 2676 τους
922 2634 1092 2690 Πέρσας]
1116 2634 1261 2678 Πέρσας
1285 2635 1349 2668 L'r

153 2680 210 2715 47.
256 2678 418 2724 μισθούς
440 2692 506 2716 om.
531 2681 564 2715 Τ
587 2682 670 2717 Bas.
849 2682 904 2716 49.
953 2694 1003 2721 ως
1025 2700 1068 2707 -
1091 2681 1271 2724 πόλεμον]
1304 2681 1347 2714 Η
1365 2679 1526 2714 Leosthe-

153 2738 214 2761 nes
236 2727 452 2761 Atheniensis
475 2729 598 2762 bellum
616 2729 819 2763 Lamiacum
843 2727 1063 2762 concitaverit
1084 2729 1229 2784 Οοεμιιει
1251 2728 1422 2760 librorum
1442 2725 1527 2758 smi

152 2778 292 2829 pturam
316 2774 633 2818 Λακεδαιμονίους
655 2775 804 2811 correxit
825 2774 1075 2818 Wesselingius
1257 2772 1314 2808 53.
1357 2773 1411 2816 τῷ
1436 2767 1528 2805 Αλε-

153 2818 300 2867 ξανδρῳ
325 2831 394 2856 οιιι.
418 2820 452 2855 Τ
475 2821 557 2856 Bas.
747 2820 805 2857 54.
855 2821 1086 2867 Βαβυλῶνα]
1121 2820 1361 2867 Βαβυλωνίαν
1384 2805 1418 2853 Τ
1441 2818 1526 2852 Bas.
