1820 3249
272 76 385 118 13⁰4
722 73 759 115 L
771 72 1110 116 113.xv111.c
1119 75 1154 117 A
1165 74 1211 116 1².
1242 75 1312 119 50.

192 189 248 229 5⁰
389 186 516 230 Κατὰ
551 184 598 230 65
610 184 705 256 τὴν
725 182 878 230 Ἀσίαν
919 186 1240 259 διαβοηθείσης
1265 189 1342 242 τῆς
1372 184 1653 258 Ἀντιπάτρου

279 246 474 299 τελευτῆς
515 241 623 298 άρχὴ
663 243 932 311 πραγμάτων
968 247 1135 286 καινῶν
1176 243 1339 298 ἐγίνετο
1367 243 1441 287 καὶ
1470 245 1653 299 κίνησις,

196 302 251 342 90
281 304 370 344 τῶν
399 300 445 344 ἐν
474 297 729 351 ἐξουσίαις”
705 314 846 342 οντων
869 301 1138 356 ἰδιοπραγεῖν
1157 300 1518 368 ἐπιβαλλομένων.
1557 301 1655 343 τού-

277 373 367 401 των
398 356 444 401 65
476 360 645 408 πρῶτος
673 355 753 411 μὲν
783 355 805 400 ὁ
832 353 1080 428 Ἀντίγονος
1119 356 1446 427 προνενικηκως
1477 355 1653 412 Εὐμένη

278 415 378 467 περὶ
406 414 743 457 Καππαδοκίαν
764 413 839 456 καὶ
876 412 953 464 τὰς
983 411 1074 484 μετ’
1107 413 1248 458 αὐτοῦ
1279 415 1484 484 δυνάμεις
1511 429 1656 467 παρει-

279 469 454 540 ληφιός,
494 469 909 525 καταπεπολεμηκὼς
939 468 980 512 δ’
1006 467 1205 513 Ἀλκέταν
1233 470 1305 514 καὶ
1325 471 1531 514 ’Ἀτταλον
1557 470 1658 522 περὶ

280 527 362 595 τὴν
394 526 626 597 Πισιδικὴν
654 527 726 570 καὶ
754 543 832 578 τας
861 525 1070 596 δυνάμεις
1098 543 1174 577 τας
1204 524 1288 582 μετ’
1321 527 1467 571 αὐτῶν
1492 525 1657 581 άνειλη-

198 582 253 624 95
284 581 393 654 φώς,
423 582 533 637 πρὸς
563 583 609 626 65
637 582 812 633 τούτοις
840 581 922 625 ὑπ’
950 580 1237 636 Ἀντιπάτρου
1265 588 1341 656 τῆς
1366 584 1506 634 Ἀσίας
1536 595 1659 651 στρα-

280 640 412 697 τηγὸς
442 638 725 694 αὐτοκράτωρ
756 637 987 708 ἡρημένος,
1020 639 1108 694 ἅμα
1139 642 1184 683 65
1213 641 1286 683 καὶ
1306 640 1499 712 μεγάλης
1529 637 1661 683 δυνά-

282 713 396 753 μεως
423 713 597 754 ηγεμων
627 694 1001 765 ἀποδεδειγμένος,
1030 695 1196 767 πλήρης
1225 699 1280 751 ἠν
1302 697 1437 753 ὄγκου
1458 697 1532 740 καὶ
1550 713 1660 766 φρο-

285 755 492 823 νήματος.
551 751 926 822 περιβαλλόμενος
954 751 1001 795 65
1035 758 1128 804 ταῖς
1159 754 1298 797 ἐλπίσι
1325 755 1405 810 τὴν
1434 758 1518 796 τῶν
1547 753 1661 796 ὅλων

179 817 255 856 100
284 810 539 881 ηγεμονίαν,
569 810 677 863 ε’γνω
709 810 766 863 μὴ
797 807 1020 863 προςέχειν
1050 825 1153 865 μητε
1181 814 1273 861 τοῖς
1302 814 1526 880 βασιλεῦσι
1556 809 1661 864 μήτε

280 872 373 918 τοῖς
401 866 672 936 ἐπιμεληταῖς
703 864 865 908 αὐτων.
922 864 1199 921 ὑπελάμβανε
1219 883 1304 922 γαρ
1327 865 1463 911 αυτὸν
1481 867 1661 919 κρείττω

281 923 473 978 δύναμιν
514 922 666 978 ἔχοντα
696 926 783 965 τῶν
812 922 923 966 κατὰ
952 939 1032 978 την
1059 923 1207 966 Ἀσίαν
1234 927 1494 994 θησαυρῶν
1504 922 1663 975 κύριον

282 981 473 1030 ἔσεσθαι,
503 979 686 1040 μηδενὸς
723 979 850 1031 ὄντος
879 994 958 1022 του
991 979 1240 1036 δυναμένου
1259 980 1369 1036 πρὸς
1391 979 1527 1023 αὐτὸν
1547 978 1662 1022 άντι-

281 1038 508 1089 τάξασθαι.
566 1041 648 1105 είχε
682 1035 767 1090 γὰρ
806 1034 905 1080 κατ’
939 1036 1106 1081 ἐκεῖνον
1147 1037 1225 1081 τὸν
1264 1037 1429 1093 χρόνον
1460 1036 1664 1090 στρατιω-

231 1097 257 1139 5
286 1110 364 1145 τας
393 1092 545 1146 πεζοὺς
574 1094 670 1162 μὲν
682 1091 1036 1149 ἑξακιςμυρίους,
1079 1096 1222 1146 ἱππεῖς
1252 1095 1297 1138 65
1332 1095 1543 1149 μυρίους,
1580 1091 1665 1162 ἐλέ-

288 1167 459 1207 φαντας
490 1150 535 1193 65
572 1147 821 1203 τριάκοντα.
879 1151 1011 1205 χωρὶς
1049 1151 1095 1194 65
1132 1152 1301 1194 τούτων
1307 1151 1509 1209 ἑτοίμας
1545 1148 1667 1204 ποιή-

287 1212 451 1250 σασθαι
477 1207 550 1249 καὶ
580 1206 712 1256 ἄλλας
741 1204 947 1262 δυνάμεις
975 1207 1172 1275 ἤλπιζεν,
1210 1225 1265 1251 αν
1293 1210 1321 1265 ῄ
1352 1209 1496 1275 χρεία.
1526 1208 1664 1249 δυνα-

286 1263 418 1319 μένης
456 1267 532 1319 τῆς
563 1260 707 1313 Ἀσίας
745 1268 950 1332 χορηγεῖν
990 1263 1272 1315 ἀνεκλείπτως
1310 1269 1402 1314 τοῖς
1430 1268 1743 1317 apameno-295

288 1321 530 1390 γουμένοις
561 1319 702 1371 ξένοις
738 1319 815 1370 τὰς
852 1323 1161 1393 μισθοφορίας.
1226 1325 1365 1364 ταῦτα
1406 1319 1451 1363 65
1495 1323 1668 1375 διανοη-

210 1378 262 1419 10
289 1378 385 1427 θεις
412 1374 676 1431 Ιεροόνυμον
712 1375 791 1430 μὲν
831 1375 910 1419 τὸν
948 1377 1026 1428 τάς
1064 1379 1256 1447 ἱστορίας
1290 1375 1523 1433 γράψαντα
1551 1393 1668 1432 μετε-

288 1433 510 1488 πέμψατο,
556 1434 690 1488 φίλον
723 1431 829 1475 ὄντα
858 1433 932 1476 καὶ
958 1435 1141 1490 πολίτην
1171 1433 1426 1506 Εὐμένους
1434 1437 1514 1476 τοῦ
1548 1437 1668 1488 Καρ-

289 1492 447 1534 διανοῦ
487 1493 567 1533 τοῦ
610 1488 967 1544 συμπεφευγότος
1004 1494 1063 1542 εἰς
1098 1491 1147 1536 τό
1188 1494 1351 1548 χωρίον
1381 1489 1430 1533 τὸ
1461 1490 1669 1545 καλούμε-

287 1563 372 1594 νον
401 1549 556 1599 Νῶρα.
615 1550 777 1589 τοῦτον
808 1547 854 1590 65
884 1547 1088 1604 μεγάλαις
1126 1551 1310 1618 δωρεαῖς
1335 1546 1668 1617 προκαλεσάμε-

287 1620 365 1654 νος
396 1604 655 1654 ἐξαπέστειλε
684 1606 950 1674 πρεσβευτὴν
978 1605 1089 1659 πρὸς
1119 1606 1195 1649 τὸν
1225 1602 1427 1659 Εὐμένη,
1475 1620 1669 1659 παρακα-

208 1651 259 1695 15
288 1665 379 1704 λῶν
407 1664 484 1731 τῆς
513 1659 592 1715 μὲν
622 1660 722 1714 περὶ
752 1663 1076 1705 Καππαδοκίαν
1113 1661 1248 1718 μάχης
1281 1660 1519 1731 γενομένης
1558 1660 1669 1715 πρὸς

289 1715 426 1767 αὐτὸν
464 1716 784 1771 ἐπιλαθέσθαι,
824 1718 1030 1772 γενέσθαι
1072 1719 1118 1763 65
1159 1721 1290 1775 φίλον
1327 1718 1400 1761 καὶ
1439 1717 1670 1772 σύμμαχον

290 1773 432 1843 αὐτῷ,
478 1774 552 1817 καὶ
592 1775 743 1845 λαβεῖν
784 1774 948 1828 δωρεάς
977 1777 1330 1825 πολλαπλασίους
1361 1775 1423 1817 ὠν
1451 1775 1670 1828 πρότερον

288 1827 366 1899 ἦν
376 1828 564 1885 ἐσχηκως
596 1830 670 1873 καὶ
699 1833 964 1883 σατραπείαν
993 1834 1189 1887 μείζονα,
1224 1832 1298 1876 καὶ
1329 1830 1527 1874 καθόλου
1556 1846 1670 1885 πρω-

290 1885 476 1930 τεύοντα
505 1890 595 1928 τῶν
623 1885 731 1942 παρ’
764 1886 903 1945 ἐαυτῷ
947 1891 1089 1944 φίλων
1129 1886 1347 1933 κοινωνὸν
1384 1888 1560 1932 ἔσεσθαι
1597 1891 1672 1954 τῇς

209 1938 262 1977 20
293 1942 397 1998 ὅλης
432 1942 647 1998 ἐπιβολῆς.
718 1941 855 1994 εὐθύς
877 1933 939 1988 65
989 1947 1064 1989 καὶ
1100 1951 1188 1990 τῶν
1229 1946 1372 2000 φίλων
1410 1943 1672 1998 συναγαγών

293 1999 551 2055 συνέδριον,
581 2000 656 2044 καὶ
683 2001 781 2055 περὶ
810 2005 886 2057 τῆς
914 2006 1003 2045 τῶν
1032 2002 1147 2046 ὅλων
1176 2002 1379 2059 ἐπιβολῆς
1405 2000 1670 2056 κοινωσάμε-

290 2126 348 2163 87.
396 2125 685 2182 διαβοηθείσης]
711 2126 1023 2173 διαφημισθείσης
1051 2127 1193 2172 FQVW
1376 2124 1435 2160 88.
1482 2124 1545 2160 καὶ
1569 2124 1672 2167 κίνη-

293 2171 575 2216 σις-ἐπιβαλλ.
599 2184 669 2206 οιιι.
693 2175 774 2208 Bas.
931 2174 989 2210 89.
1023 2172 1270 2218 ἰδιοπραγεῖν]
1296 2176 1557 2215 καινοπραῃεῑν
1581 2172 1672 2214 FQV

475 2218 533 2252 90.
582 2216 604 2252 o‘
627 2231 694 2253 om.
718 2220 748 2254 F
917 2220 974 2254 98.
1023 2219 1333 2277 περιβαλλόμενος
1357 2219 1433 2252 FW
1458 2219 1560 2260 Bas..
1593 2228 1672 2252 cae-

293 2263 360 2298 teri
390 2262 690 2322 περιβαλόμενος
877 2266 957 2303 100.
1003 2264 1140 2313 αυτὸν]
1184 2266 1253 2301 αὐτ
1258 2264 1299 2300 ὸν
1329 2276 1448 2298 onmes
1639 2263 1671 2298 1.

292 2309 451 2354 δύναμιν
476 2311 634 2356 ἔχοντα]
672 2309 804 2356 ἔχοντα
828 2313 986 2358 δύναμιν
1014 2315 1043 2349 F
1233 2314 1266 2347 2.
1314 2312 1383 2346 τοῦ
1406 2323 1476 2345 οιιι.
1499 2311 1584 2345 Bas.

1304 2370 1346 2396 ας

383 2402 417 2436 4.
449 2400 533 2457 μὶν
556 2413 625 2436 οιιι.
651 2401 749 2436 Bas
917 2404 950 2440 6.
998 2403 1173 2450 ἑτοίμας]
1199 2404 1370 2448 ετοίμους
1393 2404 1423 2438 F
1607 2396 1674 2446 ἧλ-

291 2447 412 2491 πιζεν]
441 2443 485 2488 ὃς
509 2444 656 2492 ἤλπιζεν
681 2449 722 2490 F,
748 2444 772 2493 ἦ
795 2449 913 2492 πίεζεν
938 2452 1019 2485 Bas.

384 2493 464 2528 295.
496 2495 530 2529 8.
576 2495 855 2541 μισθοφορίας]
888 2495 1129 2546 μισθοφορὰς
1152 2496 1211 2529 Fv
1235 2499 1269 2529 et
1295 2499 1333 2529 ut
1357 2494 1493 2530 videtur
1516 2493 1562 2526 W

386 2539 442 2575 13.
465 2541 635 2584 προκαλ]
658 2546 832 2584 προςκαλ.
858 2544 932 2576 VW
1117 2541 1363 2598 ἐξαπέστειλε]
1391 2539 1575 2576 ἀπέστειλε
1599 2538 1673 2571 VW

482 2587 539 2620 19.
585 2585 707 2632 ἑαυτῷ
724 2589 813 2631 Fw,
837 2589 963 2623 caeteri
987 2587 1124 2624 ἑαυτοῦ
1309 2586 1397 2633 ὅλης
1421 2599 1490 2620 οιιι.
1514 2586 1570 2619 FV

390 2630 449 2664 20.
498 2634 736 2687 συναγαγων]
764 2633 932 2680 συνάγων
956 2637 986 2669 F
1147 2635 1206 2670 21.
1254 2632 1452 2682 ἐπιβολῆς]
1478 2630 1675 2668 ἐπιθέσεως

296 2677 516 2711 scribendum
540 2678 689 2720 videtur,
715 2683 752 2715 ut
775 2685 825 2717 est
849 2682 917 2717 vol.
942 2681 970 2716 Ι.
994 2693 1026 2728 p.
1051 2682 1109 2717 63.
1132 2681 1189 2716 8⁰.
1385 2675 1675 2735 κοινωσάμενος]

298 2723 622 2770 κοινωνησάμενος
643 2727 726 2761 Bas.
