1820 3249
273 249 388 296 1220
681 250 798 294 LlB.
827 249 957 294 XVII.
1016 252 1149 293 CAP.
1180 255 1235 294 86

190 347 247 386 8⁶
275 379 397 420 τραν.
457 360 482 406 6
521 361 563 407 6'
590 352 866 418 Ἀλέξανδρος
893 367 985 415 τοῖς
1013 368 1157 416 κενοῖς
1184 367 1266 408 τοῦ
1293 364 1489 419 πολέμου
1518 378 1654 407 κατα-

194 405 247 444 10
277 419 576 491 στρατηγήσας
603 420 708 471 τούς
736 419 905 472 Ἰνδους
933 422 1062 477 χωρὶς
1091 421 1303 465 κινδύνου
1329 422 1550 475 ἐκυρίευσε
1577 423 1654 473 τῆς

277 478 448 546 πέτρας
510 477 582 519 καὶ
614 481 674 536 τῷ
705 476 783 532 μὲν
807 476 1074 547 ὁδηγήσαντι
1105 478 1182 528 τὰς
1212 478 1546 548 ὡμολογημένας
1575 479 1656 518 δω-

278 534 387 605 ρεοές
419 523 663 586 ἀπέδωκεν,
709 533 842 585 αὐτὸς
873 534 918 577 65
958 533 1148 586 ἀνέζευξε
1178 536 1281 590 μετὰ
1313 540 1389 603 τῆς
1419 533 1655 599 δυνάμεως.

278 589 387 636 καθ’
421 589 472 634 δν
501 589 659 644 καιρόν
684 589 890 645 Ἀφρίκης
918 607 983 641 τις
1009 590 1169 644 Ἰνδός,
1214 592 1322 647 έχων
1345 591 1422 660 μὲν
1452 587 1657 643 στρατιώ-

196 654 248 698 15
278 664 354 700 τας
374 649 638 701 διςμυρίους,
669 646 906 717 ἐλέφαντας
935 647 980 691 65
1000 649 1316 699 πεντεκαίδεκα,
1348 646 1531 702 διέτριβε
1557 645 1657 698 περὶ

276 703 356 749 τὸν
385 702 534 749 τόπον.
593 707 751 746 τοῦτον
782 703 827 746 δέ
856 719 968 753 τινες
998 702 1223 755 ἀνελόντες
1252 705 1324 748 καὶ
1334 704 1432 775 τὴν
1461 702 1659 771 κεφαλὴν

279 760 419 807 αὐτοῦ
449 759 561 813 πρὸς
580 759 862 814 Ἀλέξανδρον
891 760 1140 814 ἐνέγκαντες
1170 761 1240 804 διοὲ
1261 759 1429 831 ταύτης
1443 764 1518 815 τῆς
1540 757 1659 828 εὐερ-

278 819 424 886 γεσίας
453 816 815 886 περιεποιησαντο
845 816 922 868 τοὶς
942 819 1054 868 ἰδίας
1074 819 1300 888 σωτηρίας.
1343 817 1366 859 6
1391 817 1436 860 65
1454 814 1659 886 βασιλεὺς

193 891 250 931 20
279 875 465 925 τούτους
505 890 549 916 τε
588 872 881 944 προςηγοέγετο
921 874 994 916 καὶ
1034 877 1123 916 τῶν
1162 873 1411 927 ἐλεφάντων
1439 872 1660 926 πλανωμέ-

280 947 371 975 νων
412 930 522 974 κατὰ
562 931 641 985 τὴν
682 931 826 998 χώραν
865 929 1127 1002 ἐκυρίευσεν.
1187 929 1317 981 αὐτὸς
1348 930 1393 973 65
1424 927 1660 983 παρελθων

281 989 350 1032 ἐπὶ
379 987 457 1030 τὸν
482 985 622 1029 Ἰνδὸν
650 985 862 1041 ποταμόν,
892 987 966 1030 καὶ
995 986 1265 1058 καταλαβων
1285 985 1363 1037 τάς
1390 1002 1436 1028 τε
1462 1001 1661 1055 τριακον-

280 1044 441 1099 τόρους
468 1044 869 1113 κατεσκευασμένας
897 1044 970 1086 καὶ
991 1043 1070 1087 τὸν
1089 1043 1230 1097 πόρον
1250 1043 1516 1115 ἐζευγμένον,
1547 1039 1662 1096 τριά-

280 1117 416 1146 κοντα
446 1101 525 1156 μὲν
553 1099 713 1155 ημέρας
743 1098 926 1170 ἀνέλαβε
955 1101 1033 1155 τὴν
1063 1100 1270 1154 δύναμιν,
1317 1103 1389 1144 καὶ
1419 1104 1509 1149 τοῖς
1538 1103 1662 1149 θεοῖς

196 1171 252 1213 25
281 1161 622 1229 μεγαλοπρεπεῖς
646 1158 900 1208 συντελέσας
921 1159 1082 1208 θυσίας
1100 1159 1317 1214 διεβίβασε
1333 1155 1414 1212 τὴν
1438 1154 1660 1208 στρατιάν,

281 1216 355 1259 καὶ
395 1214 616 1268 περιέπεσε
653 1213 886 1282 παραδόξῳ
929 1216 1184 1272 περιπετεία.
1249 1215 1434 1264 Ταξίλου
1462 1212 1546 1269 γὰρ
1581 1214 1662 1255 τοῦ

281 1271 503 1340 βασιλέως
516 1269 953 1341 προτετελευτηκότος
982 1272 1079 1322 υἷός
1110 1271 1249 1314 αὐτοῦ
1273 1273 1439 1324 Μῶφις
1470 1268 1664 1321 διαδεξά-

283 1344 417 1383 μενος
454 1344 534 1382 την
583 1326 722 1383 ἀρχὴν
765 1326 1026 1382 διεπέμψατο
1066 1327 1144 1383 μὲν
1181 1327 1256 1370 καὶ
1295 1326 1512 1380 πρότερον
1549 1324 1664 1379 πρὸς

280 1384 602 1437 Ἁλέξανδρον
587 1401 633 1428 εν
651 1401 703 1453 τη
723 1386 951 1454 Σογδιανη
977 1386 1269 1454 διατρίβοντα,
1300 1380 1667 1454 ἐπαγγελλόμενος

199 1457 254 1497 30
284 1440 404 1499 αὐτῷ
445 1442 781 1495 συστρατεύσειν
822 1440 890 1483 ἐπὶ
919 1439 1023 1491 τούς
1054 1439 1439 1509 ἀντιταττομένους
1468 1443 1556 1482 τῶν
1582 1437 1664 1482 Ἰν·-

286 1485 401 1550 δῶν,
451 1498 522 1541 καὶ
554 1497 649 1541 τότε
679 1497 880 1553 πρέσβεις
909 1493 1164 1549 ἀποστείλας
1193 1498 1354 1567 562726521
1384 1494 1504 1566 αὐτῷ
1532 1511 1666 1550 παρα-

285 1554 459 1599 διδόναι
487 1553 568 1609 τὴν
598 1555 834 1610 βασιλείαν.
880 1551 1149 1623 ἀποσχόντος
1170 1554 1214 1598 65
1235 1553 1549 1608 τετταράκοντα
1569 1564 1668 1596 στα-

287 1613 411 1662 δίους
450 1615 531 1654 τοῦ
570 1611 777 1667 βασιλέως
818 1609 996 1662 έκταξας
1033 1611 1113 1666 τήν
1143 1611 1331 1681 δύναμιν
1361 1609 1419 1662 ὠς
1448 1612 1507 1680 εἰς
1536 1609 1667 1653 πόλε-

201 1680 256 1723 35
285 1684 371 1725 μον
399 1667 474 1711 καὶ
501 1668 607 1718 τούς
637 1668 871 1723 ἐλέφαντας
892 1667 1135 1737 κοσμήσας,
1166 1667 1335 1736 ἀπήντα
1358 1666 1463 1737 μετὰ
1485 1670 1574 1710 τῶν
1598 1668 1668 1722 φί-

285 1729 390 1769 λων.
448 1723 472 1767 6
504 1723 550 1768 65
577 1724 853 1778 Ἀλέξανδρος
882 1723 1003 1778 ὁρῶν
1032 1729 1303 1779 προςιοῦσαν
1323 1723 1520 1795 μεγάλην
1538 1722 1669 1767 δύνα-

287 1798 370 1852 μιν
394 1780 704 1838 ἐκτεταγμένην
732 1785 995 1835 πολεμικως,
1042 1782 1116 1825 καὶ
1147 1781 1275 1832 δόξας
1304 1780 1382 1824 τὸν
1415 1780 1553 1824 Ἰνδὸν
1582 1780 1669 1823 έπι-

287 1837 458 1895 βούλως
486 1842 753 1908 πεποιησθαι
781 1838 858 1888 τὰς
891 1837 1168 1908 ἐπαγγελίας,
1197 1838 1318 1889 ὅπως
1347 1836 1671 1892 ἀπαρασκεύοις

287 1900 381 1946 τοῖς
409 1893 667 1938 Μακεδόσιν
697 1895 914 1964 ἐπίθηται,
943 1901 1036 1946 τοῖς
1064 1895 1144 1950 μὲν
1174 1899 1454 1950 σαλπιγκταῖς
1482 1909 1669 1964 παρεκε-

205 1964 260 2009 40
290 1951 473 1996 λεύσατο
505 1953 731 2022 σημαίνειν
770 1950 819 1994 τό
857 1951 1122 2023 πολεμικόν,
1172 1968 1278 2003 τους
1318 1951 1364 1995 65
1403 1952 1670 2005 στρατιώτας

291 2007 470 2061 ἐκτάξας
501 2006 669 2064 ἀπήντα
698 2012 789 2059 τοῖς
812 2006 974 2058 Ἰνδοῖς.
1036 2008 1059 2052 ὁ
1087 2009 1133 2053 65
1158 2012 1324 2064 Μῶφις
1355 2007 1472 2061 ὁρῶν
1494 2025 1573 2076 την
1597 2024 1669 2051 τα-

293 2065 446 2135 ραχὴν
460 2069 549 2108 τῶν
578 2064 855 2108 ΝΙακεδόνων
883 2065 958 2108 καὶ
995 2065 1046 2109 τὸ
1080 2065 1262 2122 γεγονός
1302 2064 1680 2137 συλλογιζόμενος,-

292 2122 375 2191 τὴν
402 2121 481 2177 μὲν
510 2120 717 2194 δύναμιν
729 2121 965 2173 κατέλιπεν,
998 2122 1130 2173 αὐτὸς
1161 2123 1206 2165 65
1225 2138 1301 2179 μετ
1310 2120 1498 2176 ’ὀλίγων
1514 2128 1667 2191 προϊπ-
1679 2127 1747 2162 228

210 2190 266 2235 45
295 2178 458 2229 πεύσας
486 2179 561 2222 καὶ
588 2178 667 2249 τὴν
698 2177 883 2248 ἄγνοιαν
903 2182 992 2222 τῶν
1015 2178 1292 2224 Μακεδόνων
1316 2176 1672 2234 διορθωσάμενος

295 2234 573 2305 παρέδωκεν
597 2234 755 2278 ἑαυτόν
800 2251 845 2278 τε
891 2235 965 2278 καὶ
1014 2253 1094 2291 την
1142 2235 1329 2290 δύναμιν
1378 2252 1437 2292 τῳ
1489 2236 1670 2290 βασιλεῖ.

293 2291 460 2363 ἡσθεὶς
473 2292 520 2336 65
550 2289 573 2335 6
600 2289 879 2344 Ἀλέξανδρος
910 2308 990 2347 την
1018 2309 1062 2336 τε
1093 2294 1316 2351 βασιλείαν
1346 2280 1569 2336 ἀπέδωκεν
1597 2291 1673 2335 αύ-

295 2353 355 2406 τῷ
393 2348 465 2392 καὶ
502 2347 573 2407 τὸ
581 2347 749 2403 λοιπόν
799 2348 971 2393 διετέλει
1010 2349 1151 2420 τούτῳ
1192 2345 1306 2406 φίλῳ
1351 2349 1426 2393 καὶ
1464 2347 1672 2412 συμμάχω

296 2403 535 2476 χρώμενος,
560 2396 632 2451 καὶ
662 2403 968 2460 μετωνόμασεν
1005 2405 1142 2450 αὐτόν
1176 2394 1372 2462 Ταξίλην.
1427 2409 1566 2451 ταῦτα
1593 2407 1674 2463 μὲν

219 2474 272 2517 50
303 2464 386 2506 οὐν
413 2461 608 2519 ἐπράχθη
635 2461 746 2506 κατὰ
774 2465 933 2506 τοῦτον
960 2462 1038 2507 τόν
1066 2463 1283 2508 ἐνιαυτόν.

298 2564 333 2599 9.
381 2565 520 2610 κενοῖς]
555 2568 699 2606 καινοῖς
715 2565 799 2599 Bas.
982 2566 1039 2600 11.
1088 2564 1393 2611 ωμολογημένας]
1428 2564 1674 2612 ὁμολογουμέ-

300 2623 368 2650 νοις
402 2612 431 2644 F
627 2612 682 2645 13.
728 2610 922 2655 Ἄφρίκης]
957 2613 1102 2655 ΛρΙιίοοε
1125 2614 1153 2646 C
1155 2625 1190 2645 οι·
1177 2625 1257 2656 *pus
1450 2614 1506 2648 15.
1552 2625 1676 2648 πεντε-

302 2658 478 2701 καίδεκα]
512 2656 756 2693 ἑπτακαίδεκα
780 2658 862 2697 FI,
897 2659 1058 2691 ίιεᾱεείιη
1084 2660 1150 2693 Cos
1136 2671 1216 2701 pus
1396 2660 1453 2693 1⁴).
1498 2658 1673 2702 τούτους]

303 2703 391 2744 τούς
415 2705 496 2737 Bas.
676 2703 734 2738 21.
781 2703 844 2738 καὶ
867 2716 946 2737 κατ.
966 2702 1031 2743 τάς
1054 2706 1115 2749 τε]
1146 2718 1225 2739 κατ.
1249 2717 1287 2741 τε
1309 2718 1374 2746 τας
1397 2707 1426 2739 F
1616 2705 1676 2739 32.

303 2762 572 2792 τετταρακοντα
593 2751 636 2792 F,
665 2748 943 2792 τεσσαράκοντα
959 2751 1097 2794 caetea,
1120 2764 1146 2794 μ
1167 2752 1250 2786 Bas.
1433 2752 1489 2786 37.
1535 2747 1674 2794 Ἰνδόν]

305 2808 481 2842 κίνδυνον
514 2808 597 2840 Bas.
790 2806 847 2842 38.
893 2804 981 2851 τοὶς]
1015 2807 1076 2843 καὶ
1099 2806 1165 2849 τὰς
1185 2809 1215 2842 F
1406 2807 1679 2854 ἀπαρασκεύοις

305 2853 520 2896 Stephanus:
541 2851 625 2886 libri
648 2850 909 2898 ἀπαρασκεύως
1090 2854 1146 2891 39.
1194 2857 1447 2902 σαλπιγκταῖς]
1484 2859 1676 2900 σαλπιγγη-

304 2903 386 2939 ταῖς
409 2900 490 2934 Bas.
674 2899 731 2934 42.
778 2899 853 2934 τῶν
876 2910 945 2934 om.
972 2899 1052 2934 Bas.
