1820 3249
153 1025 207 1067 40

150 1531 204 1574 50

149 1813 203 1855 55

120 1873 203 1911 113

149 2045 204 2083 60

246 178 356 217 1246
579 172 697 213 Lm.
730 170 857 213 xvn.
915 171 1045 212 cAP.
1075 174 1170 214 112
1200 175 1292 215 113.

242 284 390 341 τρόπῳ
418 285 504 356 τὴν7
529 285 588 334 εἷς
615 282 694 338 τὴν
719 282 848 326 πόλιν
878 284 1049 333 ε’ίςοδον
1077 281 1362 354 ποιήσασθαι.
1403 284 1622 330 δύνασθαι

243 342 290 386 δ’
319 341 458 385 αὐτόν
488 342 695 410 ἐκφυγεῖν
724 339 818 382 τὸν
835 341 1059 390 κίνδυνον,
1090 340 1166 383 ἐὰν
1198 339 1419 409 ἀναστήσῃ
1449 342 1528 384 τόν
1547 359 1620 386 κα·

241 399 519 468 θηρημένον
535 397 622 439 ὑπὸ
657 400 841 449 Περσῶν
867 401 948 438 τοῦ
992 396 1141 452 Βήλου
1170 397 1315 452 τάφον
1344 399 1417 440 καὶ
1446 398 1524 453 τὴν
1554 402 1618 454 βε-

242 456 543 525 βουλευμένην
580 453 686 496 ὁδὸν
723 453 954 508 ἐπιστήσας
990 453 1187 509 παρέλθῃ
1226 455 1304 510 τήν
1332 453 1474 497 πόλιν.
1531 460 1619 498 τῶν

240 513 286 556 δὲ
317 511 649 554 ἀποσταλέντων
678 512 910 553 Χαλδαίων
949 509 972 552 ὁ
1004 512 1282 563 προκριθείς,
1324 509 1465 580 ὄνομα
1494 515 1618 555 Βελε-

236 585 430 626 φαντης,
461 572 521 621 τῷ
551 567 642 636 μὲν
660 570 829 622 βασιλεῖ
856 570 1085 609 συνελθεῖν
1114 568 1172 614 εἷς
1201 567 1360 621 λόγους
1390 565 1473 610 οὐκ
1503 568 1618 612 ἐτόλ-

235 636 340 681 μησε
371 623 444 668 διὰ
473 624 551 666 τὸν
582 622 747 694 φόβον,
800 623 990 692 Νεάρχῳ
1027 620 1069 665 δ’
1111 621 1174 665 ἑνὶ
1212 628 1299 666 τῶν
1330 622 1616 679 Ἀλεξανδρου

236 684 381 752 φίλων
420 679 519 723 κατ’
558 682 675 723 ἰδίαν
704 679 894 734 ἐντυχών
923 679 997 721 καὶ
1025 677 1078 721 τοὶ
1109 679 1219 722 κατὰ
1252 679 1382 734 μέρος
1415 680 1614 736 ἀπαγγεί-

236 743 325 790 λας,
355 736 482 793 ἠξίου
513 739 704 792 δηλῶσαι
733 740 794 791 τῷ
826 739 1002 803 βασιλεῖ.
1057 733 1080 778 6
1112 734 1155 778 δ’
1182 734 1464 806 Ἀλέξανδρος
1488 737 1615 781 οἰκού-
1626 748 1694 786 249

239 807 318 846 σας
357 794 478 847 παρα
514 798 594 836 τοῦ
637 781 842 847 Νεάρχου
879 791 962 863 την
991 795 1079 834 τῶν
1110 794 1342 835 Χαλδαίων
1373 795 1616 862 πρόρρησιν

237 851 505 906 κατεπλάγη
556 850 627 892 καὶ
669 853 834 904 μᾶλλον
864 847 931 891 ἀεὶ
959 848 1038 916 τὴν
1069 847 1295 903 ἀγχίνοιαν
1324 853 1412 891 τῶν
1442 849 1617 905 ανδρῶν

237 910 311 952 καὶ
341 907 474 959 δόξαν
504 904 866 960 αναλογιζόμενος
896 904 1147 959 ἐταράττετο
1176 921 1256 960 την
1278 906 1437 974 ψυχήν.
1491 909 1618 959 τέλος

237 965 283 1008 65
321 964 426 1014 τοὺς
463 962 656 1013 πολλοὺς
695 966 784 1004 τῶν
822 963 965 1016 φίλων
995 960 1249 1012 αποστείλας
1282 963 1340 1012 εἰς
1370 961 1450 1018 τήν
1487 964 1616 1007 πόλιν

238 1019 369 1071 αὐτὸς
399 1022 458 1071 εἰς
488 1019 624 1075 ἄλλην
655 1016 853 1088 ἀτραπὸν
880 1018 1124 1074 παρήλλαξε
1151 1018 1231 1074 τήν
1255 1022 1513 1073 Βαβυλῶνα,
1543 1021 1617 1064 καὶ

236 1075 722 1132 καταστρατοπεδεύσας
744 1073 830 1118 ἀπό
850 1077 1039 1118 σταδίων
1063 1077 1299 1118 διακοσίων
1318 1074 1502 1131 ἡσυχίαν
1519 1077 1613 1134 εἶχε

235 1150 416 1178 παντων
459 1134 506 1176 δὲ
549 1131 868 1185 θαυμαζόντων
911 1133 1025 1187 ἡκον
1073 1131 1186 1185 πρὸς
1227 1131 1364 1175 αὐτόν
1406 1133 1529 1176 α’λλοι
1568 1150 1614 1178 τε

236 1193 414 1241 πλείους
450 1206 539 1233 των
574 1188 792 1249 Ελλήνων
820 1189 895 1232 καὶ
924 1205 1014 1231 των
1043 1186 1303 1244 φιλοσόφων
1333 1190 1376 1232 οἱ
1406 1191 1507 1243 περὶ
1535 1190 1613 1234 τὸν

237 1248 512 1303 Ἀνάξαρχον.
576 1249 702 1289 οὑτοι
731 1245 776 1288 δὲ
807 1245 1023 1300 μαθόντες
1052 1245 1132 1301 τὴν
1163 1246 1319 1297 αἰτίαν,
1352 1246 1427 1289 καὶ
1455 1252 1546 1298 τοῖς
1566 1247 1614 1291 ἐκ

238 1306 504 1372 φιλοσοφίας
532 1302 679 1373 λόγοις
707 1302 972 1358 χρησάμενοι
1000 1302 1209 1357 ἐνεργῶς,
1249 1306 1465 1345 τοσουτον
1488 1305 1614 1359 μετέ-

235 1368 383 1418 θηκαν
424 1359 562 1404 αυτὸν
600 1359 703 1410 ὥςτε
741 1363 1076 1413 καταφρονῆσαι
1115 1359 1194 1413 μὲν
1221 1360 1362 1414 πάσης
1390 1363 1613 1431 μαντικῆς,

236 1420 421 1488 μάλιστα
465 1418 512 1460 65
555 1421 631 1472 τῆς
667 1416 786 1470 παρὰ
826 1417 1065 1466 ’Χαλδαίοις
1111 1416 1455 1485 προτιμωμένης.
1524 1417 1613 1461 διό-

234 1490 315 1528 περ
346 1473 370 1519 ὁ
401 1473 617 1542 βασιλεύς,
648 1472 826 1527 ὦςπερεὶ
858 1472 1124 1526 τετρωμένος
1153 1471 1232 1540 τήν
1261 1472 1406 1528 ψυχὴν
1433 1473 1506 1517 καὶ
1523 1479 1614 1526 τοῖς

234 1548 323 1575 των
352 1529 615 1599 φιλοσόφων
644 1529 792 1584 λόγοις
820 1528 1059 1584 υγιασθείς,
1091 1531 1150 1579 εἰς
1178 1528 1257 1584 τήν
1277 1532 1529 1600 Βαβυλῶνα
1543 1547 1613 1586 με·

232 1588 287 1632 τὰ
324 1592 424 1657 τῆς
441 1585 667 1641 δυναμεως
695 1587 895 1642 εἰςῆλθε..
934 1589 1024 1629 τῶν
1053 1585 1099 1629 δὲ
1134 1585 1373 1641 ἐγχωρίων,
1411 1585 1614 1656 καθαπερ

232 1645 307 1689 καὶ
337 1643 567 1699 πρότερον,
611 1643 956 1712 φιλανθρώπως
972 1642 1309 1712 ὑποδεχομένων
1344 1642 1450 1694 τούς
1479 1656 1611 1699 στρα-

232 1701 391 1752 τιώτας
422 1700 608 1750 ἅπαντες
638 1700 848 1756 ω’ρμησαν
876 1698 986 1754 πρὸς
1015 1697 1166 1742 ἄνεσιν
1196 1700 1270 1742 καὶ
1290 1700 1479 1756 τρυφήν,
1510 1706 1612 1744 πολ-

232 1762 310 1829 λης
338 1762 425 1801 τῶν
454 1758 706 1830 ἐπιτηδείων
741 1755 1146 1825 παρεσκευασμένης
1183 1757 1418 1808 δαψιλείας.
1475 1761 1613 1802 ταῦτα

234 1816 312 1872 μὲν
342 1821 427 1858 οὐν
456 1813 650 1884 ἐπράχθη
681 1830 790 1857 κατα
820 1817 980 1856 τοῦτον
1008 1812 1086 1855 τὸν
1116 1812 1331 1856 ἐνιαυτόν.

343 1869 436 1915 Ἐπ’
470 1870 681 1926 α’ρχοντος
710 1868 750 1913 δ’
779 1868 1011 1925 Ἀθήνησιν
1034 1868 1234 1924 Ἀγησίου
1259 1869 1469 1941 Ῥωμαῖοι
1492 1871 1610 1915 κατέ-

232 1940 403 1999 στησαν
422 1926 619 1978 ὑπατους
649 1925 786 1970 Γαῖον
816 1926 1065 1997 Ποιτήλιον
1083 1926 1158 1969 καὶ
1188 1928 1433 1980 Παπίριον,
1459 1925 1608 1983 Ὀλυμ-

231 1986 333 2036 πιὰς
363 1983 403 2028 δ’
434 1985 548 2041 ἤχθη
575 1983 755 2039 τετάρτη
785 1984 894 2038 πρὸς
922 1988 1017 2034 ταῖς
1045 1982 1204 2026 ἑκατὸν
1233 1984 1306 2026 καὶ
1337 1985 1459 2035 δέκα,
1497 1984 1606 2028 καθ’

233 2042 308 2112 ὴν
318 2042 438 2085 ἐνίκα
472 2042 651 2084 στάδιον
680 2042 876 2091 Μικίνας
902 2039 1082 2091 Ῥόδιος.
1141 2056 1254 2083 κατα
1283 2039 1330 2083 δὲ
1360 2041 1609 2084 τοῦτοντόν

228 2098 391 2168 χρόνον
419 2098 461 2149 ἐξ
492 2111 660 2153 απασης
690 2097 845 2153 σχεδόν
873 2101 948 2152 τῆς
977 2097 1236 2152 οἰκουμένης
1263 2098 1372 2152 ἡκον
1395 2097 1608 2167 πρέσβεις,

231 2173 274 2198 οι
303 2155 381 2212 μὲν
412 2157 719 2210 συγχαίροντες
748 2154 816 2197 ἐπὶ
844 2159 937 2204 τοῖς
965 2153 1328 2209 κατορθώμασιν,
1372 2155 1417 2196 οἱ
1446 2155 1491 2197 δὲ
1521 2166 1609 2198 στε-

230 2216 501 2269 φανοῦντες,
551 2211 674 2255 ἄλλοι
712 2210 758 2254 δὲ
799 2212 945 2267 φιλίας
981 2212 1070 2254 καὶ
1092 2211 1335 2267 συμμαχίας
1371 2211 1606 2267 τιθέμενοι,

228 2362 287 2398 26.
335 2358 375 2397 δ’
402 2361 433 2395 F
591 2359 650 2395 28.
698 2358 766 2405 τήν
789 2359 845 2406 β.]
880 2360 914 2404 β.
937 2359 1019 2393 Bas.
1186 2358 1243 2393 32.
1292 2356 1332 2393 δ’
1358 2356 1434 2403 ἐνὶ]
1469 2358 1510 2395 δέ
1532 2373 1606 2396 τινι

227 2409 287 2442 Fh
470 2405 527 2441 33.
572 2404 619 2441 vo}
643 2418 712 2440 om.
737 2408 819 2440 Bas.

318 2453 398 2488 249.
432 2450 488 2486 39.
539 2452 588 2492 εἰς
611 2454 785 2488 0111.Βῆ8.
942 2448 1166 2496 παρήλλαξε]
1190 2451 1489 2497 μεταπαρήλλαξε
1511 2452 1606 2496 FLQ

386 2498 443 2532 44.
490 2497 612 2543 λόγοις
633 2496 872 2544 χρησάμενοι]
897 2497 1036 2530 invertit
1060 2498 1088 2530 F
1269 2498 1327 2531 47.
1375 2500 1603 2544 Χαλδαίοις]

224 2547 303 2585 τοῖς
338 2545 542 2585 Χαλδαιοις
573 2546 600 2578 L
852 2543 911 2577 48.
959 2540 1096 2587 ὥςπερ]
1134 2540 1282 2587 ὦςπερεὶ
1316 2545 1347 2578 Ε
1543 2546 1604 2581 49.

225 2588 438 2647 υγιασθεὶς]
462 2588 645 2635 υπαχθεὶς
667 2591 734 2625 TY
759 2590 843 2624 Bas.
1066 2589 1122 2623 50.
1170 2587 1209 2624 δ’
1243 2591 1326 2623 Bas.
1543 2591 1601 2627 52.

227 2636 398 2682 ἅπαντες]
424 2636 556 2677 πάντες
579 2639 607 2670 F
790 2635 847 2670 56.
892 2632 1078 2679 Ἅγησίου]
1103 2637 1340 2680 Συναγησίου
1363 2637 1448 2672 Bas

224 2685 282 2720 57.
332 2683 533 2727 Ποιτήλιον
554 2683 692 2717 Livius:
719 2683 901 2717 Ποπίλιον
928 2682 1019 2725 FLQ
1044 2683 1188 2726 Cospus,
1217 2682 1347 2717 caeteli
1369 2682 1537 2718 Πόπλιον

315 2731 511 2774 παπείριον
543 2731 573 2763 F
757 2729 813 2762 59-
863 2726 1015 2762 στάδιον
1038 2740 1107 2762 om.
1131 2729 1163 2761 T
1186 2730 1284 2772 Bas„
1318 2730 1482 2764 asterisco
1503 2731 1605 2763 nota-

225 2776 277 2811 vit
299 2777 498 2822 Stephanus
684 2774 865 2818 Μικίνας]
894 2775 1068 2819 Μηκίνας
1099 2774 1158 2809 FL
1339 2774 1398 2810 61.
1446 2776 1513 2821 τῆς
1533 2786 1603 2811 om.

226 2824 309 2860 Bas.
458 2840 462 2842 “
