1820 3249
283 80 392 119 1292
618 76 735 120 LIB.
764 76 910 119 XVIII.
968 79 1045 121 CA
1058 79 1102 121 P.
1131 82 1197 122 36.
1228 82 1294 122 37.

282 186 431 257 διόπερ
461 190 628 244 πρῶτοι
656 191 744 232 τῶν
773 187 998 260 ἡγεμόνων
1027 189 1271 261 ἀπέστησαν
1301 189 1359 241 ὥς
1386 188 1555 241 ἑκατόν,
1585 184 1648 234 ὦν

281 240 336 301 ἦν
375 245 712 298 ἐπιφανέστατος
755 246 923 290 Πύθων
962 245 985 290 ὁ
1015 248 1117 298 τούς
1147 246 1417 297 ἀποστάντας
1435 247 1648 317 Ἕλληνας

280 301 660 356 καταπολεμήσας,
693 301 872 352 οὐδενός
903 304 948 347 δὲ
977 308 1065 347 τῶν
1091 304 1371 358 Ἀλεξάνδρου
1400 302 1649 359 λειπόμενος

284 362 427 414 φίλων
463 357 595 416 ἀρετῇ
630 375 675 402 τε
707 360 779 403 καὶ
809 359 926 429 δόξῃ
981 360 1086 432 μετὰ
1116 361 1162 404 δὲ
1190 365 1327 404 ταῦτα
1356 361 1429 403 καὶ
1460 364 1548 402 τῶν
1578 362 1649 402 ἱπ-

199 421 255 460 20
288 417 404 458 πέων
443 417 554 465 τινὲς
593 416 977 472 συμφρονήσαντες
1014 417 1083 460 ἐπὶ
1104 417 1199 487 τήν
1235 417 1401 486 σκηνήν
1432 420 1514 460 τοῦ
1545 420 1652 469 Περ-

283 474 437 516 δίκκου
466 486 758 528 κατηντησαν,
798 475 868 517 καὶ
897 473 1209 547 nppgn866vz8g
1243 473 1403 528 ἀθρόοι
1431 474 1652 544 κατέσφα-

284 530 362 581 ξαν
398 527 477 571 τὸν
513 532 774 582 Περδίκκαν.
832 535 885 587 τῆ
926 529 965 573 δ’
996 529 1203 587 ὑστεραία
1239 529 1467 600 γενομένης
1503 529 1651 584 ἐκκλη-

284 587 380 636 σίας
409 584 433 628 ὁ
466 589 731 641 Πτολεμαῖος
761 586 951 641 καταβας
979 587 1052 630 καὶ
1081 587 1183 636 τούς
1215 586 1478 637 Μακεδόνας
1518 585 1653 629 ασπα-

285 642 469 698 σάμενος
499 645 598 696 περί
625 659 669 685 τε
698 647 784 685 τῶν
813 643 933 686 καθ
953 642 1088 686 αὑτὸν
1116 643 1438 699 απελογήσατο,
1468 644 1540 686 καὶ
1564 647 1654 686 τῶν

201 702 255 744 25
285 700 537 754 ἐπιτηδείων
566 699 875 742 ἐκλελοιπότων
904 698 1134 756 ἐχορήγησε
1165 700 1285 742 σῖτόν
1313 716 1357 742 τε
1387 703 1545 755 δαψιλῆ
1560 703 1655 750 ταῖς

293 756 503 810 δυνάμεσι
532 756 604 799 καὶ
632 772 721 798 των
750 755 894 799 ἄλλων
921 758 1173 811 ἐπιτηδείων
1212 755 1430 810 ἐπληρωσε
1470 756 1547 811 τὴν
1578 773 1656 798 πα-

291 811 518 869 ρεμβολήν.
576 813 758 868 μεγάλης
788 813 834 856 δὲ
862 812 1090 868 τυγχάνων
1119 813 1350 866 αποδοχῆς,
1380 813 1452 855 καὶ
1466 811 1657 866 δυνάμε-

287 886 365 919 νος
403 872 625 938 παραλαβε
631 874 678 939 iv,
708 869 787 925 τήν
823 869 1063 925 ἐπιμέλειαν
1102 875 1190 912 τῶν
1227 869 1438 924 βασιλέων
1479 867 1548 912 δια
1578 869 1658 922 τήν

286 930 367 968 τοῦ
405 925 601 980 πλήθους
639 925 834 978 εὔνοιαν,
881 926 1042 969 τούτου
1083 943 1161 996 μεν
1192 925 1273 968 οὐκ
1305 926 1489 981 ὠρέχθη,
1518 929 1580 995 τῷ
1611 924 1656 968 δὲ

203 989 257 1029 30
288 980 479 1025 Πύθωνι
514 983 586 1025 καὶ
611 981 840 1041 Ἀρριδαίω
867 982 1055 1056 χάριτας
1073 983 1263 1038 ὀφείλων
1293 970 1658 1036 συγκατεσκεύασε

286 1040 365 1094 τὴν
411 1055 500 1081 των
541 1039 657 1082 ὅλων
700 1040 943 1095 ἡγεμονίαν.
1012 1041 1055 1082 οἱ
1088 1040 1170 1096 γὰρ
1208 1038 1462 1089 Μακεδόνες
1498 1042 1660 1094 βουλῆς

285 1097 567 1151 προτεθείσης
608 1097 706 1149 περὶ
741 1113 816 1152 της
852 1096 1107 1152 ἡγεμονίας,
1153 1096 1224 1140 καὶ
1255 1097 1660 1152 συμβουλεύσαντος

287 1154 590 1207 Πτολεμαίου,
644 1169 802 1204 παντες
841 1153 1082 1209 προθύμως
1123 1155 1288 1197 εἴλοντο
1328 1169 1416 1196 των
1447 1153 1658 1220 βασιλέων

203 1216 256 1257 85
286 1208 540 1265 ἐπιμελητας
579 1208 906 1265 αὐτοκράτορας
948 1210 1149 1253 Πύθωνα
1190 1211 1264 1253 καὶ
1301 1208 1545 1263 Ἀρριδαιον
1582 1207 1660 1251 τὸν

284 1266 335 1310 τὸ
375 1278 498 1320 σωμα
536 1270 617 1308 τοῦ
646 1267 853 1322 βασιλέως
881 1269 1246 1335 κατακομίσαντα.
1310 1268 1553 1319 Περδίκκας
1581 1281 1660 1318 μεν

286 1325 369 1366 οὐν
410 1322 542 1395 ἄρξας
567 1324 649 1392 ἔτη
687 1325 786 1394 τρία
826 1327 985 1366 τοῦτον
1031 1324 1107 1366 τὸν
1153 1323 1319 1379 τρόπον
1358 1321 1543 1380 ἀπέβαλε
1579 1320 1660 1378 τὴν

282 1377 519 1447 ἡγεμονίαν
549 1396 637 1433 αμα
666 1380 739 1421 καὶ
770 1378 849 1434 τὴν
878 1379 1032 1436 ψυχήν.

199 1443 256 1482 :37
397 1435 524 1479 Mam
574 1435 619 1478 68
667 1435 749 1491 τὴν
784 1435 946 1480 τούτου
986 1436 1188 1493 τελευτήν
1227 1435 1362 1487 εὐθὺς
1399 1431 1510 1491 ἧκόν
1546 1450 1660 1485 τινες

200 1498 256 1540 40
286 1490 628 1547 ἀπαγγέλλοντες
667 1492 734 1536 ὅτι
775 1492 1054 1546 παρατάξεως
1092 1494 1323 1549 γενομένης
1353 1493 1450 1546 περὶ
1483 1494 1662 1533 Καππα-

284 1552 441 1593 δοκίαν
471 1548 670 1619 Εὐμένης
697 1551 907 1606 νενίκηκε,
923 1550 1162 1605 Κράτερος
1192 1551 1237 1594 68
1266 1555 1336 1592 καὶ
1359 1548 1662 1618 Νεοπτόλεμος

283 1606 536 1662 ἡττηθέντες
575 1604 826 1662 οἷνῃρηνται.
884 1608 1015 1651 τοῦτο
1048 1607 1089 1650 δ’
1123 1610 1158 1651 εί
1193 1608 1291 1650 δυσὶ
1320 1606 1536 1659 πρότερον
1564 1603 1661 1659 ημέ-

286 1680 383 1716 ραις
412 1663 576 1718 ἐγένετο
605 1668 682 1718 τῆς
715 1665 963 1717 Περδίκκου
992 1668 1200 1718 τελευτης,
1231 1662 1374 1713 οὐδεὶς
1404 1662 1460 1705 οἳυ
1490 1660 1661 1717 ἐτόλμη-

287 1733 332 1763 σε
361 1737 438 1770 τας
466 1725 609 1776 χεῖρας
641 1723 863 1777 Περδίκκα
888 1726 1185 1774 προςενεγκεῖν
1215 1719 1287 1763 δια
1318 1719 1364 1762 τὸ
1386 1719 1566 1787 μέγεθος
1586 1722 1661 1773 τῆς

201 1783 256 1826 45
286 1775 528 1847 εὐημερίας.
600 1778 644 1820 οἱ
682 1776 727 1819 δ’
766 1775 849 1820 οὖν
893 1779 1145 1828 Μἀκεδόνες
1191 1776 1438 1831 πυθόμενοι
1476 1774 1528 1818 τὰ
1564 1773 1663 1827 περὶ

284 1832 362 1876 τὸν
383 1832 595 1901 Εὐμένη,
637 1834 913 1886 κατέγνωσαν
949 1833 1087 1878 αὐτοῦ
1117 1833 1316 1877 θάνατον
1345 1834 1416 1876 καὶ
1447 1848 1535 1874 των
1563 1830 1663 1883 περὶ

284 1888 422 1933 αὐτόν
451 1890 679 1944 ἐπιφανων
709 1889 883 1945 ανδρῶν
913 1890 1215 1961 πεντήκοντα,
1232 1891 1278 1934 ἐν
1308 1887 1373 1939 οἷς
1397 1893 1452 1945 ἡν
1473 1889 1546 1932 καὶ
1572 1886 1662 1930 Ἀλ-

283 1946 415 1997 κε’τας
436 1945 475 1990 6
493 1946 684 2001 αδελφὸς
714 1951 793 1989 τοῦ
826 1950 1087 2000 Περδίκκου
1138 1947 1391 1991 ἀπέκτειναν
1412 1949 1457 1989 δὲ
1479 1945 1549 1987 καὶ
1572 1960 1662 1986 των

285 2005 428 2057 φίλων
457 2002 538 2046 τοῦ
570 2005 818 2056 Περδίκκου
850 2021 956 2055 τους
986 2004 1170 2073 μαλιστα
1193 2016 1473 2067 πιστοτατους
1489 2001 1561 2044 καὶ
1582 2016 1661 2055 την

201 2064 256 2107 50
287 2058 482 2116 ἀδελφὴν
523 2059 661 2102 αὐτοῦ
694 2058 977 2129 Ἀταλάντην,
1019 2059 1075 2116 ἣν
1110 2078 1165 2117 ην
1194 2059 1441 2115 γεγαμηκὼς
1461 2057 1663 2106 ’Ἄτταλος

286 2117 310 2160 ὁ
361 2120 442 2160 τοῦ
496 2116 657 2159 στόλου
705 2115 785 2171 την
836 2115 1091 2188 ἡγεμονίαν
1119 2116 1412 2184 παρειληφώς.
1472 2113 1578 2182 μετοὶ
1616 2114 1666 2156 ὑὲ

284 2190 365 2243 την
413 2172 637 2227 ἀναίρεσιν
682 2178 762 2216 τοῦ
801 2176 1050 2226 Περδίκκου
1078 2171 1288 2224 ’Ἀτταλος
1324 2171 1347 2216 6
1386 2175 1465 2215 τοῦ
1503 2168 1662 2214 στόλου

282 2230 363 2284 τήν
401 2228 639 2298 ηγεμονίαν
676 2230 784 2299 ἔχων
825 2233 1009 2286 διέτριβε
1048 2248 1143 2300 μεν
1163 2231 1261 2301 περὶ
1302 2229 1350 2272 tox
1393 2226 1662 2283 Πηλούσιον,

285 2286 344 2337 ὠς
396 2286 437 2330 δ’
487 2285 674 2329 ἐπύθετο
724 2286 804 2343 τὴν
850 2292 930 2356 τῆς
964 2287 1176 2358 γυναικὸς
1210 2286 1434 2340 οΞναί-ρεσιν
1473 2284 1545 2327 καὶ
1582 2286 1664 2326 τοῦ

200 2349 254 2393 55
287 2345 559 2400 Περδίκκου,
602 2343 680 2387 τὸν
710 2344 867 2388 στόλον
897 2343 1133 2400 ἀναλαβών
1160 2343 1380 2397 ἐξέπλευσε
1407 2342 1482 2385 καὶ
1508 2339 1664 2396 κατήν-

286 2535 343 2571 15.
391 2534 543 2580 διόπερ]
578 2535 673 2572 διότι
695 2538 755 2572 Fv
926 2565 928 2568 Α
961 2538 1137 2594 πρῶτοι]
1157 2548 1300 2581 πρωτοι
1320 2549 1387 2581 μεν
1415 2537 1458 2570 W

285 2584 341 2617 16.
390 2580 624 2623 ἀποστάντας
657 2584 951 2618 Rhodomannus:
991 2585 1077 2617 libri
1115 2581 1280 2623 ἅπαντας
1508 2580 1566 2616 25.
1614 2582 1664 2614 σῖ-

284 2628 351 2664 τόν
374 2642 412 2663 τε
436 2630 527 2670 FW,
553 2631 681 2664 caeteri
707 2634 808 2665 σῖτον
991 2631 1048 2667 29.
1096 2628 1246 2666 εὔνοιαν
1272 2630 1304 2663 'I
1327 2630 1428 2669 Bm,
1453 2627 1580 2662 meteri
1605 2623 1665 2660 εὔ-

286 2688 394 2709 νοιαν
419 2674 635 2721 βιαζόμενος
842 2676 900 2710 33.
923 2676 927 2680 ’
948 2676 1113 2721 εἴλοντο]
1149 2677 1292 2712 εἵλαντο
1318 2677 1399 2709 Bas.
1605 2671 1662 2704 41-

286 2721 492 2769 ἀνῄρηνται
518 2723 637 2763 ΕΠΝ,
663 2723 791 2757 caeteri
816 2720 1004 2769 οἷνῄρηντο
1190 2723 1246 2759 52.
1295 2718 1315 2757 6
1338 2720 1425 2765 τοῦ]
1451 2720 1520 2755 τοῦ
1542 2719 1624 2752 Bae.
