1820 3249
505 193 742 236 L1B.Xx.
800 193 1073 236 CAP.0.7.=
1372 197 1484 239 1459

101 309 239 365 όίκῳ
257 307 310 355 vo}
347 310 423 364 τῆς
450 300 650 356 δουλείας
687 303 824 348 δεινά.
882 273 1198 374 καθορωμένης
1225 305 1273 349 δὲ
1297 308 1375 363 τῆς
1407 310 1481 351 Λι-

104 352 245 422 βύης,
268 360 636 433 παρακελευσμὸς.
664 360 826 431 ἐγίνετο
856 367 963 413 τοῖς
976 360 1230 418 πληρώμασι
1259 363 1331 406 καὶ
1357 368 1482 435 φιλο·
1511 369 1566 412 85

105 423 250 484 τιμίας
277 418 523 476 ὑπερβολή·
554 419 632 463 καὶ
659 417 810 474 τάχιον
839 419 917 474 μὲν
947 418 1099 462 ἔπλεον
1128 420 1175 461 αἱ
1200 423 1291 462 τῶν
1318 419 1482 476 βαρβά-

109 494 223 541 ρων,
259 477 306 521 ἐν
341 478 616 532 πολυχρονίῳ
656 476 807 532 μελέτη
844 479 933 517 τῶν
969 475 1127 529 έρετων
1164 476 1475 546 διαπεπονημέ-

106 550 222 586 νων,
258 533 418 578 ἱκανόν
454 533 507 576 δὲ
538 533 749 588 διάστημα
792 537 996 587 προεῖχον
1033 531 1079 574 αἱ
1107 536 1212 575 τῶν
1244 531 1478 589 Ἑλλήνων.

107 589 294 642 ὀξύτατα
323 590 369 634 δὲ
396 594 476 633 τοῦ
505 593 618 633 πλοῦ
648 590 982 639 διανυσθέντος,
1010 588 1155 657 ἐπειδὴ
1186 591 1371 644 πλησίον
1398 590 1483 646 έγε-
1512 596 1567 635 90

111 646 311 716 νηθησαν
338 651 413 703 τῆς
441 650 542 702 γῆς,
584 645 891 697 συνεξέπιπτον
921 644 1122 714 ἀλλήλοις
1147 647 1206 696 εἰς
1233 646 1313 690 τόν
1342 653 1503 703 αἰγια-,

106 703 191 746 λόν.
226 702 401 758 ωςπερεί
442 719 556 754 τινες
594 702 843 757 ἀγωνισταί.
899 707 993 752 ταῖς
1034 701 1117 756 γὰρ
1161 701 1356 758 ἐσχάταις
1393 709 1482 747 τῶν

101 759 417 829 Ἀγαθοκλέους
461 762 507 803 αἱ
553 764 723 814 πρῶται
767 763 857 802 τῶν
897 759 1210 812 Καρχηδονίων
1248 759 1481 816 ἐνέβαλλον

107 815 228 868 ἐντὸς
256 818 410 873 βέλους
449 813 590 860 οὖσαι
651 815 802 870 διόπερ
836 814 909 858 ἐπ’
939 814 1090 870 ὀλίγον
1116 813 1280 883 χρόνον
1308 822 1403 867 τοῖς
1435 834 1481 860 τε

105 871 248 925 τόξοις
275 877 349 917 καὶ
379 873 641 928 σφενδόναις
671 873 1052 928 διαγωνισαμένων
1082 875 1240 920 αὐτων,
1271 873 1344 916 καὶ
1376 890 1478 916 ναυ-
1511 881 1566 922 95

29 931 184 984 4ιοσὶν
204 928 374 986 ὀλίγαις
409 934 498 973 τῶν
527 930 763 1000 βαρβάρων
798 929 1233 984 συμπλακέντων,οῐ
1266 945 1364 982 περι
1401 929 1482 973 τὸν

100 985 366 1058 Ἀγαθοκλέα
394 987 673 1041 έπροτέρουν,
703 984 754 1029 τὸ
783 990 871 1028 τῶν
901 989 1176 1038 στρατιωτῶν
1193 985 1356 1056 ἔχοντες
1379 991 1481 1042 πλῆ-

104 1048 199 1094 θος.
241 1041 331 1087 εἷθ’
360 1046 404 1086 οἱ
431 1044 509 1097 μὲν
537 1042 836 1098 Καρχηδόνιοι
863 1042 1073 1096 πρύμναν
1099 1040 1479 1096 ἀνακρουσάμενοι

106 1098 264 1167 μικρὸν
287 1100 370 1150 ἔξω
400 1101 553 1168 βέλους
582 1099 844 1168 έφωρμουν,
887 1098 910 1141 ὁ
942 1098 985 1141 6'
1010 1097 1281 1153 Ἀγαθοκλῆς
1320 1099 1480 1172 α’ποβι-

107 1155 245 1224 βάσας
272 1155 354 1212 τὴν
382 1155 573 1211 δύναμιν
601 1155 712 1210 πρὸς
737 1172 814 1205 τας
842 1154 1117 1208 καλουμένας
1145 1157 1379 1209 Λατομίας,
1407 1155 1482 1200 καὶ
1514 1167 1596 1206 100

103 1211 276 1283 χάρακα
304 1212 544 1269 βαλόμενος
572 1211 621 1256 ἐκ
648 1211 866 1268 θαλάττης
895 1212 954 1262 εἰς
980 1209 1218 1264 θάλατταν,
1249 1211 1484 1270 ἐνεώλκησε

103 1268 181 1321 τὰς
209 1272 335 1320 ναῦς.

222 1325 350 1369 Οὕτω
389 1325 437 1369 δὲ
470 1297 726 1380 παράβολον
757 1323 1106 1394 ἐπιτελεσάμενος
1134 1323 1317 1379 πρᾶξιν,
1349 1321 1482 1380 αλλην
1511 1337 1539 1375 7

106 1379 320 1452 ἐτόλμησε
346 1380 527 1453 ταύτης
540 1385 709 1437 μᾶλλον
737 1384 961 1424 κεκινδυνε
944 1379 1142 1450 -υμένην
1199 1382 1478 1438 παραστησα-
1512 1390 1538 1433 5

108 1455 238 1494 μενος
265 1455 348 1494 γαρ
377 1455 482 1489 τους
509 1438 558 1482 ἐν
585 1438 835 1494 ἡγεμονίαις
865 1437 994 1487 ὄντας
1025 1434 1240 1487 εὐπειθεῖς
1267 1439 1397 1493 πρὸς·
1402 1440 1482 1494 την

104 1497 226 1538 ἰδίαν
264 1494 493 1550 ἐπιβολήν,
533 1495 605 1539 καὶ
644 1497 809 1538 θυσίαν
847 1491 1141 1550 ποιησάμενος
1171 1494 1372 1563 Δήμητρι
1409 1497 1484 1539 και
1522 1508 1524 1514 ’

106 1551 260 1608 Κόρῃ,
296 1551 541 1623 συνήγαγεν
581 1552 825 1622 ἐκκλησίαν.
903 1551 1085 1594 κᾶπειτα
1131 1551 1367 1603 προελθων
1414 1552 1484 1595 ἐπὶ.

102 1609 186 1665 τήν
214 1610 485 1665 δημηγορίαν
523 1608 876 1664 ἐστεφανωμένος
914 1608 961 1665 έν
990 1608 1146 1677 ίματίῳ
1175 1612 1380 1679 λαμπρῷ,
1410 1609 1484 1651 καὶ

105 1666 432 1732 προδιαλεχθεὶς
466 1667 636 1716 οἰκείως
669 1671 762 1716 τοῖς
798 1663 1164 1736 ἐγχειρουμένοις,
1210 1664 1344 1732 ἔφησε
1387 1670 1481 1716 ταῖς
1513 1669 1565 1709 10

103 1722 402 1792 κατεχούσαις
412 1724 620 1766 Σικελίαν
656 1727 781 1772 θεαῖς
815 1721 1032 1790 Δήμητρι
1049 1719 1123 1763 καὶ
1154 1717 1278 1776 Κόρῃ
1308 1725 1481 1777 πεποιῆ-

107 1785 231 1822 σθαι
233 1777 349 1822 καθ
376 1778 429 1822 ὃν
458 1778 635 1849 καιρὸν
645 1778 916 1833 ἐδιώχθησαν
944 1776 1032 1821 υπὸ
1049 1781 1142 1819 τῶν
1162 1779 1481 1832 Καρχηδονίων

106 1832 238 1891 &imag
261 1833 580 1905 λαμπαδεύσειν
611 1833 779 1886 ἁπάσας
807 1834 883 1885 τὰς
912 1838 1034 1885 ναῦς.
1084 1837 1227 1883 καλῶς
1257 1850 1339 1876 ουν
1370 1833 1480 1906 ἔχειν

106 1891 356 1962 τετευχότας
383 1896 460 1947 τῆς
491 1894 705 1948 σωτηρίας
735 1889 998 1935 ἀποδιδόναι
1026 1889 1101 1940 τὰς
1129 1888 1269 1944 εὐχας.
1309 1889 1404 1933 α’ντὶ
1434 1890 1480 1934 δὲ
1512 1895 1563 1938 15

106 1947 277 1992 τούτων
300 1948 577 2018 ἐπηγγέλλετο
597 1949 956 1998 πολλαπλασίους
975 1945 1219 1990 αποδωσειν
1238 1945 1480 2019 προθύμως

107 2003 255 2048 αὐτῶν
285 2003 641 2076 αγωνισαμένωνὴ
677 2006 753 2048 καὶ
779 2006 864 2059 γὰρ
892 2004 969 2055 τὰς
997 2003 1102 2053 θεας
1132 2003 1203 2045 διοὶ
1230 2008 1319 2046 τῶν
1347 2005 1478 2057 ἱερῶν

105 2064 419 2132 προσημαίνειν
461 2063 590 2131 νίκην
625 2065 708 2105 τοῦ
746 2060 997 2131 σύμπαντος
1030 2059 1236 2114 πολέμου.
1303 2059 1393 2114 α’μα
1432 2061 1479 2104 δὲ

105 2121 245 2162 ταῦτα
275 2118 482 2173 λέγοντος
519 2117 659 2161 αὐτοῦ
698 2121 785 2161 τῶν
825 2117 1051 2174 ὑπηρετων
1086 2132 1150 2167 τις
1186 2115 1478 2187 προςήνεγκεν

104 2173 302 2244 ἡμμένην
329 2177 462 2233 δᾷδα·
493 2174 548 2229 ἣν
582 2173 813 2230 δεξάμενος
833 2176 906 2218 καὶ
934 2178 1027 2224 τοῖς
1054 2189 1328 2243 τριηραρχοις
1357 2172 1476 2227 ὁμοί-
1505 2182 1560 2222 20

107 2247 165 2283 ως
193 2231 327 2276 ἅπασι
355 2219 596 2287 προςτάξας
625 2231 885 2284 ἀναδοῦναι,
916 2232 990 2282 τας
1017 2245 1062 2274 τε
1092 2231 1199 2280 θεὰς
1229 2229 1478 2274 ἐπεκαλέσα-

108 2413 165 2460 91.
190 2412 435 2496 6w5v66vmg}
457 2411 726 2459 σφενδονήταις
753 2412 834 2448 Bas

138 2483 155 2490 --
200 2460 271 2494 41⁰
328 2460 374 2495 96
437 2460 640 2518 προτέρουν
664 2462 763 2494 Wess
767 2457 935 2516 astagius,
959 2455 1198 2500 ἒπροετέρσυν
1223 2457 1328 2499 Bas„
1351 2459 1480 2492 caeteri

111 2504 336 2549 προετέρουν
379 2518 381 2524 ’
517 2507 553 2541 3.
585 2504 703 2549 οὕτω]
741 2517 850 2543 ουτος
883 2504 1116 2547 suprascripto
1140 2517 1168 2537 ω
1196 2505 1227 2537 F
1400 2502 1479 2537 ἐπι-

111 2550 366 2597 τελεσάμενος]
389 2549 661 2598 ἀγωνισάμενος
684 2551 883 2587 ἐπιτελέσαι
906 2550 1015 2593 FQW
1175 2549 1208 2583 6.
1232 2550 1386 2593 θυσίαν]
1407 2552 1480 2584 θυ-

112 2600 193 2639 σίας
218 2598 265 2633 W
360 2608 362 2610 ’
446 2600 501 2633 ll.
524 2599 772 2643 πεποιῆσθαι]
804 2598 995 2632 ποιεῖσθαι
1017 2596 1048 2629 F
1228 2594 1284 2631 12.
1310 2607 1384 2630 των
1409 2608 1476 2629 οιιι.

110 2645 141 2678 F
323 2643 380 2678 13.
403 2613 668 2686 λαμπαδεύσειν
693 2664 739 2671 ·—
769 2642 995 2679 αποδιδόναι
1025 2654 1093 2682 τας
1112 2651 1183 2676 om.
1206 2641 1238 2674 F
1420 2642 1478 2673 ¹16.

110 2687 238 2725 ἀὐτῶν
275 2687 579 2736 ἀγωνισαμένων]
613 2689 968 2763 οἷνταγωνισαμένων
998 2688 1027 2721 F
1224 2687 1281 2721 17.
1314 2686 1480 2730 σύμπαν-

236 2746 317 2793 1’,σνμ

112 2783 196 2828 τος]
229 2781 389 2822 ἅπαντος
412 2782 441 2815 F
633 2783 689 2816 20.
726 2793 961 2824 τριηραρχοις
992 2779 1057 2818 W,
1089 2777 1214 2811 caetani
1239 2775 1477 2822 τριηράρχαις

242 2825 378 2873 ὁμοίως
405 2831 483 2872 post
512 2829 720 2873 προςτοὶξας
748 2829 846 2873 ponit
878 2828 943 2869 W,
972 2829 1051 2861 ante
1082 2823 1287 2869 προςτεὶξας
1320 2825 1349 2858 1⁴

1148 2879 1260 2922 93*
