1820 3249
279 119 390 160 1348
704 117 814 160 Lm.
843 115 950 157 xlx,
1010 115 1138 158 uAP.
1169 120 1234 159 13.

198 235 251 274 13
279 228 379 283 περὶ
408 232 667 299 Βαβυλῶνα
726 231 864 271 ταῦτα
893 228 940 272 δὲ
967 226 1311 297 προςαγαγόντες
1338 245 1450 283 προς
1476 228 1568 298 τὴν
1584 229 1648 272 ἔκ-

280 288 409 341 βασιν
448 285 580 329 πάλιν
616 285 865 339 ἐπεχείρουν
901 285 1006 336 τοὺς
1038 284 1301 336 Μακεδόνας
1338 289 1507 328 πείθειν
1544 283 1648 328 ἀπο-

195 350 250 388 20
279 346 435 397 στῆσαι
473 343 551 386 τὸν
590 340 767 411 Εὐμένη
805 346 880 398 τῆς
919 343 1202 397 στρατηγίας,
1241 342 1312 385 καὶ
1351 341 1408 397 μὴ
1438 342 1646 396 προάγειν

279 398 386 442 καθ’
416 396 562 442 αὑτων
593 398 732 453 ἄνδρα
761 399 885 450 ξένον
913 400 988 442 καὶ
1016 401 1243 448 πλείστους
1267 397 1529 449 Μακεδόνας
1547 397 1649 455 οἰνη-

280 454 456 524 ρηκότα.
510 454 667 499 οὐδενὶ
688 455 734 498 δὲ
761 454 910 525 τρόπῳ
939 459 1028 498 τῶν
1056 456 1155 509 περὶ
1182 454 1261 499 τόν
1289 454 1533 510 Ἀντιγένην
1561 471 1648 498 πει-

278 513 494 567 θομένων,
525 514 567 554 οί
585 511 687 565 περὶ
708 511 931 557 Σέλευκον
949 511 1319 581 προςπλεύσαντες
1341 511 1452 565 πρός
1468 528 1567 554 τινα
1586 514 1647 554 δι-

194 572 248 614 25
280 568 431 623 ώρυγα
454 567 644 611 παλαιαν
665 567 741 611 οἷνε
733 568 911 624 ’ῤῥηξαν
927 583 1010 623 την
1025 566 1160 623 αρχὴν
1181 568 1326 623 αὐτῆς,
1345 568 1434 611 ὑπὸ
1453 572 1530 611 τοῦ
1549 566 1648 636 χρό-

275 641 358 668 νου
385 624 755 681 συγκεχωσμένην.
808 627 1164 679 περικλυσθείτης
1183 624 1227 667 δὲ
1246 629 1320 679 τῆς
1335 641 1424 668 των
1444 623 1651 668 ΙΠοεκεδό-

274 698 364 724 νων
381 683 723 748 στρατοπεδείας,
753 681 827 724 καὶ
847 680 989 736 πάντη
1011 685 1091 724 τοῦ
1121 686 1329 736 συνεχοῦς
1344 680 1484 724 τόπου
1502 679 1651 750 λιμνά-

275 751 454 808 σαντος,
506 736 812 808 ἐκινδύνευσεν
858 737 977 806 ἅπαν
1019 735 1311 780 οἷπολέσθαιτὸ
1353 736 1650 807 στρατόπεδον

273 794 362 838 ὑπὸ
384 799 459 850 τῆς
477 794 658 863 πλημης.
679 794 875 862 ἐκείνην
892 794 975 861 μὲν
998 795 1080 836 οὐν
1095 793 1175 848 τήν
1193 791 1359 848 ἡμέραν
1379 794 1587 847 ἕμειναν’
1571 791 1647 849 εφ’

193 857 248 898 30
279 850 482 922 ἡσυχίας,
515 849 814 906 ἀπορούμενοι
839 854 932 900 πῶς
960 851 1170 905 χρηστέον
1198 854 1290 900 τοῖς
1317 849 1562 919 πράγμασι·
1597 853 1652 905 τῇ

276 906 322 952 6'
373 907 590 975 ὑστεραία
623 906 1006 977 παραστησάμενοι
1044 923 1097 950 τα
1140 905 1338 950 κοντωτὰ
1379 911 1511 950 πλοῖα
1551 907 1652 959 περὶ

274 963 503 1017 τριακόσια
543 963 621 1007 τὸν
668 962 863 1018 ἀριθμὸν
904 962 1010 1007 ὄντα
1051 965 1306 1019 διεβίβασαν
1341 962 1390 1006 τό
1417 962 1652 1032 κράτιστον

275 1025 351 1076 τῆς
380 1019 605 1075 δυναμεως
638 1019 827 1071 οὐδενός
861 1025 1236 1075 παρενοχλοῦντος
1272 1019 1381 1064 κατοὶ
1413 1020 1494 1077 τὴν
1522 1021 1651 1075 ε’κβοι-

189 1082 245 1124 35
277 1079 444 1122 σιν·οῑ
470 1094 553 1132 γαρ
584 1078 683 1130 περὶ
711 1077 933 1120 Σέλευκον
962 1079 1102 1128 ἱππεῖς
1130 1077 1271 1131 μόνον
1299 1075 1447 1147 εἶχον,
1461 1077 1534 1120 καὶ
1557 1077 1653 1120 τού-

273 1151 378 1185 τους
423 1134 537 1178 πολύ
584 1151 676 1185 τοις
721 1132 929 1190 αριθμοῖς
973 1133 1257 1203 λειπομένους
1306 1138 1394 1176 τῶν
1430 1133 1652 1177 ἐναντιων.

272 1189 429 1242 νυκτὸς
466 1191 512 1234 δὲ
549 1188 632 1260 ἤδη
661 1189 1080 1262 καταλαμβανούσης
1110 1190 1309 1260 Εὐμένης
1339 1206 1418 1245 μεν
1451 1188 1654 1246 αγωνιῶν

271 1247 383 1301 ὑπερ
431 1251 505 1316 τῆς
542 1246 789 1303 ἀποσκευῆς
825 1247 957 1290 πάλιν
987 1249 1047 1297 εἰς
1076 1245 1268 1290 τούπίσω
1299 1248 1518 1302 διεβίβασε
1546 1249 1653 1298 τούς

273 1303 553 1354 Μακεδόνας.
615 1304 952 1374 εἶςηγησαμένου
983 1303 1028 1346 δέ
1056 1320 1176 1354 τινος
1210 1320 1300 1346 των
1324 1303 1541 1360 ἐγχωρίων
1562 1304 1652 1346 έπε-

191 1364 246 1407 40
278 1360 435 1417 βάλετό
466 1376 564 1403 τινα
593 1359 731 1403 τόπον
761 1359 1093 1411 ανακαθαίρειν,
1125 1358 1184 1404 δι’
1212 1360 1266 1402 οὐ
1292 1359 1456 1430 ῥαδιον
1465 1362 1521 1416 ἡν
1543 1357 1653 1403 οΞπο-

275 1418 457 1469 στρέψαι
501 1415 582 1470 τήν
622 1416 819 1487 διώρυγα
856 1417 930 1460 καὶ
972 1416 1162 1484 βάσιμον
1211 1414 1530 1460 κατασκευάσαι
1573 1417 1652 1488 τὴν

273 1476 457 1541 πλησίον
483 1490 645 1528 χωραν.
706 1473 734 1516 ἃ
766 1473 819 1528 δὴ
852 1472 1104 1523 συνιδόντες
1124 1473 1280 1525 οἱπερὶ
1309 1474 1544 1526 Σέλευκον,
1575 1473 1652 1517 καὶ

274 1529 537 1599 βουλόμενοι
580 1546 660 1584 την
697 1533 899 1585 ταχίστην
941 1527 1105 1580 αὐτούς
1146 1530 1193 1573 ἐκ
1222 1533 1308 1598 τῆς
1347 1531 1461 1581 ἰδίας
1498 1542 1653 1583 σατρα-

274 1590 397 1636 πείας
427 1585 681 1638 απαλλάξαι,
712 1587 910 1642 πρέσβεις
932 1585 1185 1630 απέστειλαν
1204 1584 1315 1640 ὑπερ
1332 1585 1518 1643 α’νοχῶν,
1550 1600 1651 1642 συγ·

192 1649 246 1692 45
275 1643 546 1714 χωρήσαντες
584 1660 665 1699 την
708 1644 924 1716 διαβασιν.
984 1642 1120 1694 εὐθὺς
1150 1643 1196 1687 δὲ
1226 1644 1299 1686 καὶ
1327 1643 1650 1713 βιβλιαφόρους

277 1700 529 1744 ἀπέστειλαν
549 1700 663 1753 πρὸς
686 1699 936 1769 ’ἴΑντιγονον
964 1702 1024 1751 εἰς
1041 1701 1400 1754 Μεσοποταμίαν,
1431 1698 1652 1752 ἀξιοῦντες

276 1758 399 1815 ’ἣκειν
428 1773 508 1812 την
537 1759 738 1812 ταχίστην
766 1773 871 1813 μετα
889 1773 976 1825 της
1005 1756 1245 1811 δυναμεως,
1274 1757 1380 1812 πρὶν
1409 1756 1437 1811 73“
1466 1760 1652 1826 ιιαταβη-

277 1831 351 1858 ναι
394 1814 497 1864 τοὺς
536 1813 759 1866 σατράπας
796 1831 900 1869 μετα
937 1817 1027 1856 τῶν
1072 1814 1314 1868 δυνάμεων.
1370 1814 1571 1896 Εὐμένης
1603 1814 1650 1857 δὲ

193 1876 247 1919 50
278 1870 436 1926 ὁιαβας
463 1870 543 1914 τόν
578 1873 748 1940 Τίγριν,
778 1871 852 1914 καὶ
880 1870 1234 1938 παραγενόμενος
1263 1872 1323 1920 εἰς
1350 1873 1431 1939 τὴν
1458 1874 1651 1914 Σουσια-

275 1945 374 1982 νην
405 1929 464 1978 εἰς
493 1928 591 1980 τρία
621 1929 742 1996 μέρη
760 1930 888 1970 διεῖλε
917 1927 997 1983 τήν
1028 1925 1218 1995 δύναμιν
1240 1926 1312 1970 δια
1328 1925 1408 1995 τήν
1426 1931 1505 1970 τοῦ
1526 1928 1649 1971 σίτου

277 1983 449 2027 σπάνιν.
508 1982 875 2038 επιπορευόμενος
911 1984 957 2026 δὲ
995 2000 1076 2052 την
1110 1982 1255 2038 χώραν
1282 1982 1392 2027 κατὰ
1404 1985 1550 2051 μέρος
1580 1985 1649 2026 σί-

276 2057 357 2084 του
387 2057 465 2095 μεν
493 2044 712 2090 παντελῶς
741 2039 975 2092 ἐσπάνιζεν,
1005 2038 1167 2092 ὄρυζαν
1197 2041 1242 2082 δὲ
1267 2041 1339 2082 καὶ
1360 2052 1555 2107 σησαμον
1574 2040 1649 2083 καὶ

278 2099 462 2153 φοίνικα
491 2097 669 2139 διέδωκε
697 2101 789 2147 τοῖς
819 2094 1112 2164 στρατιώταις,
1142 2098 1337 2146 δαψιλῶς
1365 2093 1546 2151 ἐχούσης
1573 2113 1651 2150 της

277 2154 420 2223 χώρας
458 2153 562 2203 τούς
598 2152 825 2203 τοιούτους
857 2150 1068 2210 καρπούς.
1125 2152 1235 2206 πρὸς
1271 2153 1318 2196 δὲ
1347 2152 1451 2204 τοὺς
1479 2152 1526 2196 έν
1555 2158 1651 2203 ταῖς
1689 2189 1697 2201 „

280 2210 373 2253 ἄνω
405 2212 684 2279 σατραπείαις
707 2207 922 2264 ἡγεμόνας
945 2211 1000 2265 ἡν
1021 2210 1100 2265 μὲν
1118 2210 1189 2252 καὶ
1210 2209 1442 2270 πρότερον
1440 2208 1650 2253 οἷπεσταλ-

282 2266 370 2317 κώς
408 2283 484 2316 τας
521 2283 642 2320 παρα
675 2270 763 2309 τῶν
791 2266 1005 2322 βασιλέων
1034 2266 1278 2318 έπιστολας,
1318 2265 1365 2309 ἐν
1396 2270 1462 2317 αἱς
1495 2283 1550 2336 7371
1576 2283 1649 2322 γε-

281 2324 532 2378 γραμμένον
568 2321 710 2366 πάντα
745 2328 995 2377 πειθαρχεῖν
1033 2321 1241 2377 Εὐμένει,
1285 2323 1359 2365 καὶ
1387 2322 1481 2366 τότε
1512 2323 1557 2366 δε
1587 2326 1650 2378 βι-

277 2379 556 2436 βλιαφόρους
586 2377 844 2432 ἀπέστειλεν,
876 2380 1008 2432 ἀξιῶν
1037 2378 1234 2447 απαντᾷν
1261 2380 1320 2432 εἰς
1350 2395 1430 2436 την
1458 2384 1650 2424 Σουσια-

194 2163 247 2206 55}

276 2528 334 2562 17.
381 2527 498 2562 ταῦτα
523 2525 584 2571 δε]
620 2527 739 2563 ταῦτα
761 2528 843 2562 Bas.
1025 2526 1082 2560 21.
1130 2524 1394 2586 ΙῐῙακεδόνας]
1417 2527 1648 2563 Mansadvmv

276 2575 309 2616 Q
336 2574 417 2610 Bas.
602 2574 659 2608 28.
707 2571 781 2610 υπὸ
805 2575 871 2618 τῆς
892 2571 1060 2616 πλήμης]
1098 2571 1145 2607 ου’
1168 2571 1244 2628 μήν
1266 2571 1345 2608 ἅλ’λ.
1371 2570 1444 2610 ὑπὸ
1471 2589 1535 2619 της
1558 2573 1647 2620 πλη-

278 2632 350 2663 μης
373 2618 567 2663 (πλύμμης
591 2620 691 2661 FW,
724 2617 897 2663 πλήμμης
919 2620 971 2663 V)
996 2617 1196 2661 ὑστέρουν,
1221 2616 1448 2663 ὑπάρχοντες
1475 2620 1647 2665 ἐκπεπλη-

279 2666 408 2710 3μένοι
428 2665 471 2702 τό
496 2646 714 2719 παράδοξόν
738 2666 877 2709 FQVW
1069 2666 1127 2698 39.
1175 2663 1393 2720 ἐπεβοὶλετοΙ
1433 2667 1644 2726 ἐπεβάλλετο

278 2713 309 2746 F
492 2712 550 2745 45.
597 2708 692 2746 εὕθυ
718 2713 799 2749 Bas.
990 2710 1048 2745 47.
1095 2709 1217 2755 ήκειν]
1255 2711 1354 2757 η’χειν
1377 2714 1407 2748 F
1588 2713 1645 2748 56.

280 2758 456 2803 φοίνικα]
483 2758 656 2804 «pominus
678 2759 710 2793 1*
893 2757 951 2794 56.
996 2757 1059 2794 καὶ
1083 2759 1258 2794 ou1.Bas.
