1820 3249
234 105 344 147 1480
659 82 777 140 mn.
802 100 894 142 xx.
953 100 1087 142 cAP.
1117 83 1190 144 29.

151 219 206 259 29
336 210 452 282 ’Ἅμα
494 211 539 255 δὲ
578 208 754 261 τούτοις
797 211 1114 284 πραττομένοις
1136 212 1406 282 Λυσίμαχος
1442 212 1523 266 μὲν
1548 209 1612 253 ἐν

234 267 498 325 Χεῤῥονήσῳ
527 267 658 311 πόλιν
687 267 850 312 ε’κτισεν
881 267 960 326 ἀφ’
993 269 1155 313 ἑαυτοῦ
1175 268 1477 336 Λυσιμάχειαν
1497 266 1614 311 καλέ-

178 330 204 372 5
235 337 326 375 σας.
385 323 634 379 Κλεομένης
660 321 709 397 6'
741 322 764 367 6
795 329 884 369 τῶν
913 327 1274 382 Λακεδαιμονίων
1303 323 1507 396 βασιλεύς
1533 324 1615 380 ἓτε-

235 380 445 436 λεύτησεν
483 381 618 436 ἄρξας
651 380 729 450 ε’τη
773 380 980 453 ἑξήκοντα
1019 383 1092 426 καὶ
1114 386 1267 450 μῆνας
1306 382 1433 434 δέκα,
1462 382 1539 436 τὴν
1569 375 1614 424 δέ

236 439 460 507 βασιλείαν
489 436 794 507 διαδεξάμενος
823 437 847 482 ὁ
867 438 1027 499 ’Ἀρευς
1052 438 1150 490 υἷὸς
1171 436 1306 508 ἧρξεν
1336 439 1406 508 ἔτη
1435 437 1692 491 τέτταρα426

237 494 348 547 πρός
376 499 466 544 τοῖς
502 493 833 548 τετταράκοντα.
893 496 989 547 περὶ
1026 493 1076 539 δὲ
1105 495 1209 546 τοὺς
1247 493 1409 546 αὐτούς
1428 494 1617 547 καιρούςι

235 549 432 605 Ἀμίλκας
455 548 478 593 ὁ
498 554 588 594 τῶν
616 551 664 594 ἐν
681 552 860 594 Σικελία
887 551 1119 606 δυνάμεων
1141 552 1376 607 στρατηγός
1404 550 1456 594 τὰ
1487 549 1616 594 λοιπὰ

160 615 211 653 10
240 610 331 679 τῶν
366 608 539 675 χωρίων
577 595 895 676 χειρωσάμενος
933 612 1099 663 προῆγε
1141 608 1264 677 μετὰ
1283 613 1357 663 τῆς
1394 608 1615 677 δυνάμεως

239 663 310 707 ἐπὶ
338 664 416 734 τὰς
445 662 754 724 Συρακούσας,
785 665 844 714 ὠς
874 664 947 706 καὶ
975 665 1135 714 ταύτας
1166 663 1359 732 αἱρήσων
1387 663 1496 707 κατὰ
1517 663 1617 731 κρά-

237 736 326 770 τος.
360 719 440 776 τὴν
461 720 540 776 μὲν
569 724 652 764 οὐν
681 722 974 790 σιτοπομπίαν
1005 719 1213 763 διεκώλυε
1241 720 1384 763 πολύν
1405 721 1488 776 ἤδη
1515 737 1616 789 χρο-

237 792 321 820 νον
347 780 745 830 θαλαττοκρατων·
781 776 886 827 τούς
931 775 972 820 δ’
1014 777 1083 819 ἐπὶ
1121 781 1196 833 τῆς
1224 793 1385 848 χωρας
1424 775 1618 828 καρπούς

161 834 211 876 15
239 835 541 901 καταφθείρας
556 833 787 887 ἐπεβάλετο
811 833 1138 888 καταλαβέσθαι
1157 832 1272 884 τούς
1282 834 1379 888 περὶ
1403 833 1450 875 τὸ
1466 829 1617 902 Ὀλύμ-

238 905 345 933 πιον
373 888 559 940 τόπους,
589 889 820 960 κειμένους
844 889 925 944 μὲν
953 889 1040 943 πρό
1071 894 1148 962 τῆς
1180 889 1367 940 πόλεως·
1408 887 1562 940 εὐθύς
1571 887 1617 932 δὲ

237 947 312 990 καὶ
341 945 627 1001 προςβάλλειν
664 945 707 998 ἐξ
731 945 906 1017 ἐφόδου
945 951 1038 997 τοῖς
1078 948 1230 1002 τείχεσι
1260 944 1515 1001 διεγνώκει
1534 948 1616 988 τοῦ

238 1001 433 1071 μάντεως
463 1002 684 1072 εἰρηκότος
725 1001 846 1072 αύτῳ
875 1020 985 1046 κατα
1012 1003 1092 1058 τὴν
1122 1003 1344 1056 επίσκεψιν
1371 1006 1460 1045 τῶν
1489 1004 1618 1055 ἱερῶν

240 1075 306 1101 οτι
337 1075 388 1114 τῃ
419 1058 524 1114 μετοέ
555 1058 720 1130 ταύτην
749 1057 890 1114 ἡμέρα
922 1058 1095 1110 πάντως
1125 1059 1172 1102 ἐν
1199 1059 1507 1130 Συρακούσαις
1537 1058 1617 1101 δει-

156 1120 210 1160 20
239 1114 408 1170 πνήσει.
467 1116 512 1157 οἱ
549 1114 592 1158 δ’
623 1115 670 1159 ἐκ
699 1119 776 1170 τῆς
809 1115 974 1166 πόλεως
1013 1115 1270 1171 αἰσθόμενοι
1306 1115 1387 1172 τήν
1425 1115 1618 1159 επίνοιαν

237 1188 327 1214 των
366 1172 587 1225 πολεμίων
627 1170 867 1226 ἐξέπεμψαν
907 1189 997 1215 των
1033 1189 1112 1227 μεν
1152 1176 1293 1225 πεζων
1329 1171 1486 1222 νυκτός
1520 1171 1617 1223 περὶ

237 1229 498 1282 τριςχιλίους
536 1227 610 1271 καὶ
639 1231 729 1271 τῶν
758 1227 923 1271 ἱππέων
957 1229 1055 1281 περὶ
1082 1229 1408 1297 τετρακοσίους
1441 1228 1621 1280 προςτά-

238 1285 387 1337 ξαντες
424 1284 747 1339 καταλαβέσθαι
786 1283 865 1327 τὸν
904 1283 1158 1339 Εὐρύηλον.
1225 1283 1332 1353 ταχὺ
1370 1284 1416 1327 δὲ
1452 1283 1622 1326 τούτων

237 1340 287 1384 τὸ
316 1341 615 1395 παραγγελθεν
645 1339 926 1394 πραξάντων,
963 1343 1008 1384 οἰ
1036 1340 1333 1410 Καρχηδόνιοι
1362 1341 1519 1392 νυκτός
1548 1339 1622 1383 οὕ-

158 1399 213 1442 25
243 1408 321 1466 σης
367 1400 613 1467 προςῆγονέ
663 1399 914 1467 νομίζοντες
959 1396 1173 1464 λήσεσθαι
1216 1397 1322 1448 τοὺς
1357 1399 1620 1470 πολεμίους.

241 1469 388 1522 ηγειτο
431 1453 510 1508 μὲν
551 1457 635 1495 ούν
671 1451 872 1508 Ἀμίλκας
908 1453 1108 1506 πάντων,
1150 1455 1258 1510 ε’χων
1287 1453 1391 1505 τούς
1432 1452 1497 1497 ἀεὶ
1525 1453 1622 1507 περὶ

244 1508 381 1553 αὐτόν
418 1510 730 1582 τεταγμένους
772 1509 1064 1579 ἐπηκολούθει
1103 1510 1148 1555 δε
1187 1509 1503 1566 Δεινοκράτης,
1532 1514 1622 1554 τῶν

242 1566 409 1610 ἱππέων
434 1566 625 1636 εἰληφώς
653 1566 735 1622 τὴν
761 1565 1015 1622 ἡγεμονίαν.
1060 1567 1109 1611 vd
1140 1567 1186 1611 δὲ
1214 1584 1303 1611 των
1330 1571 1471 1620 πεζῶν
1500 1573 1624 1621 στ’ρα-

158 1628 212 1667 30
240 1622 427 1667 τόπεδον
456 1624 515 1674 εἰς
545 1620 629 1666 δύο
659 1623 886 1679 φάλαγγας
912 1624 1120 1697 διῄρητο,
1157 1624 1236 1679 τήν
1268 1640 1312 1667 τε
1341 1640 1431 1667 των
1459 1623 1623 1692 βαρβά-

239 1696 331 1733 ρων
359 1679 432 1723 καὶ
468 1678 548 1750 τήν
576 1682 666 1722 τῶν
698 1680 1042 1750 συμμαχούντων
1065 1679 1294 1749 Ελλήνων.
1353 1679 1624 1751 παρηκολού-

238 1741 311 1779 θει
340 1737 386 1779 δὲ
423 1736 497 1779 καὶ
525 1740 696 1793 πλῆθος
725 1736 857 1808 ὄχλου
887 1737 1172 1780 παντοδαπὸν
1213 1737 1333 1787 ἐκτὸς
1348 1741 1437 1809 τῆς
1465 1735 1624 1789 τάξεως

240 1791 452 1862 ὠφελείας
481 1792 628 1845 ε’νεκα,
666 1796 815 1848 χρείαν
843 1810 922 1850 μεν
950 1793 1266 1865 στρατιωτικήν
1305 1793 1514 1848 οὐδεμίαν
1543 1809 1624 1836 πα-

239 1848 496 1904 ρεχόμενον,
526 1848 742 1919 θορύβου
772 1849 819 1893 δε
855 1851 930 1893 καὶ
957 1855 1146 1921 ταραχῆς
1186 1849 1351 1905 άλόγου
1391 1850 1624 1905 γινόμενον

155 1908 212 1951 35
243 1908 407 1949 αἶ’·τιον
437 1905 481 1958 ἐξ
512 1923 575 1948 ων
604 1905 812 1957 πολλάκις
840 1906 1192 1962 ὁλοσχερέστεροι
1218 1909 1509 1979 συμβαίνουσι
1535 1908 1624 1949 κίν-

240 1964 385 2007 δυνοι.
443 1962 518 2006 καὶ
556 1961 653 2012 τότε
691 1961 738 2006 δὲ
766 1966 855 2005 τῶν
891 1963 1011 2006 ὁδῶν
1040 1968 1203 2007 στενῶν
1234 1963 1381 2008 ὀὐσῶν
1409 1964 1483 2006 καὶ
1511 1979 1622 2016 τρα-

237 2023 406 2088 χειῶν,
433 2020 478 2062 οἵ
505 2035 585 2074 μεν
622 2035 676 2060 τα
716 2018 971 2088 σκευοφόρα
1000 2022 1245 2074 κομίζοντες
1282 2021 1357 2063 καὶ
1384 2024 1473 2062 τῶν
1500 2018 1622 2069 εκτός

238 2079 315 2144 τῆς
356 2073 538 2129 ταξεως
551 2074 1012 2119 συνακολουθούντων
1040 2093 1152 2128 τινες
1181 2075 1380 2132 εβάδιζον
1409 2074 1518 2128 πρὸς
1550 2074 1621 2118 ἀλ-

238 2130 400 2188 λήλους
446 2125 812 2189 φιλοτιμούμενοι
847 2133 947 2189 περὶ
989 2135 1066 2189 τῆς
1108 2132 1384 2203 ὁδοιπορίας·
1417 2144 1622 2189 στενοχω-

238 2312 276 2349 3.
306 2310 552 2360 Χερρονὴσῳ]
582 2314 663 2349 libri
688 2312 933 2368 Χερροννῄσςο
1115 2313 1199 2348 libri
1232 2312 1463 2358 Λυσιααχίαν

237 2358 273 2392 4.
287 2360 446 2400 καλέσας
469 2371 539 2394 om.
564 2361 631 2394 ΤΧ
650 2362 730 2395 Bas.
736 2361 934 2405 ‚asterisco
955 2360 1090 2395 notavit
1112 2361 1307 2404 Stephanus
1449 2360 1481 2393 6.
1501 2355 1622 2403 Ἀρεύς

238 2405 308 2439 los.
331 2405 509 2450 Scaliger·
535 2406 617 2440 libri
639 2386 777 2450 Ἀρέτας
799 2412 938 2450 praeter
960 2407 1051 2448 FW,
1079 2407 1139 2450 qui
1161 2406 1281 2450 Αρέου

331 2451 412 2485 426.
429 2433 490 2486 ⁰2
514 2452 693 2499 τέτταρα]
718 2452 874 2496 τέσσαρα
896 2453 999 2494 libri,
1027 2456 1067 2486 ut
1089 2464 1170 2486 mox
1192 2450 1484 2496 τεσσαράκοντα,
1508 2451 1582 2485 δ-
1541 2463 1619 2500 -μ

240 2495 324 2530 Bas.
557 2499 614 2537 12.
651 2501 899 2543 σιτοπομπίαν
923 2500 975 2540 F,
1008 2499 1137 2532 caeteri
1174 2500 1439 2540 σιτοπομπείαν

241 2543 299 2578 13.
325 2544 496 2588 θαλαττ.]
519 2544 602 2577 libri
625 2548 781 2580 θαλασσ.
1012 2545 1069 2578 23.
1104 2541 1304 2590 Εὐρύηλον
1326 2545 1366 2585 F,
1391 2542 1517 2577 caeteri
1541 2538 1618 2576 Ev’-

241 2586 379 2631 ρύκλον
561 2590 620 2624 26.
645 2589 758 2627 αὐτὸν
781 2590 880 2631 FW,
903 2590 1034 2624 caeteri
1058 2588 1191 2626 ἑαυτὸν
1359 2590 1416 2624 28.
1444 2586 1613 2633 εἰληφώς]

237 2632 478 2679 προειληφώς
501 2636 633 2678 FQW,
658 2638 682 2672 i.
706 2649 737 2672 e.
761 2636 1002 2680 παρειληφώς
1170 2637 1241 2683 τό]
1265 2635 1308 2673 τὸ
1335 2633 1374 2671 δε
1399 2636 1479 2669 Bas.

282 2680 340 2716 30.
364 2681 431 2726 τὴν
454 2693 522 2715 om.
547 2683 576 2715 F
758 2683 816 2717 31.
842 2681 954 2725 ἐκτὸς]
983 2681 1049 2721 ἔξω
1074 2682 1152 2717 FW
1296 2682 1353 2717 34.
1379 2677 1448 2725 ων]
1471 2693 1513 2716 ov
1539 2678 1617 2717 FW

421 2727 479 2764 36.
514 2729 712 2774 τραχειῶν]
747 2727 912 2774 τραχέων
942 2728 1021 2762 FW
1042 2729 1125 2764 Bas.
