1820 3249
323 177 433 219 157⁰
874 172 1012 213 LIB.¹
1043 172 1144 215 XV.

321 290 530 327 exercitum
557 289 736 331 mittunt,
777 289 839 334 qui
868 289 1053 324 Larissam
1083 296 1251 335 occupat.
1295 289 1397 324 idem
1425 302 1552 336 regem
1581 292 1706 325 Mace-

320 348 453 383 doniae
482 346 630 381 foedere
662 345 731 380 sibi
761 346 937 380 conciliat
968 342 1066 395 [67.].
1097 348 1266 391 Arcades,
1298 347 1445 392 Argivi,
1477 348 1556 381 Elei
1585 349 1703 381 Boeo-

322 412 378 440 tos
407 404 629 449 sollicitant,
660 408 702 436 ut
732 413 828 435 novo
858 404 1000 448 impetu
1030 404 1325 449 Peloponnesum
1357 411 1549 449 occupent.
1591 404 1703 438 Athe-

319 463 463 496 nienses
502 471 544 494 re
583 459 734 504 cognita
775 460 977 493 Chabriam
1014 468 1147 495 contra
1186 461 1357 503 mittunt,
1391 461 1564 507 factoque
1604 461 1701 495 vallo

319 530 382 553 eos
412 523 554 553 arcent.
592 516 834 550 nihilominus
862 517 1139 562 Epaminondas
1174 524 1211 551 et
1248 518 1387 551 vallum
1425 524 1462 552 et
1491 518 1701 563 oppositum

318 574 702 610 Lacedaemoniorum
742 585 878 619 agmen
916 575 1124 619 perrumpit
1164 571 1263 620 [68.].
1302 576 1489 609 Troezene
1529 581 1566 608 et
1604 574 1702 619 Epi-

320 633 437 666 dauro
467 631 604 664 relictis
625 629 899 675 Epaminondas
924 631 1118 675 Sicyonem
1144 637 1180 664 et
1207 630 1419 664 Phliuntem
1436 631 1546 677 capit,
1569 631 1701 676 ipsam-

321 699 393 734 que
422 688 646 722 Corinthum
673 687 776 731 petit.
825 686 887 720 sed
917 687 1049 720 urbem
1079 686 1291 721 felicissime
1321 687 1486 722 defendit
1513 688 1704 730 Chabrias,

323 751 360 780 et
391 745 537 778 hostem
564 743 714 789 repellit
743 740 842 790 [69.].
872 750 1093 777 succurrunt
1121 744 1423 778 Lacedaemoniis
1453 745 1587 778 milites
1603 743 1704 778 Galli

321 808 360 836 et
387 801 561 847 Hispani,
590 813 611 834 a
640 800 817 845 Dionysio
839 799 958 843 missi,
988 800 1159 834 Corinthi
1190 800 1359 845 expositi.
1391 812 1487 835 nova
1515 801 1704 846 legatione

321 861 542 893 Artaxerxes
571 858 736 891 Graecos
763 857 810 890 ad
842 868 974 901 pacem
1005 857 1239 893 adhortatur.
1277 856 1310 889 ei
1342 858 1466 891 cuncti
1495 858 1704 902 obsequun-

322 923 396 960 tur,
416 914 576 960 exceptis
603 913 806 950 Thebanis.
840 915 924 947 Hoc
953 920 1122 959 tempore
1151 914 1330 959 Euphron
1359 914 1548 959 Sicyonios
1576 921 1702 959 tyran-

231 950 406 1006 103‘nide
436 970 617 1017 oppressit
647 967 745 1017 [7o.].
796 971 840 1004 In
869 971 1091 1005 Macedonia
1119 971 1159 1004 in
1191 971 1318 1004 locum
1356 971 1552 1005 Alexandri
1581 971 1702 1004 Ptole-

280 1034 289 1043 ·
319 1040 448 1063 maeus
486 1028 644 1062 Alorites
685 1038 750 1060 rex
780 1028 955 1062 succedit.
1013 1028 1059 1062 Iu
1098 1028 1253 1061 Boeotia
1288 1033 1369 1072 post
1405 1028 1701 1073 Epaminondam

318 1097 378 1120 res
426 1085 525 1131 gerit
567 1083 779 1129 Pelopidas,
821 1091 984 1118 assumto
1034 1085 1135 1118 socio
1176 1084 1349 1119 Ismenia.
1410 1091 1568 1129 uterque
1620 1085 1702 1118 Ale-

319 1141 506 1177 xandrum
551 1141 757 1177 Pheraeum
805 1141 1049 1183 conveniens,
1101 1153 1188 1175 cum
1239 1141 1430 1186 inopinato
1469 1148 1702 1186 caperentur,

320 1199 489 1234 Thebani
518 1204 646 1233 autem
674 1198 810 1233 auxilio
839 1198 940 1231 missi
967 1198 1265 1243 includerentur,
1295 1198 1581 1243 Epaminondas,
1610 1205 1702 1231 tunc

320 1257 484 1302 privatus
515 1255 700 1300 militans,
739 1255 785 1288 ad
819 1255 1020 1299 imperium
1057 1261 1249 1290 revocatus
1286 1255 1490 1289 exercitum
1528 1255 1702 1288 servavit.

319 1312 559 1348 Boeotarchis
597 1312 718 1346 multa
746 1312 912 1357 irrogata
944 1309 1044 1359 [71.].
1078 1323 1224 1346 causam
1266 1311 1375 1346 affert
1402 1311 1596 1345 historicus
1634 1322 1701 1344 cur

317 1369 600 1415 Epaminondae
634 1369 837 1413 imperium
875 1369 1098 1414 abrogatum
1148 1368 1275 1402 fuerit.
1349 1369 1511 1403 Arcades
1560 1367 1701 1413 proelio

319 1427 473 1461 vincunt
505 1424 806 1459 Lacedaemonii.
838 1431 921 1459 tum
949 1436 1064 1459 novos
1094 1425 1255 1471 impetus
1283 1425 1412 1468 veriti,
1442 1424 1701 1471 Megalopolin

317 1483 566 1517 condiderunt
596 1482 754 1516 Arcades
785 1478 885 1530 [72.].
924 1483 967 1515 In
997 1482 1124 1516 Sicilia
1152 1471 1349 1527 Dionysius
1377 1482 1518 1515 bellum
1548 1482 1588 1515 in
1610 1484 1701 1516 Car-

315 1539 566 1586 thaginienses
597 1539 850 1584 redintegrat,
889 1550 1094 1584 eorumque
1124 1551 1232 1584 agros
1272 1539 1425 1576 invadit.
1479 1538 1543 1573 sed
1573 1539 1611 1572 hi
1642 1550 1702 1572 ce-

316 1597 448 1631 leriter
483 1595 593 1630 missa
631 1597 746 1630 classe
790 1596 866 1630 eius
908 1602 1062 1629 conatus
1097 1596 1319 1641 reprimunt.
1375 1607 1462 1629 mox
1499 1595 1701 1640 Dionysius

316 1653 499 1688 moritur:
526 1653 694 1699 sequitur
723 1652 924 1698 Dionysius
951 1652 1047 1686 filius
1076 1649 1176 1701 [73..]
1218 1652 1391 1687 adiicitur
1419 1653 1548 1686 mortis
1577 1664 1699 1686 causa.

316 1710 467 1745 Athenis
507 1710 674 1744 carmine
714 1709 834 1743 victor
870 1710 1137 1755 proclamatus,
1180 1721 1268 1754 prae
1300 1710 1437 1756 gaudio
1473 1710 1560 1743 vino
1591 1709 1701 1742 nimis

226 1786 292 1822 103
315 1767 513 1813 indulgens
542 1766 733 1801 occubuit.
772 1767 921 1800 oraculo
959 1767 1031 1812 ipsi
1059 1767 1293 1811 praedictum
1323 1773 1403 1800 erat
1431 1771 1511 1800 tum
1541 1767 1699 1800 moritu·

249 1813 399 1879 z'rum
429 1836 516 1858 cum
547 1834 585 1857 se
613 1823 785 1857 meliores
814 1823 960 1858 vicisset
991 1820 1092 1871 [74.].
1129 1823 1323 1857 Alexandri
1356 1823 1512 1857 Pheraei
1538 1824 1577 1857 in
1610 1824 1701 1856 Sco-

315 1888 477 1915 tussaeos
511 1880 656 1928 facinus
692 1879 869 1914 immane.
932 1880 1211 1926 Epaminondae
1247 1881 1286 1915 in
1322 1881 1573 1925 Peloponneso
1612 1891 1699 1925 pro-

315 1949 471 1985 gressus.
527 1936 719 1982 Pelopidas
755 1937 945 1971 liberatur.
983 1938 1121 1971 Chares
1151 1938 1225 1971 dux
1257 1937 1536 1971 Atheniensium
1567 1936 1699 1970 Phlia-

226 1985 303 2020 103·
314 1996 387 2029 sios
417 1999 545 2028 contra
574 1994 727 2040 Argivos
755 1993 942 2037 defendit,
969 1994 1110 2029 duobus
1137 1994 1285 2040 proeliis
1313 1994 1433 2027 victor
1465 1991 1564 2041 [75.].
1603 1992 1699 2026 Oro-

251 2041 285 2076 3·
315 2063 408 2098 pum
424 2050 625 2085 Themison
654 2051 822 2084 Eretriae
850 2057 1028 2096 tyrannus
1059 2052 1172 2096 capit.
1209 2050 1446 2085 Athenienses
1473 2050 1698 2085 vindicatam

316 2109 447 2143 urbem
475 2107 661 2142 Thebanis
689 2113 731 2141 ut
756 2108 965 2153 depositum
993 2108 1157 2144 tradunt.
1185 2108 1272 2142 urbs
1302 2109 1374 2141 Cos
1401 2107 1442 2141 in
1468 2107 1697 2152 singularem

316 2171 398 2200 tum
426 2164 660 2211 splendorem
690 2170 827 2197 evecta.
874 2164 963 2198 belli
993 2164 1091 2198 inter
1122 2164 1435 2198 Lacedaemonios
1472 2169 1508 2197 et
1538 2165 1697 2196 Boeotos

226 2211 411 2257 1⁰3·finis.
468 2221 651 2256 Adiicitur
685 2233 857 2254 recensus
896 2221 1064 2255 virorum
1094 2221 1263 2255 doctrina
1301 2220 1560 2254 excellentium
1593 2217 1695 2267 [76.].

253 2266 288 2304 4·
318 2279 385 2313 Vix
413 2285 546 2324 pacata
582 2278 742 2312 Graecia
771 2279 988 2323 disceptatio
1018 2278 1114 2312 inter
1143 2278 1300 2312 Arcades
1330 2283 1366 2311 et
1394 2278 1502 2312 Eleos
1541 2277 1585 2311 de
1614 2278 1698 2310 Tri-

317 2335 444 2382 phylia
480 2336 544 2370 diu
581 2335 722 2381 agitata
749 2347 889 2369 novum
919 2335 1060 2369 bellum
1092 2336 1201 2380 parit.
1249 2334 1433 2369 Arcadum
1465 2334 1558 2368 socii
1585 2333 1698 2367 Athe-

317 2393 473 2427 nienses.
530 2394 575 2426 In
603 2392 828 2426 Macedonia
854 2392 1048 2426 Perdiccas
1084 2404 1148 2426 rex
1175 2392 1341 2427 succedit
1370 2391 1580 2426 Ptolemaeo
1609 2391 1703 2424 Alo-²

223 2433 299 2472 ¹04·
317 2450 410 2483 ritae
441 2446 541 2497 [77.].
571 2451 628 2483 De
645 2449 742 2483 ludis
764 2450 968 2494 Olympicis
989 2450 1130 2483 Pisatae
1160 2461 1246 2483 cum
1269 2448 1367 2482 Eleis
1385 2448 1696 2493 disceptaverunt.

257 2496 287 2529 Ῑ·
317 2506 411 2540 inita
447 2518 572 2552 pugna
607 2506 749 2540 Pisatae
786 2507 946 2540 victores
983 2506 1176 2550 abierunt,
1215 2518 1236 2540 a
1265 2506 1398 2551 quibus
1425 2505 1505 2539 ludi
1535 2504 1695 2539 admini-

316 2563 422 2597 strati
448 2570 544 2598 sunt.
583 2563 861 2607 Epaminondae
892 2564 1097 2597 exhortatio
1126 2564 1172 2596 ad
1200 2563 1393 2596 Thebanos
1422 2568 1464 2596 ut
1491 2562 1605 2596 maris
1625 2562 1696 2594 im-

316 2621 464 2665 perium
495 2627 726 2665 capesserent
756 2617 857 2668 [78.].
905 2620 1073 2654 Thebani
1110 2620 1235 2665 itaque
1263 2631 1375 2653 naves
1406 2625 1608 2661 exstruunt,
1638 2629 1696 2650 so—

316 2677 392 2711 cios
420 2678 589 2712 invitant.
628 2677 916 2722 Orchomenios‚
957 2678 1020 2723 qui
1050 2689 1136 2711 cum
1167 2677 1350 2710 exsulibus
1384 2676 1571 2709 nonnullis
1600 2674 1694 2709 sedi-

313 2734 457 2769 tionem
485 2740 699 2778 moverant,
730 2734 897 2768 Thebani
934 2734 1156 2781 gravissimis
1195 2733 1380 2779 suppliciis
1408 2732 1598 2775 afficiunt,
1630 2743 1693 2764 ur—

311 2790 473 2840 bemque
502 2793 541 2828 in
570 2790 750 2826 ditionem
778 2792 955 2839 redigunt
986 2789 1088 2841 [79.].
1117 2790 1306 2837 Thessali,
1334 2789 1432 2825 bello
1462 2789 1508 2823 ab
1538 2788 1692 2822 Alexan-
