1820 3249
495 138 613 178 L113.
644 136 751 177 XVI.
795 135 929 177 GAP.
960 139 1027 177 80.
1043 140 1186 179 —52
1418 135 1531 178 1115

156 253 245 294 τῶν
284 250 474 306 μυρίων,
521 247 784 303 αἰχμάλωτοι
823 244 864 289 δ’
908 245 1163 302 ἐλήφθησαν
1203 244 1284 288 οὐκ
1326 244 1531 294 ἐλάττους

156 311 246 350 τῶν
281 307 451 375 μυρίων
492 305 565 348 καὶ
601 303 965 358 πεντακιςχιλίων.
1023 307 1111 346 τῶν
1151 302 1195 345 δὲ
1234 301 1438 355 ἁρμάτων
1476 300 1528 344 τά

155 364 236 434 μὲν
263 361 401 407 πολλοὶ
431 364 660 416 συνετρίβη
692 359 801 404 κατὰ
831 362 908 402 τὸν
931 359 1091 413 ἀγῶιωα
1121 341 1322 402 διακόσια
1355 359 1394 400 6⁷
1419 357 1529 412 ἥλω·

156 419 211 464 τὰ
239 420 286 464 δὲ
314 417 566 474 σκευοφόρα
603 418 676 461 καὶ
713 435 763 460 τα
795 416 917 472 ζεύγη
947 417 1019 459 καὶ
1045 434 1097 459 τα
1128 415 1272 485 πληθη
1302 419 1388 457 τῶν
1422 413 1528 469 ἁμα-

157 478 244 529 ξῶν
270 475 494 546 ὑποχείρια
522 480 614 525 τοῖς
633 475 836 530 Έλλησιν
877 473 1054 528 ἐγένετο.
1113 477 1201 516 τῶν
1232 471 1272 516 δ’
1305 471 1450 514 ὅπλων
1477 471 1529 513 τά

155 532 296 578 πολλὰ
323 533 402 588 μὲν
430 530 516 576 υπό
547 537 629 575 τοῦ
658 535 859 586 ποταμοῦ
889 529 1135 599 διεφθάρη,
1168 529 1237 573 έπὶ
1267 529 1313 572 δὲ
1343 544 1422 583 την
1451 531 1530 570 τοῦ

160 589 445 645 Τιμολέοντος
488 589 652 645 σκηνὴν
694 590 826 658 χίλιοι
865 587 943 642 μὲν
983 587 1205 640 θώρακες,
1267 585 1444 635 ἀσπίδες
1485 584 1532 627 δὲ

153 648 328 696 πλείους
366 651 452 689 τῶν
490 649 661 717 μυρίων
692 645 1009 714 ἀπηνέχθησαν.
1068 642 1236 687 τούτων
1267 640 1310 685 6'
1340 642 1530 693 ὕστερον

152 719 207 746 τα
245 703 325 758 μὲν
364 702 412 746 ἐν
440 708 532 754 τοῖς
562 704 608 746 έν
647 701 956 756 Συρακούσαις
995 706 1122 751 ναοῖς
1151 698 1360 755 ἀνετέθη
1402 696 1454 741 τά
1484 697 1530 741 δὲ

153 763 244 810 τοῖς
273 758 514 831 συμμάχοις
544 762 816 816 διεμερίσθη,
853 757 949 801 τινὰ
977 757 1020 801 δ’
1051 759 1109 808 είς
1139 756 1370 812 Κόρινθον
1404 759 1530 822 Τιμο-

153 815 265 861 λέων
299 815 530 867 ἀπέστειλε,
559 817 799 871 προςτάξας
830 818 888 866 εἰς
917 813 966 858 τὸ
999 819 1078 859 τοῦ
1102 816 1381 863 Ποσειδῶνος
1411 810 1531 881 ἱερὸν

155 870 398 917 ἀναθεῖναι.
447 877 622 916 πολλῶν
652 874 697 917 δὲ
725 871 957 945 χρημάτων
987 871 1355 926 καταληφθέντων
1387 868 1459 914 διὰ
1480 867 1529 911 τὸ

154 930 229 973 καὶ
268 930 375 981 τοὺς
414 933 746 1002 Καρχηδονίους
794 928 1017 998 ἐσχηκέναι
1059 933 1226 983 πληθος
1267 924 1532 996 ἐκπωμάτων

155 985 362 1041 ἀργυρων
389 1003 434 1031 τε
461 988 536 1031 καὶ
565 991 754 1058 χρυσῶν,
783 987 844 1030 ἔτι
875 986 920 1029 δὲ
950 985 1028 1029 τὸν
1052 984 1187 1029 ἀλλον
1211 983 1379 1054 κόσμον
1400 981 1532 1037 ὑπερ-

153 1043 374 1113 βάλλοντα
417 1043 489 1088 διὰ
531 1046 580 1088 τὸ
630 1045 816 1101 μέγεθος
857 1047 932 1098 τῆς
971 1041 1076 1096 παρ’
1121 1040 1270 1092 αὐτοῖς
1307 1039 1531 1095 εὐπορίας,

153 1099 325 1144 ἅπαντα
363 1100 634 1169 συνεχώρησε
669 1106 760 1152 τοῖς
793 1099 1073 1155 στρατιώταις
1111 1100 1220 1156 ἔχειν
1257 1097 1427 1142 ε’παθλα
1455 1100 1531 1151 τῆς

153 1155 467 1228 ἀνδραγαθίας.
522 1162 612 1202 τῶν
645 1158 691 1202 δὲ
721 1159 1037 1227 Καρχηδονίων
1068 1158 1111 1199 οἰ
1138 1154 1438 1225 διαφυγόντες
1451 1153 1530 1197 τόν

153 1213 201 1257 ἓν
238 1219 292 1272 τῇ
330 1214 448 1284 μάχῃ
478 1217 689 1259 κίνδυνον
717 1214 840 1284 μόλις
869 1216 927 1264 εἰς
955 1212 1004 1257 vd
1035 1211 1281 1268 Λιλύβαιον
1311 1209 1532 1265 διεσώθη-

155 1282 252 1314 σαν.
308 1271 499 1342 τοσαύτη
540 1271 583 1316 δ’
625 1271 786 1324 αὐτούς
820 1271 1082 1324 κατάπληξις
1110 1271 1183 1314 καὶ
1214 1270 1311 1320 δέος
1341 1273 1533 1323 κατεῖχεν

156 1327 261 1379 ω’ςτε
289 1345 358 1398 μη
386 1332 554 1398 τολμᾶν
587 1330 646 1380 είς
675 1328 754 1380 τοὶς
785 1332 896 1379 ναῦς
925 1328 1147 1397 ἐμβαίνειν
1184 1324 1287 1383 μηδ’
1322 1325 1531 1370 ἀποπλεῖν

155 1386 216 1435 εἰς
233 1383 352 1455 τὴν
370 1384 565 1457 Λιβύην,
614 1385 670 1437 ὠς
707 1384 779 1430 διὰ
821 1385 899 1442 τήν
938 1390 1024 1428 τῶν
1063 1388 1183 1428 θεων
1221 1382 1533 1439 ἀλλοτριότητα

154 1439 267 1495 πρὸς
297 1439 458 1494 αὐτοὺς
486 1441 574 1486 ὑπὸ
603 1446 685 1486 τοῦ
714 1446 911 1498 Λιβυκοῦ
933 1441 1152 1498 πελάγους
1178 1440 1532 1497 καταποθησομέ-

155 1513 272 1549 νους.
331 1501 376 1542 οἱ
405 1498 446 1542 δ’
478 1499 524 1542 ἐν
552 1504 606 1556 τῇ
623 1499 873 1557 Καρχηδόνι
901 1499 1148 1554 πυθόμενοι
1176 1498 1226 1542 τὸ
1256 1499 1440 1568 μέγεθος
1457 1501 1534 1552 τῆς

156 1560 401 1610 συμφορᾶς,
428 1559 744 1611 συνετρίβησαν
772 1562 865 1608 ταῖς
884 1561 1058 1612 ψυχαῖς,
1091 1556 1165 1599 καὶ
1187 1556 1415 1609 συντόμως
1434 1555 1534 1597 ὑπε-

154 1611 382 1681 λάμβανον
417 1612 536 1684 ἥξειν
576 1613 648 1656 ἐπ’
691 1612 855 1664 αὐτούς
891 1613 968 1656 τὸν
1007 1612 1278 1685 Τιμολέοντα
1314 1611 1421 1668 μετά
1457 1614 1534 1667 τῆς

156 1667 397 1724 δυνάμεως.
464 1669 602 1721 εὐθύς
640 1670 686 1714 δὲ
724 1671 932 1714 Γέσκωνα
972 1669 1050 1713 τὸν
1076 1669 1300 1720 ’Ἄννωνος
1338 1684 1534 1737 πεφυγα-

156 1726 370 1780 δευμένον
418 1727 665 1783 κατήγαγον
701 1727 775 1770 καὶ
815 1726 1058 1782 στρατηγὸν
1105 1725 1332 1778 ἀπέδειξαν
1371 1723 1444 1768 διὰ
1485 1722 1534 1767 τὸ

157 1783 304 1826 δοκεῖν
333 1781 470 1841 τόλμῃ
498 1800 542 1827 τε
571 1784 643 1827 καὶ
673 1787 908 1853 στρατηγίᾳ
938 1783 1170 1838 διαφέρειν.
1211 1782 1338 1827 αὐτοὶ
1359 1779 1402 1825 δ’
1427 1781 1537 1849 ἓκρι.

155 1855 240 1882 ναν
268 1844 506 1892 πολιτικοῖς
529 1858 608 1897 μεν
636 1840 807 1912 σωμασι
835 1841 894 1897 μὴ
924 1840 1288 1887 διακινδυνεύειν
1319 1837 1537 1908 μισθοφό-

157 1912 265 1950 ρους
285 1897 331 1940 δε
354 1896 602 1948 ἀλλοεθνεῖς
624 1896 816 1954 ἀθροίζει
818 1914 857 1950 ν,
888 1898 960 1941 καὶ
981 1897 1183 1952 μάλιστα
1183 1898 1396 1966 Έλληνας.
1427 1895 1536 1939 ὑπα-

155 1953 398 1997 κούσεσθαι
430 1953 480 1998 δ’
520 1954 668 2024 αότοῖς
704 1957 812 2010 πρὸς
841 1954 921 2010 τήν
951 1957 1176 2008 στρατείαν
1209 1953 1400 2003 πολλοὺς
1429 1952 1534 1995 ὑπε-

155 2009 383 2066 λάμβανον
421 2010 494 2054 διὰ
529 2011 580 2056 τὸ
615 2013 796 2068 μέγεθος
835 2017 906 2068 τῆς
928 2016 1217 2081 μισθοφορᾶς
1246 2013 1320 2055 καὶ
1348 2027 1429 2079 την
1462 2008 1535 2053 εὕ-

155 2069 318 2120 πορίαν
341 2071 417 2124 τῆς
447 2070 741 2141 Καρχηδόνος.
801 2071 861 2120 εἰς
899 2069 944 2112 δε
973 2086 1054 2124 την
1085 2071 1294 2113 Σικελίαν
1323 2069 1427 2116 τοὺς
1457 2065 1535 2110 εὕ-

155 2123 316 2195 θέτους
355 2125 556 2194 πρέσβεις
593 2126 858 2200 {gk'stepulyav3
908 2125 1218 2180 προςτάξαντες
1260 2123 1334 2182 ἐφ’
1377 2122 1444 2176 οἷς
1477 2123 1534 2167 ἂν

157 2176 188 2238 ᾗ
216 2180 407 2225 δυνατὸν
437 2183 681 2228 συνθέσθαι
692 2184 788 2254 τὴν
819 2181 1009 2238 εἰρήνην.

274 2242 367 2286 To6
397 2239 440 2283 δ’
471 2241 594 2292 ε’τους
623 2240 785 2286 τούτου
817 2242 1067 2291 διελθόντος
1092 2238 1302 2296 Ἀθήνησι
1328 2255 1408 2296 μεν
1430 2232 1532 2309 ἦρχε

157 2297 513 2352 Λυσιμαχίδης,’
496 2315 543 2342 εν
565 2296 708 2370 Ῥώμῃ
739 2299 785 2342 δὲ
812 2297 974 2342 ὕπατοι
1007 2298 1366 2353 καθειστήκεισαν
1395 2295 1534 2340 Κόϊν-

158 2368 232 2403 τος
260 2356 516 2409 Σερουίλιος
544 2356 619 2400 καὶ
646 2354 855 2411 Μάρκιος
879 2353 1113 2407 Ρούτιλος.
1181 2356 1251 2400 ἐπὶ
1294 2354 1340 2399 δὲ
1368 2353 1538 2398 τούτων

161 2463 220 2499 66.
265 2461 306 2502 δ’
336 2467 397 2501 FL
418 2469 473 2502 vel
497 2469 531 2503 T
714 2467 774 2514 ἔλή
780 2470 956 2516 φθησαν]
988 2467 1248 2514 διελήφθησαν
1271 2471 1354 2504 Bas.

161 2510 218 2549 67
266 2510 336 2547 οὐκ
359 2511 530 2555 ἐλάττους
551 2516 698 2560 LQXY,
723 2519 770 2551 ad
795 2518 830 2551 X
848 2518 960 2551 millia
985 2516 1126 2562 Cospus,
1150 2517 1277 2552 caeteri
1299 2516 1449 2556 πλείους

252 2557 311 2593 74
351 2557 642 2618 ἀπηνέχθησαν]
676 2561 892 2622 ἀνήχθησαν
916 2564 977 2598 LY
1000 2564 1085 2598 Bas.
1245 2563 1302 2599 80.
1351 2563 1413 2598 καὶ
1435 2560 1538 2604 τούς]

161 2603 272 2638 immo
293 2606 382 2647 τούς
571 2609 627 2647 86.
677 2609 716 2645 δ’
750 2612 779 2644 F
977 2609 1033 2645 88.
1082 2605 1263 2646 ἀποπλεῖν
1286 2628 1331 2635 -
1354 2610 1410 2644 89.
1436 2610 1538 2644 θεῶν

163 2661 234 2683 om.
257 2651 341 2686 Bas.
507 2654 566 2690 94.
612 2654 752 2702 εὐθύς]
780 2653 877 2692 εὕθῦ
901 2657 934 2691 Τ
958 2657 1038 2691 Bas.
1197 2657 1255 2691 96.
1301 2669 1341 2692 τε
1365 2656 1449 2700 καὶ]
1474 2655 1539 2691 καὶ

161 2696 244 2730 Bas·
449 2699 528 2736 100.
575 2704 724 2748 αὐτοῖς]
769 2702 908 2743 αὐτούς
930 2704 990 2737 FL
1195 2704 1229 2738 1.
1275 2703 1541 2748 μισθοφορας]

163 2745 361 2800 συμφορᾶς
381 2744 444 2779 FY
466 2747 548 2780 Bas.
729 2749 764 2783 7.
811 2748 986 2793 ,Μάρκιος
1009 2749 1146 2785 Livius.
1171 2749 1254 2790 libri
1278 2750 1438 2796 ,Μάρκος

253 2785 470 2835 Ῥοντίλλιος
496 2794 596 2836 Bas„
624 2796 751 2830 caeteri
773 2791 971 2843 Ροντίλιος

1560 866 1615 905 81

1563 924 1616 963 80

1560 1148 1615 1192 85

1561 1439 1616 1479 90

1563 1670 1619 1715 95

1567 1958 1647 1997 100

1560 2219 1616 2259 82

1564 2276 1591 2315 5
