1820 3249
302 135 414 175 1258
713 129 1007 173 L1B.XV111.
1065 130 1198 173 cAP
1227 135 1267 174 3.

300 245 495 314 Συρίαν,
529 241 704 300 Φιλωτᾳ
733 243 780 287 δὲ
807 243 1026 294 Κιλικίαν,
1057 241 1131 286 καὶ
1162 243 1348 286 Πύθωνι
1378 243 1456 297 μὲν
1491 245 1676 315 Μηδίαν,

301 298 492 371 Εὐμένει
532 301 578 344 δὲ
616 301 936 369 Παφλαγονίαν
973 300 1047 344 καὶ
1085 302 1405 343 Καππαδοκίαν
1435 300 1509 343 καὶ
1537 299 1679 353 πάσας

298 375 377 409 τας
417 357 735 411 συνοριζούσας
772 356 953 408 ταύταις
992 355 1164 413 χώρας,
1213 356 1264 407 ἃς
1287 356 1566 409 Ἀλέξανδρος
1595 358 1677 401 οὐκ

214 420 270 460 70
299 414 494 471 ἐπῆλθεν
532 414 793 465 ἐκκλεισθεὶς
829 413 919 457 ὑπὸ
954 418 1045 456 τῶν
1085 418 1280 467 καιρῶν,
1329 412 1400 457 ὅτε
1438 414 1678 469 διεπολέμει

293 472 405 526 πρὸς
435 476 644 526 Δαρεῖον,
668 468 900 527 Ἀντιγόνῳ
930 470 976 514 δὲ
1006 472 1278 540 Παμφυλίαν
1307 470 1380 513 καὶ
1403 471 1574 513 Λυκίαν
1603 471 1677 514 καὶ

293 529 375 585 τὴν
403 527 597 584 μεγαλην
626 528 902 583 καλουμένην
922 531 1136 582 Φρυγίαν,
1166 526 1271 582 μετὰ
1295 527 1341 570 δὲ
1364 530 1501 570 ταῦτα
1522 525 1678 571 Ἀσάν-

295 589 386 659 δρῳ
410 585 489 638 μὲν
506 586 694 654 Καρίαν,
723 586 966 641 Μελεαγρῳ
993 585 1038 627 δὲ
1058 587 1242 636 Λυδίαν,
1273 582 1507 643 Λεοννατῳ
1531 583 1577 628 δὲ
1596 583 1678 641 τὴν

208 647 264 689 75
294 632 369 699 ἐφ
393 627 693 712 Ελληςπόντῳ
737 644 948 712 Φρυγίαν.
1008 645 1137 685 αὑται
1175 641 1256 696 μὲν
1301 637 1384 684 οὖν
1427 643 1473 683 αἱ
1517 653 1676 693 σατρα-

293 705 412 744 πεῖαι
429 704 588 743 τοῦτον
618 699 697 742 τὸν
723 698 890 768 τρόπον
920 698 1227 753 ἐμερίσθησαν.
1287 696 1397 741 κατα
1423 699 1469 741 δὲ
1491 697 1569 753 τὴν
1587 695 1674 741 Ev’-

294 757 449 828 ρωπην
481 756 717 826 Λυσιμάχῳ
748 756 828 826 μὲν
856 754 992 810 ἐδόθη
1023 756 1177 825 Θρᾴκη
1205 754 1279 798 καὶ
1305 754 1357 797 τὰ
1388 757 1674 824 συνορίζοντα

291 819 381 857 τῶν
409 814 556 857 ἐθνῶν
585 829 703 868 παρα
731 811 812 882 τὴν
843 811 1066 867 Ποντικὴν
1095 801 1344 862 θάλατταν,
1385 828 1412 866 η
1444 810 1490 854 δε
1518 815 1674 855 Μακε-

293 873 423 915 ὸονία
460 871 533 914 καὶ
561 870 615 913 τά
651 868 952 941 πλησιόχωρα
964 874 1054 913 τῶν
1084 869 1230 913 ἐθνῶν
1254 864 1518 924 Ἀντιπάτρῳ
1547 884 1674 920 προς-

207 931 261 970 80
292 929 480 983 ωρίσθη·
511 926 589 978 τὰς
621 926 667 970 δὲ
696 943 807 970 κατα
835 926 924 996 τὴν
941 924 1083 970 Ἀσίαν
1103 924 1496 994 παραλελειμμένας
1509 935 1672 992 σατρα-
1683 927 1751 963 259

289 987 413 1035 πείας
450 985 569 1036 ἔδοξε
600 983 659 1039 μὴ
688 988 853 1028 κινεῖν,
899 979 993 1026 αλλ’
1026 984 1102 1027 ἐᾶν
1130 983 1217 1026 ὑπὸ
1247 981 1351 1033 τούς
1381 979 1548 1031 αὐτούς
1574 981 1673 1038 ἡγε-

288 1042 429 1098 μόνας
457 1041 725 1096 τεταγμένας.
784 1038 956 1084 τούτων
987 1041 1032 1083 δὲ
1061 1039 1140 1096 τὴν
1169 1040 1490 1093 συνορίζουσαν
1516 1050 1672 1093 σατρα

287 1101 417 1142 πείαν
458 1102 551 1149 τοῖς
577 1098 676 1148 περὶ
711 1099 896 1152 Ταξίλην
924 1099 1150 1168 βασιλεῦσι
1180 1096 1471 1166 συνεχῳρησε·
1517 1094 1596 1148 τὴν
1625 1095 1671 1139 δὲ

288 1155 407 1212 παρὰ
444 1154 524 1199 τὸν
551 1154 793 1198 Καύκασον
821 1155 1045 1225 κειμένην,
1087 1152 1417 1209 ὀνομαζομένην
1447 1152 1493 1195 δὲ
1524 1155 1673 1206 Παρο-

205 1217 261 1260 85
289 1215 561 1272 παμισαδῶν,
579 1209 850 1267 προςώρισεν
862 1209 1076 1268 Ὀξυαρτῃ
1095 1229 1153 1269 τῳ
1174 1212 1436 1281 Βακτριανῷ
1456 1210 1674 1264 [βασιλεῖ],

290 1273 346 1315 οὐ
383 1287 462 1325 την
501 1269 727 1324 θυγατέρα
760 1268 988 1340 Ρωξάνην,
1013 1267 1265 1324 γεγαμηκώς
1301 1262 1357 1322 ἦν
1381 1253 1671 1318 Ἀλέξανδρος.

288 1329 362 1372 καὶ
399 1328 650 1399 Σιβυρτίῳ
665 1326 744 1379 μὲν
783 1326 943 1368 ε’δωκεν
977 1324 1252 1397 Ἀραχωσίαν
1284 1323 1360 1367 καὶ
1397 1324 1670 1375 Κεδρωσίαν,

289 1385 546 1437 Στασάνορι
571 1383 641 1426 δε
632 1387 692 1440 τῷ
715 1384 863 1439 Σολίῳ
881 1399 961 1438 την
985 1379 1155 1436 Ἀρείαν
1183 1381 1257 1424 καὶ
1282 1377 1561 1434 Δραγγηνήν,
1593 1382 1673 1422 Φι-

201 1448 258 1487 90
286 1445 431 1513 λίππῳ
462 1442 507 1485 δὲ
536 1428 784 1494 προςῶρισε
805 1440 1084 1510 Βακτριανὴν
1100 1438 1173 1482 καὶ
1194 1436 1462 1493 Σογδιανήν,
1497 1440 1670 1491 Φρατα-

285 1499 430 1555 φὲρνῃ
461 1498 508 1541 δὲ
538 1497 808 1552 Παρθυαίαν
835 1497 909 1540 καὶ
933 1494 1192 1551 Y9uocm'av‚
1231 1495 1306 1539 καὶ
1337 1491 1562 1562 Πευκέστῃ
1591 1509 1671 1547 μεν

283 1557 504 1627 Περσίδα,
540 1553 802 1624 Τληπολέμῳ
833 1553 880 1597 δὲ
909 1555 1196 1608 Καρμανίαν,
1221 1549 1463 1606 Ἀτροπάτη
1496 1550 1541 1593 δὲ
1570 1553 1669 1605 Μη-

283 1615 398 1664 δίαν,
419 1611 610 1667 ’Ἄρχωνι
640 1611 687 1654 δὲ
716 1609 796 1666 τὴν
825 1612 1127 1683 Βαβυλωνίαν
1155 1607 1418 1664 Ἀρκεσιλάῳ
1450 1607 1496 1650 δὲ
1523 1610 1669 1649 Μεσο-

281 1671 516 1725 ποταμίαν
577 1668 802 1711 Σέλευκον
839 1665 885 1710 δ’
922 1667 1068 1720 ε’ταξεν
1107 1667 1176 1710 ἐπὶ
1207 1667 1287 1722 τὴν
1316 1664 1552 1735 ἱππαρχίαν
1579 1679 1669 1706 των

197 1725 252 1768 95
284 1727 480 1782 ἑταίρων,
513 1720 654 1769 οὖσαν
664 1723 1044 1795 έπιφανεστατην.
1101 1722 1261 1779 ταύτης
1287 1722 1370 1777 γὰρ
1394 1719 1667 1775 Ἡφαιστίων

279 1800 359 1857 μεν
387 1785 560 1838 πρῶτος
589 1780 796 1852 ἡγησατο,
833 1781 937 1835 μετὰ
966 1780 1012 1824 δὲ
1040 1784 1201 1824 τοῦτον
1232 1779 1490 1831 Περδίκκας,
1520 1779 1667 1830 τρίτος

280 1840 390 1885 δ’ὁ
431 1838 746 1895 προειρημένος
783 1838 1012 1888 Σέλευκος.
1073 1837 1235 1891 ὁιιοίως
1274 1836 1321 1879 δὲ
1361 1834 1435 1878 καὶ
1477 1835 1665 1902 Ταξίλην
1710 1882 1723 1895 .

278 1898 354 1943 καὶ
378 1901 541 1951 Πῶρον
569 1896 776 1953 κυρίους
784 1900 898 1937 εἰναι
924 1899 1015 1937 τῶν
1043 1895 1170 1938 ἰδίων
1188 1895 1431 1948 βασιλειῶν,
1460 1888 1662 1943 καθάπερ

280 1953 416 2006 αὐτὸς
438 1952 719 2007 Ἀλέξανδρος
747 1954 804 2007 ἠν
833 1950 1028 2007 τεταχώς.
1089 1951 1159 1994 ἐπὶ
1189 1951 1235 1994 δε
1262 1966 1343 2019 την
1365 1948 1662 2017 κατακομιδὴν

173 2019 252 2062 100
281 2016 364 2055 τοῦ
404 2010 604 2082 σώματος
642 2009 718 2053 καὶ
751 2008 832 2078 τὴν
870 2008 1145 2062 κατασκευήν
1185 2011 1261 2063 τῆς
1299 2004 1552 2060 ἁρμαμαξης
1585 2008 1662 2058 τῆς

278 2066 520 2126 μελλούσης
547 2067 740 2123 κομίζειν
759 2065 809 2109 τό
837 2068 963 2121 σωμα
985 2069 1065 2108 τοῦ
1083 2062 1432 2120 τετελευτηκότος
1452 2060 1663 2117 βασιλέως

277 2238 337 2274 67.
362 2235 534 2282 Εὐμένει]
555 2231 754 2292 Ευμενεῖν
893 2234 952 2270 72.
975 2230 1658 2280 '11602216990ersse1ingiuszlibriKuco'-

282 2284 399 2328 σάνδρ
404 2297 432 2318 ω
456 2285 512 2317 vel
538 2280 748 2327 Κασάνδρῳ
923 2280 980 2316 77.
1024 2279 1217 2317 θάλατταν
1240 2281 1292 2323 F,
1317 2278 1444 2314 caeteri
1465 2277 1660 2313 θάλασσαν

369 2331 450 2365 )59.
481 2329 536 2364 83.
584 2295 715 2373 παρὰ]
736 2326 820 2370 περὶ
844 2327 891 2361 W
1042 2327 1100 2362 84
1150 2324 1506 2380 Παροπαμισαδων]
1534 2325 1662 2369 Παρο-

277 2376 496 2412 πανισαδῶν
520 2375 596 2413 TV,
620 2371 939 2417 παροπανισάδων
961 2373 1005 2413 F,
1026 2369 1348 2418 παροπαμισάδων
1370 2372 1453 2405 Bas.

277 2423 335 2458 85.
387 2422 625 2467 Βακτριανῷ]
666 2420 906 2466 Βακτριανῶν
928 2420 1006 2454 FW
1191 2420 1336 2466 βασιλεῖ
1355 2418 1446 2452 delet
1467 2416 1659 2451 Wesselin—

275 2469 357 2514 gius
538 2468 597 2502 87.
644 2466 853 2515 Σιβυρτίῳ]
892 2464 1076 2512 συβυρτίῳ
1100 2466 1128 2500 F
1323 2463 1565 2508 Κεδρωσίαν]
1594 2465 1659 2498 Γε

278 2516 444 2559 δρωσίαν
469 2515 575 2550 Fvw
760 2513 818 2548 88.
864 2514 918 2558 τῷ
939 2523 1009 2547 om.
1032 2513 1116 2547 Bam
1301 2509 1452 2557 Σολίῳ]
1488 2508 1659 2565 Σολιωτῃ

277 2562 338 2596 Fv
344 2562 386 2595 W
569 2558 732 2617 Ἀρείαν]
757 2557 867 2603 ἀρίαν
890 2546 974 2593 ‘Bas-
1157 2558 1411 2614 Δραγγηνήν]
1440 2553 1657 2613 δραγγεινήν

277 2607 322 2649 Β,
346 2607 474 2643 caeteri
501 2605 710 2652 Δραγγινήν
875 2604 935 2640 89.
977 2605 1032 2641 Σο
1036 2601 1191 2651 γδιανην
1213 2605 1258 2646 ’1,
1282 2604 1414 2640 caeteri
1437 2602 1658 2649 Σαρδιανὴν

458 2654 516 2689 90.
566 2650 837 2698 Φραταφέρνῃ]
868 2651 1017 2685 fortasse
1045 2655 1198 2694 praestat
1226 2650 1490 2697 Φραταφέρνει

272 2700 332 2734 91.
374 2697 575 2746 Ἀτροπατῃ
598 2698 834 2754 Bongarszus·
857 2696 940 2731 libri
960 2694 1117 2743 Ἀτραπῃ
1277 2697 1335 2732 94.
1381 2695 1565 2740 ἑταίρων]
1589 2691 1657 2729 ἑτέ-

272 2759 350 2804 ρων
373 2747 456 2782 Bas.
639 2745 697 2803 95
744 2741 811 2788 μὲν
824 2755 982 2801 πρωτος
1003 2744 1072 2784 W,
1104 2744 1253 2804 πρῶτος
1276 2745 1330 2787 F,
1360 2742 1494 2778 caeteri
1515 2741 1659 2788 πρῶτος

273 2791 342 2838 μὲν
524 2791 582 2827 99.
628 2789 677 2837 ἥν
699 2788 871 2835 τεταχώς]
897 2788 1112 2835 τεταγμένος
1134 2791 1196 2828 καὶ
1219 2802 1378 2838 τεταχως
1403 2790 1439 2825 Χ
