<?xml version="1.0" encoding="UTF-8"?>
<!DOCTYPE html PUBLIC "-//W3C//DTD XHTML 1.0 Transitional//EN"
    "http://www.w3.org/TR/xhtml1/DTD/xhtml1-transitional.dtd">
<html xmlns="http://www.w3.org/1999/xhtml" xml:lang="en" lang="en">
 <head>
  <title>
</title>
<meta http-equiv="Content-Type" content="text/html;charset=utf-8" />
  <meta name='ocr-system' content='tesseract 3.04.00' />
  <meta name='ocr-capabilities' content='ocr_page ocr_carea ocr_par ocr_line ocrx_word'/>
</head>
<body>
  <div class='ocr_page' id='page_1' title='image "./p1bibliothecahisto02dioduoft_0166.png"; bbox 0 0 1820 3249; ppageno 0'>
   <div class='ocr_carea' id='block_1_1' title="bbox 289 103 1244 154">
    <p class='ocr_par' dir='ltr' id='par_1_1' title="bbox 289 103 1244 154">
     <span class='ocr_line' id='line_1_1' title="bbox 289 103 1244 154; baseline -0.004 -1"><span class='ocrx_word' id='word_1_1' title='bbox 289 112 400 154; x_wconf 79' lang='lat'>1090</span> <span class='ocrx_word' id='word_1_2' title='bbox 697 103 957 147; x_wconf 87' lang='lat' dir='ltr'>LIB.XV1.</span> <span class='ocrx_word' id='word_1_3' title='bbox 1013 103 1140 147; x_wconf 79' lang='lat' dir='ltr'><strong><em>GAP.</em></strong></span> <span class='ocrx_word' id='word_1_4' title='bbox 1176 106 1244 149; x_wconf 79' lang='grc'><strong><em>52-</em></strong></span> 
     </span>
    </p>
   </div>
   <div class='ocr_carea' id='block_1_2' title="bbox 206 205 1749 2431">
    <p class='ocr_par' dir='ltr' id='par_1_2' title="bbox 206 205 1749 2431">
     <span class='ocr_line' id='line_1_2' title="bbox 206 205 1661 287; baseline -0.001 -24"><span class='ocrx_word' id='word_1_5' title='bbox 206 205 263 244; x_wconf 73' lang='lat'><strong><em>52</em></strong></span> <span class='ocrx_word' id='word_1_6' title='bbox 403 216 498 263; x_wconf 65' lang='lat' dir='ltr'><strong><em>”Ez</em></strong></span> <span class='ocrx_word' id='word_1_7' title='bbox 528 217 738 274; x_wconf 76' lang='grc' dir='ltr'><strong><em>ἄρχοντος</em></strong></span> <span class='ocrx_word' id='word_1_8' title='bbox 767 213 814 261; x_wconf 84' lang='grc' dir='ltr'><strong><em>δ’</em></strong></span> <span class='ocrx_word' id='word_1_9' title='bbox 837 214 1046 287; x_wconf 78' lang='grc' dir='ltr'><strong><em>Ἀθήνησι</em></strong></span> <span class='ocrx_word' id='word_1_10' title='bbox 1059 215 1348 287; x_wconf 79' lang='grc' dir='ltr'><em>Καλλιμάχου</em></span> <span class='ocrx_word' id='word_1_11' title='bbox 1362 215 1568 272; x_wconf 84' lang='grc' dir='ltr'><strong><em>Ῥωμαῖοι</em></strong></span> <span class='ocrx_word' id='word_1_12' title='bbox 1586 233 1661 261; x_wconf 82' lang='grc' dir='ltr'><strong><em>κα-</em></strong></span> 
     </span>
     <span class='ocr_line' id='line_1_3' title="bbox 206 259 1662 347; baseline -0.002 -26"><span class='ocrx_word' id='word_1_13' title='bbox 206 259 262 301; x_wconf 73' lang='lat'><strong><em>25</em></strong></span> <span class='ocrx_word' id='word_1_14' title='bbox 291 276 500 347; x_wconf 85' lang='grc' dir='ltr'><strong><em>τέστησαυ</em></strong></span> <span class='ocrx_word' id='word_1_15' title='bbox 535 275 733 325; x_wconf 81' lang='grc' dir='ltr'><strong>ὑπάτους</strong></span> <span class='ocrx_word' id='word_1_16' title='bbox 765 273 975 326; x_wconf 80' lang='grc' dir='ltr'><strong><em>Μάρκιον</em></strong></span> <span class='ocrx_word' id='word_1_17' title='bbox 1005 272 1140 318; x_wconf 73' lang='grc' dir='ltr'><strong><em>Γάιον</em></strong></span> <span class='ocrx_word' id='word_1_18' title='bbox 1169 275 1244 317; x_wconf 82' lang='grc' dir='ltr'><strong><em>καὶ</em></strong></span> <span class='ocrx_word' id='word_1_19' title='bbox 1274 273 1471 317; x_wconf 87' lang='grc' dir='ltr'><strong><em>Πόπλιον</em></strong></span> <span class='ocrx_word' id='word_1_20' title='bbox 1502 274 1662 319; x_wconf 81' lang='grc' dir='ltr'><strong><em>Οὐαλέ-</em></strong></span> 
     </span>
     <span class='ocr_line' id='line_1_4' title="bbox 292 330 1664 402; baseline -0.004 -24"><span class='ocrx_word' id='word_1_21' title='bbox 292 350 405 390; x_wconf 89' lang='grc' dir='ltr'><strong><em>ριον.</em></strong></span> <span class='ocrx_word' id='word_1_22' title='bbox 465 333 532 376; x_wconf 83' lang='grc' dir='ltr'><strong><em>ἐπὶ</em></strong></span> <span class='ocrx_word' id='word_1_23' title='bbox 571 333 617 375; x_wconf 80' lang='grc' dir='ltr'><strong><em>δὲ</em></strong></span> <span class='ocrx_word' id='word_1_24' title='bbox 655 330 824 375; x_wconf 78' lang='grc' dir='ltr'><strong><em>τούτων</em></strong></span> <span class='ocrx_word' id='word_1_25' title='bbox 855 331 1130 402; x_wconf 77' lang='grc' dir='ltr'><strong><em>Ἀρταξέρξης</em></strong></span> <span class='ocrx_word' id='word_1_26' title='bbox 1165 330 1280 386; x_wconf 78' lang='grc' dir='ltr'><strong><em>ὁρῶν</em></strong></span> <span class='ocrx_word' id='word_1_27' title='bbox 1309 331 1493 386; x_wconf 86' lang='grc' dir='ltr'><strong><em>μεγαλας</em></strong></span> <span class='ocrx_word' id='word_1_28' title='bbox 1522 330 1664 388; x_wconf 75' lang='grc' dir='ltr'><strong><em>ἑαυτῷ</em></strong></span> 
     </span>
     <span class='ocr_line' id='line_1_5' title="bbox 291 376 1714 458; baseline -0.004 -23"><span class='ocrx_word' id='word_1_29' title='bbox 291 388 618 458; x_wconf 79' lang='grc' dir='ltr'><strong><em>παρεσχημένον</em></strong></span> <span class='ocrx_word' id='word_1_30' title='bbox 664 390 807 444; x_wconf 81' lang='grc' dir='ltr'><strong><em>χρείας</em></strong></span> <span class='ocrx_word' id='word_1_31' title='bbox 851 387 897 430; x_wconf 89' lang='lat' dir='ltr'><strong><em>3v</em></strong></span> <span class='ocrx_word' id='word_1_32' title='bbox 941 391 1002 446; x_wconf 78' lang='grc' dir='ltr'><strong><em>τῷ</em></strong></span> <span class='ocrx_word' id='word_1_33' title='bbox 1039 389 1148 442; x_wconf 88' lang='grc' dir='ltr'><strong><em>πρὸς</em></strong></span> <span class='ocrx_word' id='word_1_34' title='bbox 1185 390 1450 442; x_wconf 85' lang='grc' dir='ltr'><strong><em>Αἰγυπτίους</em></strong></span> <span class='ocrx_word' id='word_1_35' title='bbox 1488 376 1663 445; x_wconf 66' lang='grc' dir='ltr'><strong><em>πολέμᾷ)</em></strong></span> <span class='ocrx_word' id='word_1_36' title='bbox 1702 422 1714 431; x_wconf 33' lang='grc' dir='ltr'><strong><em>ε</em></strong></span> 
     </span>
     <span class='ocr_line' id='line_1_6' title="bbox 208 443 1663 516; baseline -0.004 -25"><span class='ocrx_word' id='word_1_37' title='bbox 208 459 262 498; x_wconf 85' lang='grc'><strong><em>30</em></strong></span> <span class='ocrx_word' id='word_1_38' title='bbox 294 449 503 502; x_wconf 84' lang='grc' dir='ltr'><strong><em>Μέντορα</em></strong></span> <span class='ocrx_word' id='word_1_39' title='bbox 540 446 617 488; x_wconf 86' lang='grc' dir='ltr'><strong><em>τὸν</em></strong></span> <span class='ocrx_word' id='word_1_40' title='bbox 650 443 912 516; x_wconf 80' lang='grc' dir='ltr'><strong><em>στρατηγόν,</em></strong></span> <span class='ocrx_word' id='word_1_41' title='bbox 962 459 1155 499; x_wconf 84' lang='grc' dir='ltr'><strong><em>προηγεν</em></strong></span> <span class='ocrx_word' id='word_1_42' title='bbox 1191 444 1327 487; x_wconf 80' lang='grc' dir='ltr'><strong><em>αὐτὸν</em></strong></span> <span class='ocrx_word' id='word_1_43' title='bbox 1365 445 1548 500; x_wconf 77' lang='grc' dir='ltr'><strong><em>μάλιστα</em></strong></span> <span class='ocrx_word' id='word_1_44' title='bbox 1577 449 1663 487; x_wconf 82' lang='grc' dir='ltr'><strong><em>τῶν</em></strong></span> 
     </span>
     <span class='ocr_line' id='line_1_7' title="bbox 294 499 1665 574; baseline -0.003 -27"><span class='ocrx_word' id='word_1_45' title='bbox 294 506 450 574; x_wconf 84' lang='grc' dir='ltr'><strong><em>φίλων.</em></strong></span> <span class='ocrx_word' id='word_1_46' title='bbox 488 502 690 572; x_wconf 74' lang='grc' dir='ltr'><strong><em>τιμήσας</em></strong></span> <span class='ocrx_word' id='word_1_47' title='bbox 698 500 740 544; x_wconf 86' lang='lat'><strong><em>6&#39;</em></strong></span> <span class='ocrx_word' id='word_1_48' title='bbox 773 501 1003 555; x_wconf 90' lang='grc' dir='ltr'><strong><em>αριστείοις</em></strong></span> <span class='ocrx_word' id='word_1_49' title='bbox 1032 500 1112 543; x_wconf 81' lang='grc' dir='ltr'><strong><em>τόν</em></strong></span> <span class='ocrx_word' id='word_1_50' title='bbox 1142 500 1282 555; x_wconf 80' lang='grc' dir='ltr'><strong><em>ἄνδρα</em></strong></span> <span class='ocrx_word' id='word_1_51' title='bbox 1314 501 1560 556; x_wconf 84' lang='grc' dir='ltr'><strong><em>ἐδωρήσατο</em></strong></span> <span class='ocrx_word' id='word_1_52' title='bbox 1588 499 1665 543; x_wconf 81' lang='grc' dir='ltr'><strong><em>αὐ-</em></strong></span> 
     </span>
     <span class='ocr_line' id='line_1_8' title="bbox 292 556 1664 618; baseline -0.003 -14"><span class='ocrx_word' id='word_1_53' title='bbox 292 578 353 618; x_wconf 82' lang='grc' dir='ltr'><strong><em>τῳ</em></strong></span> <span class='ocrx_word' id='word_1_54' title='bbox 392 558 609 616; x_wconf 88' lang='grc' dir='ltr'><strong><em>αργυρίου</em></strong></span> <span class='ocrx_word' id='word_1_55' title='bbox 647 575 724 615; x_wconf 87' lang='grc' dir='ltr'><strong><em>μεν</em></strong></span> <span class='ocrx_word' id='word_1_56' title='bbox 754 557 910 601; x_wconf 75' lang='grc' dir='ltr'><strong><em>ἑκατόν</em></strong></span> <span class='ocrx_word' id='word_1_57' title='bbox 937 556 1148 609; x_wconf 80' lang='grc' dir='ltr'><strong><em>τάλαντα,</em></strong></span> <span class='ocrx_word' id='word_1_58' title='bbox 1190 562 1265 612; x_wconf 86' lang='grc' dir='ltr'><strong><em>τῆς</em></strong></span> <span class='ocrx_word' id='word_1_59' title='bbox 1295 557 1337 601; x_wconf 81' lang='grc' dir='ltr'><strong><em>δ’</em></strong></span> <span class='ocrx_word' id='word_1_60' title='bbox 1369 559 1496 613; x_wconf 80' lang='grc' dir='ltr'><strong><em>ἄλλης</em></strong></span> <span class='ocrx_word' id='word_1_61' title='bbox 1524 561 1664 600; x_wconf 78' lang='grc' dir='ltr'><strong><em>πολυ-</em></strong></span> 
     </span>
     <span class='ocr_line' id='line_1_9' title="bbox 291 612 1664 686; baseline -0.004 -25"><span class='ocrx_word' id='word_1_62' title='bbox 291 620 443 668; x_wconf 85' lang='grc' dir='ltr'><strong><em>τελοῦς</em></strong></span> <span class='ocrx_word' id='word_1_63' title='bbox 475 618 740 686; x_wconf 83' lang='grc' dir='ltr'><strong><em>κατασκευῆς</em></strong></span> <span class='ocrx_word' id='word_1_64' title='bbox 767 614 847 670; x_wconf 85' lang='grc' dir='ltr'><strong><em>τὴν</em></strong></span> <span class='ocrx_word' id='word_1_65' title='bbox 877 617 1127 669; x_wconf 60' lang='grc' dir='ltr'><strong><em>κρατίστην</em></strong></span> <span class='ocrx_word' id='word_1_66' title='bbox 1158 612 1348 666; x_wconf 78' lang='grc' dir='ltr'><em>ἀπέδειξε</em></span> <span class='ocrx_word' id='word_1_67' title='bbox 1371 615 1417 658; x_wconf 78' lang='grc' dir='ltr'><strong><em>δὲ</em></strong></span> <span class='ocrx_word' id='word_1_68' title='bbox 1438 614 1664 669; x_wconf 81' lang='grc' dir='ltr'><strong><em>σατράπην</em></strong></span> 
     </span>
     <span class='ocr_line' id='line_1_10' title="bbox 292 669 1666 741; baseline -0.002 -24"><span class='ocrx_word' id='word_1_69' title='bbox 292 678 366 731; x_wconf 81' lang='grc' dir='ltr'><strong><em>τῆς</em></strong></span> <span class='ocrx_word' id='word_1_70' title='bbox 395 673 506 717; x_wconf 78' lang='grc' dir='ltr'><strong><em>κατὰ</em></strong></span> <span class='ocrx_word' id='word_1_71' title='bbox 532 672 612 741; x_wconf 88' lang='grc' dir='ltr'><strong><em>τὴν</em></strong></span> <span class='ocrx_word' id='word_1_72' title='bbox 635 670 782 714; x_wconf 83' lang='grc' dir='ltr'><strong><em>Ἀσίαν</em></strong></span> <span class='ocrx_word' id='word_1_73' title='bbox 812 672 1026 724; x_wconf 79' lang='grc' dir='ltr'><strong><em>παραλίας</em></strong></span> <span class='ocrx_word' id='word_1_74' title='bbox 1060 671 1134 714; x_wconf 82' lang='grc' dir='ltr'><strong><em>καὶ</em></strong></span> <span class='ocrx_word' id='word_1_75' title='bbox 1161 670 1239 713; x_wconf 83' lang='grc' dir='ltr'><strong><em>τὸν</em></strong></span> <span class='ocrx_word' id='word_1_76' title='bbox 1261 669 1386 739; x_wconf 69' lang='grc' dir='ltr'><strong><em>πρὸς</em></strong></span> <span class='ocrx_word' id='word_1_77' title='bbox 1423 671 1525 722; x_wconf 80' lang='grc' dir='ltr'><strong><em>τοὺς</em></strong></span> <span class='ocrx_word' id='word_1_78' title='bbox 1561 670 1666 726; x_wconf 79' lang='grc' dir='ltr'><strong><em>οἶφε-</em></strong></span> 
     </span>
     <span class='ocr_line' id='line_1_11' title="bbox 209 725 1666 802; baseline -0.003 -28"><span class='ocrx_word' id='word_1_79' title='bbox 209 736 263 779; x_wconf 77' lang='lat'><strong><em>35</em></strong></span> <span class='ocrx_word' id='word_1_80' title='bbox 293 729 503 802; x_wconf 85' lang='grc' dir='ltr'><strong><em>στηκότας</em></strong></span> <span class='ocrx_word' id='word_1_81' title='bbox 549 729 741 800; x_wconf 90' lang='grc' dir='ltr'><strong><em>πόλεμον</em></strong></span> <span class='ocrx_word' id='word_1_82' title='bbox 795 727 1023 782; x_wconf 77' lang='grc' dir='ltr'><strong><em>ἐπέτρεψεν</em></strong></span> <span class='ocrx_word' id='word_1_83' title='bbox 1077 725 1380 782; x_wconf 81' lang='grc' dir='ltr'><strong><em>αὐτοκράτορα</em></strong></span> <span class='ocrx_word' id='word_1_84' title='bbox 1424 727 1666 782; x_wconf 77' lang='grc' dir='ltr'><strong><em>στρατηγὸν</em></strong></span> 
     </span>
     <span class='ocr_line' id='line_1_12' title="bbox 295 783 1666 839; baseline -0.003 -9"><span class='ocrx_word' id='word_1_85' title='bbox 295 787 534 838; x_wconf 74' lang='grc' dir='ltr'><strong><em>ἀποδείξας.</em></strong></span> <span class='ocrx_word' id='word_1_86' title='bbox 592 784 616 828; x_wconf 88' lang='grc' dir='ltr'>ὁ</span> <span class='ocrx_word' id='word_1_87' title='bbox 659 785 704 828; x_wconf 87' lang='grc' dir='ltr'><strong><em>δε</em></strong></span> <span class='ocrx_word' id='word_1_88' title='bbox 743 785 930 837; x_wconf 54' lang='grc' dir='ltr'><strong><em>Μίέντωρ</em></strong></span> <span class='ocrx_word' id='word_1_89' title='bbox 971 783 1078 839; x_wconf 70' lang='grc' dir='ltr'><strong><em>ἔχων</em></strong></span> <span class='ocrx_word' id='word_1_90' title='bbox 1113 784 1354 839; x_wconf 84' lang='grc' dir='ltr'><strong><em>οἰκειότητα</em></strong></span> <span class='ocrx_word' id='word_1_91' title='bbox 1386 784 1493 839; x_wconf 84' lang='grc' dir='ltr'><strong><em>πρὸς</em></strong></span> <span class='ocrx_word' id='word_1_92' title='bbox 1519 784 1666 838; x_wconf 79' lang='grc' dir='ltr'><strong><em>Ἀρτα-</em></strong></span> 
     </span>
     <span class='ocr_line' id='line_1_13' title="bbox 293 840 1668 913; baseline -0.004 -26"><span class='ocrx_word' id='word_1_93' title='bbox 293 848 425 913; x_wconf 81' lang='grc' dir='ltr'><strong><em>βαζον</em></strong></span> <span class='ocrx_word' id='word_1_94' title='bbox 467 843 542 886; x_wconf 81' lang='grc' dir='ltr'><strong><em>καὶ</em></strong></span> <span class='ocrx_word' id='word_1_95' title='bbox 583 841 799 896; x_wconf 85' lang='grc' dir='ltr'><strong><em>Μέμνονα</em></strong></span> <span class='ocrx_word' id='word_1_96' title='bbox 841 843 944 891; x_wconf 81' lang='grc' dir='ltr'><strong><em>τοὺς</em></strong></span> <span class='ocrx_word' id='word_1_97' title='bbox 980 840 1401 895; x_wconf 84' lang='grc' dir='ltr'><strong><em>διαπεπολεμηκότας</em></strong></span> <span class='ocrx_word' id='word_1_98' title='bbox 1437 857 1516 907; x_wconf 85' lang='grc' dir='ltr'><strong><em>μεν</em></strong></span> <span class='ocrx_word' id='word_1_99' title='bbox 1556 841 1668 894; x_wconf 86' lang='grc' dir='ltr'><strong><em>πρὸς</em></strong></span> 
     </span>
     <span class='ocr_line' id='line_1_14' title="bbox 295 895 1668 955; baseline -0.003 -12"><span class='ocrx_word' id='word_1_100' title='bbox 295 901 468 955; x_wconf 87' lang='grc' dir='ltr'><strong><em>Πέρσας</em></strong></span> <span class='ocrx_word' id='word_1_101' title='bbox 505 899 552 942; x_wconf 84' lang='grc' dir='ltr'><strong><em>ἐν</em></strong></span> <span class='ocrx_word' id='word_1_102' title='bbox 591 903 682 948; x_wconf 85' lang='grc' dir='ltr'><strong><em>τοῖς</em></strong></span> <span class='ocrx_word' id='word_1_103' title='bbox 712 897 855 940; x_wconf 85' lang='grc' dir='ltr'><strong><em>ἐπανω</em></strong></span> <span class='ocrx_word' id='word_1_104' title='bbox 886 895 1082 953; x_wconf 80' lang='grc' dir='ltr'><strong><em>χρόνοις</em></strong></span> <span class='ocrx_word' id='word_1_105' title='bbox 1126 897 1221 939; x_wconf 86' lang='grc' dir='ltr'><strong><em>τότε</em></strong></span> <span class='ocrx_word' id='word_1_106' title='bbox 1252 897 1297 940; x_wconf 80' lang='grc' dir='ltr'><strong><em>δὲ</em></strong></span> <span class='ocrx_word' id='word_1_107' title='bbox 1324 896 1591 953; x_wconf 74' lang='grc' dir='ltr'><strong><em>πεφευγότας</em></strong></span> <span class='ocrx_word' id='word_1_108' title='bbox 1621 897 1668 939; x_wconf 79' lang='grc' dir='ltr'><strong><em>ἐκ</em></strong></span> 
     </span>
     <span class='ocr_line' id='line_1_15' title="bbox 210 954 1669 1026; baseline -0.003 -26"><span class='ocrx_word' id='word_1_109' title='bbox 210 962 264 1005; x_wconf 87' lang='grc'><strong><em>40</em></strong></span> <span class='ocrx_word' id='word_1_110' title='bbox 292 961 366 1012; x_wconf 81' lang='grc' dir='ltr'><strong><em>τῆς</em></strong></span> <span class='ocrx_word' id='word_1_111' title='bbox 389 957 532 1007; x_wconf 84' lang='grc' dir='ltr'><strong><em>Α’σίας</em></strong></span> <span class='ocrx_word' id='word_1_112' title='bbox 561 956 634 998; x_wconf 90' lang='grc' dir='ltr'><strong><em>καὶ</em></strong></span> <span class='ocrx_word' id='word_1_113' title='bbox 664 956 964 1026; x_wconf 83' lang='grc' dir='ltr'><strong><em>διατρίβοντας</em></strong></span> <span class='ocrx_word' id='word_1_114' title='bbox 990 969 1107 1008; x_wconf 90' lang='grc' dir='ltr'><strong><em>παρα</em></strong></span> <span class='ocrx_word' id='word_1_115' title='bbox 1143 956 1358 1011; x_wconf 83' lang='grc' dir='ltr'><strong><em>Φιλίππω,</em></strong></span> <span class='ocrx_word' id='word_1_116' title='bbox 1389 954 1558 1010; x_wconf 77' lang='grc' dir='ltr'><strong><em>δεηθεὶς</em></strong></span> <span class='ocrx_word' id='word_1_117' title='bbox 1586 956 1669 996; x_wconf 81' lang='grc' dir='ltr'><strong><em>τοῦ</em></strong></span> 
     </span>
     <span class='ocr_line' id='line_1_16' title="bbox 290 1000 1667 1069; baseline -0.003 -13"><span class='ocrx_word' id='word_1_118' title='bbox 290 1012 499 1069; x_wconf 84' lang='grc' dir='ltr'><strong><em>βασιλέως</em></strong></span> <span class='ocrx_word' id='word_1_119' title='bbox 529 1011 695 1056; x_wconf 74' lang='grc' dir='ltr'><strong><em>ἔπεισεν</em></strong></span> <span class='ocrx_word' id='word_1_120' title='bbox 726 1011 863 1054; x_wconf 77' lang='grc' dir='ltr'><strong><em>αὐτόν</em></strong></span> <span class='ocrx_word' id='word_1_121' title='bbox 893 1010 1112 1054; x_wconf 82' lang='grc' dir='ltr'><strong><em>ἀπολῦσαι</em></strong></span> <span class='ocrx_word' id='word_1_122' title='bbox 1140 1011 1246 1062; x_wconf 81' lang='grc' dir='ltr'><strong><em>τοὺς</em></strong></span> <span class='ocrx_word' id='word_1_123' title='bbox 1285 1000 1448 1065; x_wconf 83' lang='grc' dir='ltr'><strong><em>ἄνδρας</em></strong></span> <span class='ocrx_word' id='word_1_124' title='bbox 1485 1014 1573 1053; x_wconf 74' lang='grc' dir='ltr'><strong><em>τῶν</em></strong></span> <span class='ocrx_word' id='word_1_125' title='bbox 1604 1010 1667 1063; x_wconf 87' lang='grc' dir='ltr'><strong><em>ἐγ-</em></strong></span> 
     </span>
     <span class='ocr_line' id='line_1_17' title="bbox 288 1067 1668 1135; baseline -0.004 -22"><span class='ocrx_word' id='word_1_126' title='bbox 288 1070 541 1126; x_wconf 81' lang='grc' dir='ltr'><strong><em>κλημάτων·</em></strong></span> <span class='ocrx_word' id='word_1_127' title='bbox 592 1067 728 1119; x_wconf 77' lang='grc' dir='ltr'><strong><em>εὐθὺς</em></strong></span> <span class='ocrx_word' id='word_1_128' title='bbox 758 1068 803 1112; x_wconf 91' lang='grc' dir='ltr'><strong><em>δε</em></strong></span> <span class='ocrx_word' id='word_1_129' title='bbox 832 1068 905 1111; x_wconf 87' lang='grc' dir='ltr'><strong><em>καὶ</em></strong></span> <span class='ocrx_word' id='word_1_130' title='bbox 934 1067 1230 1123; x_wconf 85' lang='grc' dir='ltr'><strong><em>μετεπέμψατο</em></strong></span> <span class='ocrx_word' id='word_1_131' title='bbox 1261 1068 1370 1125; x_wconf 86' lang='grc' dir='ltr'><strong><em>πρὸς</em></strong></span> <span class='ocrx_word' id='word_1_132' title='bbox 1402 1067 1558 1135; x_wconf 69' lang='grc' dir='ltr'><strong><em>ἑαυτὸν</em></strong></span> <span class='ocrx_word' id='word_1_133' title='bbox 1589 1084 1668 1120; x_wconf 73' lang='grc' dir='ltr'><strong><em>αμ-</em></strong></span> 
     </span>
     <span class='ocr_line' id='line_1_18' title="bbox 291 1121 1668 1194; baseline -0.004 -24"><span class='ocrx_word' id='word_1_134' title='bbox 291 1128 507 1182; x_wconf 86' lang='grc' dir='ltr'><strong><em>φοτέρους</em></strong></span> <span class='ocrx_word' id='word_1_135' title='bbox 544 1124 645 1180; x_wconf 74' lang='grc' dir='ltr'><strong><em>μεθ’</em></strong></span> <span class='ocrx_word' id='word_1_136' title='bbox 685 1125 789 1180; x_wconf 87' lang='grc' dir='ltr'><strong><em>ὃλης</em></strong></span> <span class='ocrx_word' id='word_1_137' title='bbox 827 1129 904 1181; x_wconf 80' lang='grc' dir='ltr'><strong><em>τῆς</em></strong></span> <span class='ocrx_word' id='word_1_138' title='bbox 945 1126 1205 1179; x_wconf 82' lang='grc' dir='ltr'><strong><em>συγγενείας.</em></strong></span> <span class='ocrx_word' id='word_1_139' title='bbox 1262 1127 1373 1179; x_wconf 75' lang='grc' dir='ltr'><strong><em>ἦσαν</em></strong></span> <span class='ocrx_word' id='word_1_140' title='bbox 1411 1123 1498 1194; x_wconf 75' lang='grc' dir='ltr'><strong><em>γὰρ</em></strong></span> <span class='ocrx_word' id='word_1_141' title='bbox 1521 1121 1668 1176; x_wconf 81' lang='grc' dir='ltr'><strong><em>Ἀρτα-</em></strong></span> 
     </span>
     <span class='ocr_line' id='line_1_19' title="bbox 291 1178 1670 1253; baseline -0.001 -28"><span class='ocrx_word' id='word_1_142' title='bbox 291 1183 404 1240; x_wconf 79' lang='grc' dir='ltr'><strong><em>βάζω</em></strong></span> <span class='ocrx_word' id='word_1_143' title='bbox 428 1181 654 1253; x_wconf 89' lang='grc' dir='ltr'><strong><em>γεγονότες</em></strong></span> <span class='ocrx_word' id='word_1_144' title='bbox 683 1181 730 1225; x_wconf 82' lang='grc' dir='ltr'><strong><em>ἐκ</em></strong></span> <span class='ocrx_word' id='word_1_145' title='bbox 757 1184 834 1236; x_wconf 86' lang='grc' dir='ltr'><strong><em>τῆς</em></strong></span> <span class='ocrx_word' id='word_1_146' title='bbox 861 1181 1090 1233; x_wconf 84' lang='grc' dir='ltr'><strong><em>Μέντορος</em></strong></span> <span class='ocrx_word' id='word_1_147' title='bbox 1115 1181 1189 1224; x_wconf 83' lang='grc' dir='ltr'><strong><em>καὶ</em></strong></span> <span class='ocrx_word' id='word_1_148' title='bbox 1220 1182 1454 1237; x_wconf 84' lang='grc' dir='ltr'><strong><em>Μέμνονος</em></strong></span> <span class='ocrx_word' id='word_1_149' title='bbox 1476 1178 1670 1235; x_wconf 81' lang='grc' dir='ltr'><strong><em>αδελφῆς</em></strong></span> 
     </span>
     <span class='ocr_line' id='line_1_20' title="bbox 210 1237 1672 1305; baseline -0.003 -21"><span class='ocrx_word' id='word_1_150' title='bbox 210 1244 264 1288; x_wconf 76' lang='lat'><strong><em>45</em></strong></span> <span class='ocrx_word' id='word_1_151' title='bbox 292 1241 384 1283; x_wconf 61' lang='lat' dir='ltr'><em>vso).</em></span> <span class='ocrx_word' id='word_1_152' title='bbox 423 1239 501 1294; x_wconf 80' lang='grc' dir='ltr'><strong><em>μὲν</em></strong></span> <span class='ocrx_word' id='word_1_153' title='bbox 535 1238 710 1289; x_wconf 76' lang='grc' dir='ltr'><strong><em>ἕνδεκα,</em></strong></span> <span class='ocrx_word' id='word_1_154' title='bbox 747 1238 986 1293; x_wconf 80' lang='grc' dir='ltr'><strong><em>θυγατέρες</em></strong></span> <span class='ocrx_word' id='word_1_155' title='bbox 1025 1238 1072 1281; x_wconf 79' lang='lat'><strong><em>63</em></strong></span> <span class='ocrx_word' id='word_1_156' title='bbox 1102 1237 1214 1281; x_wconf 89' lang='grc' dir='ltr'><strong><em>δέκα.</em></strong></span> <span class='ocrx_word' id='word_1_157' title='bbox 1273 1237 1672 1305; x_wconf 79' lang='grc' dir='ltr'><strong><em>ψυχαγωγούμενος</em></strong></span> 
     </span>
     <span class='ocr_line' id='line_1_21' title="bbox 296 1293 1672 1365; baseline -0.003 -25"><span class='ocrx_word' id='word_1_158' title='bbox 296 1294 340 1340; x_wconf 89' lang='grc' dir='ltr'><strong><em>δ’</em></strong></span> <span class='ocrx_word' id='word_1_159' title='bbox 372 1296 441 1339; x_wconf 82' lang='grc' dir='ltr'><strong><em>ἐπὶ</em></strong></span> <span class='ocrx_word' id='word_1_160' title='bbox 470 1312 530 1352; x_wconf 81' lang='grc' dir='ltr'><strong><em>τῳ</em></strong></span> <span class='ocrx_word' id='word_1_161' title='bbox 560 1294 717 1350; x_wconf 81' lang='grc' dir='ltr'><strong><em>πληθει</em></strong></span> <span class='ocrx_word' id='word_1_162' title='bbox 744 1298 833 1337; x_wconf 75' lang='grc' dir='ltr'><strong><em>τῶν</em></strong></span> <span class='ocrx_word' id='word_1_163' title='bbox 861 1295 1024 1337; x_wconf 88' lang='grc' dir='ltr'><strong><em>τέκνων</em></strong></span> <span class='ocrx_word' id='word_1_164' title='bbox 1059 1294 1084 1363; x_wconf 91' lang='lat'><strong><em>6</em></strong></span> <span class='ocrx_word' id='word_1_165' title='bbox 1114 1294 1326 1365; x_wconf 85' lang='grc' dir='ltr'><strong><em>Μέντωρ,</em></strong></span> <span class='ocrx_word' id='word_1_166' title='bbox 1366 1298 1529 1364; x_wconf 84' lang='grc' dir='ltr'><strong><em>προῆγε</em></strong></span> <span class='ocrx_word' id='word_1_167' title='bbox 1566 1293 1672 1343; x_wconf 78' lang='grc' dir='ltr'><strong><em>τοὺς</em></strong></span> 
     </span>
     <span class='ocr_line' id='line_1_22' title="bbox 294 1340 1672 1423; baseline -0.003 -26"><span class='ocrx_word' id='word_1_168' title='bbox 294 1355 476 1403; x_wconf 86' lang='grc' dir='ltr'><strong><em>παῖδας,</em></strong></span> <span class='ocrx_word' id='word_1_169' title='bbox 504 1340 806 1423; x_wconf 78' lang='grc' dir='ltr'><strong><em>παραδιδοὺς</em></strong></span> <span class='ocrx_word' id='word_1_170' title='bbox 829 1350 980 1401; x_wconf 76' lang='grc' dir='ltr'><strong><em>αὐτοῖς</em></strong></span> <span class='ocrx_word' id='word_1_171' title='bbox 1017 1367 1093 1402; x_wconf 88' lang='grc' dir='ltr'><strong><em>τας</em></strong></span> <span class='ocrx_word' id='word_1_172' title='bbox 1122 1349 1465 1422; x_wconf 85' lang='grc' dir='ltr'><strong><em>ἐπιφανεστατας</em></strong></span> <span class='ocrx_word' id='word_1_173' title='bbox 1502 1351 1548 1393; x_wconf 89' lang='grc' dir='ltr'><strong><em>ἐν</em></strong></span> <span class='ocrx_word' id='word_1_174' title='bbox 1578 1355 1672 1400; x_wconf 88' lang='grc' dir='ltr'><strong><em>τοῖς</em></strong></span> 
     </span>
     <span class='ocr_line' id='line_1_23' title="bbox 298 1406 1671 1478; baseline -0.002 -26"><span class='ocrx_word' id='word_1_175' title='bbox 298 1407 579 1478; x_wconf 77' lang='grc' dir='ltr'><strong><em>στρατιώταις</em></strong></span> <span class='ocrx_word' id='word_1_176' title='bbox 627 1407 872 1478; x_wconf 89' lang='grc' dir='ltr'><strong><em>ηγεμονίας.</em></strong></span> <span class='ocrx_word' id='word_1_177' title='bbox 945 1407 1254 1461; x_wconf 75' lang='grc' dir='ltr'><strong><em>ἐστρατεύσατο</em></strong></span> <span class='ocrx_word' id='word_1_178' title='bbox 1301 1406 1343 1451; x_wconf 89' lang='grc' dir='ltr'><strong><em>δ’</em></strong></span> <span class='ocrx_word' id='word_1_179' title='bbox 1390 1409 1457 1451; x_wconf 83' lang='grc' dir='ltr'><strong><em>ἐπὶ</em></strong></span> <span class='ocrx_word' id='word_1_180' title='bbox 1495 1410 1671 1461; x_wconf 78' lang='grc' dir='ltr'><strong><em>πρῶτον</em></strong></span> 
     </span>
     <span class='ocr_line' id='line_1_24' title="bbox 214 1463 1671 1535; baseline -0.003 -25"><span class='ocrx_word' id='word_1_181' title='bbox 214 1468 267 1511; x_wconf 88' lang='grc'><strong><em>50</em></strong></span> <span class='ocrx_word' id='word_1_182' title='bbox 291 1466 494 1521; x_wconf 86' lang='grc' dir='ltr'><strong><em>Ερμείαν</em></strong></span> <span class='ocrx_word' id='word_1_183' title='bbox 524 1464 604 1508; x_wconf 77' lang='grc' dir='ltr'><strong><em>τόν</em></strong></span> <span class='ocrx_word' id='word_1_184' title='bbox 637 1463 878 1535; x_wconf 82' lang='grc' dir='ltr'><strong><em>Ἀταρνέων</em></strong></span> <span class='ocrx_word' id='word_1_185' title='bbox 915 1463 1135 1533; x_wconf 87' lang='grc' dir='ltr'><strong><em>τύραννον</em></strong></span> <span class='ocrx_word' id='word_1_186' title='bbox 1167 1463 1441 1521; x_wconf 79' lang='grc' dir='ltr'><strong><em>ἀφεστηκότα</em></strong></span> <span class='ocrx_word' id='word_1_187' title='bbox 1479 1467 1560 1507; x_wconf 86' lang='grc' dir='ltr'><strong><em>τοῦ</em></strong></span> <span class='ocrx_word' id='word_1_188' title='bbox 1597 1467 1671 1520; x_wconf 81' lang='grc' dir='ltr'><strong><em>βα-</em></strong></span> 
     </span>
     <span class='ocr_line' id='line_1_25' title="bbox 295 1519 1670 1576; baseline -0.001 -11"><span class='ocrx_word' id='word_1_189' title='bbox 295 1523 448 1573; x_wconf 88' lang='grc' dir='ltr'><strong><em>σιλέως</em></strong></span> <span class='ocrx_word' id='word_1_190' title='bbox 476 1538 549 1565; x_wconf 87' lang='grc' dir='ltr'><strong><em>και</em></strong></span> <span class='ocrx_word' id='word_1_191' title='bbox 578 1525 750 1565; x_wconf 78' lang='grc' dir='ltr'><strong><em>πολλῶν</em></strong></span> <span class='ocrx_word' id='word_1_192' title='bbox 780 1519 1078 1576; x_wconf 90' lang='grc' dir='ltr'><strong><em>ὀχυρωματων</em></strong></span> <span class='ocrx_word' id='word_1_193' title='bbox 1106 1522 1180 1564; x_wconf 84' lang='grc' dir='ltr'><strong><em>καὶ</em></strong></span> <span class='ocrx_word' id='word_1_194' title='bbox 1209 1522 1379 1566; x_wconf 87' lang='grc' dir='ltr'><strong><em>πόλεων</em></strong></span> <span class='ocrx_word' id='word_1_195' title='bbox 1387 1520 1670 1575; x_wconf 81' lang='grc' dir='ltr'><strong><em>κυριεύοντα.</em></strong></span> 
     </span>
     <span class='ocr_line' id='line_1_26' title="bbox 295 1576 1672 1649; baseline -0.002 -27"><span class='ocrx_word' id='word_1_196' title='bbox 295 1578 658 1649; x_wconf 78' lang='grc' dir='ltr'><strong><em>ἐπαγγειλάμενος</em></strong></span> <span class='ocrx_word' id='word_1_197' title='bbox 697 1576 742 1621; x_wconf 85' lang='grc' dir='ltr'><strong><em>δ’</em></strong></span> <span class='ocrx_word' id='word_1_198' title='bbox 782 1577 900 1636; x_wconf 78' lang='grc' dir='ltr'><strong><em>αὐτῷ</em></strong></span> <span class='ocrx_word' id='word_1_199' title='bbox 938 1580 1100 1621; x_wconf 86' lang='grc' dir='ltr'><strong><em>πείσειν</em></strong></span> <span class='ocrx_word' id='word_1_200' title='bbox 1139 1578 1218 1621; x_wconf 88' lang='grc' dir='ltr'><strong><em>τὸν</em></strong></span> <span class='ocrx_word' id='word_1_201' title='bbox 1256 1579 1434 1633; x_wconf 84' lang='grc' dir='ltr'><strong><em>βασιλέα</em></strong></span> <span class='ocrx_word' id='word_1_202' title='bbox 1472 1579 1546 1621; x_wconf 83' lang='grc' dir='ltr'><strong><em>καὶ</em></strong></span> <span class='ocrx_word' id='word_1_203' title='bbox 1583 1581 1672 1620; x_wconf 80' lang='grc' dir='ltr'><strong><em>τῶν</em></strong></span> 
     </span>
     <span class='ocr_line' id='line_1_27' title="bbox 294 1633 1672 1705; baseline -0.002 -26"><span class='ocrx_word' id='word_1_204' title='bbox 294 1635 574 1705; x_wconf 84' lang='grc' dir='ltr'><strong><em>ἐγκληματων</em></strong></span> <span class='ocrx_word' id='word_1_205' title='bbox 604 1633 843 1685; x_wconf 78' lang='grc' dir='ltr'><strong><em>ἀπολῦσαι,</em></strong></span> <span class='ocrx_word' id='word_1_206' title='bbox 881 1638 1110 1705; x_wconf 80' lang='grc' dir='ltr'><strong><em>συνῆλθεν</em></strong></span> <span class='ocrx_word' id='word_1_207' title='bbox 1139 1637 1198 1686; x_wconf 85' lang='grc' dir='ltr'><strong><em>εἰς</em></strong></span> <span class='ocrx_word' id='word_1_208' title='bbox 1223 1636 1401 1690; x_wconf 68' lang='grc' dir='ltr'><strong><em>λόγους,</em></strong></span> <span class='ocrx_word' id='word_1_209' title='bbox 1430 1636 1504 1677; x_wconf 84' lang='grc' dir='ltr'><strong><em>καὶ</em></strong></span> <span class='ocrx_word' id='word_1_210' title='bbox 1533 1648 1672 1687; x_wconf 75' lang='grc' dir='ltr'><strong><em>παρα-</em></strong></span> 
     </span>
     <span class='ocr_line' id='line_1_28' title="bbox 295 1689 1672 1764; baseline -0.001 -29"><span class='ocrx_word' id='word_1_211' title='bbox 295 1691 595 1748; x_wconf 78' lang='grc' dir='ltr'><strong><em>κρουσάμενος</em></strong></span> <span class='ocrx_word' id='word_1_212' title='bbox 625 1689 759 1734; x_wconf 80' lang='grc' dir='ltr'><strong><em>αὐτὸν</em></strong></span> <span class='ocrx_word' id='word_1_213' title='bbox 789 1689 1007 1764; x_wconf 82' lang='grc' dir='ltr'><strong><em>συνέλαβε.</em></strong></span> <span class='ocrx_word' id='word_1_214' title='bbox 1064 1691 1300 1745; x_wconf 86' lang='grc' dir='ltr'><strong><em>κυριεύσας</em></strong></span> <span class='ocrx_word' id='word_1_215' title='bbox 1334 1691 1380 1734; x_wconf 80' lang='grc' dir='ltr'><strong><em>δὲ</em></strong></span> <span class='ocrx_word' id='word_1_216' title='bbox 1409 1695 1490 1734; x_wconf 84' lang='grc' dir='ltr'><strong><em>τοῦ</em></strong></span> <span class='ocrx_word' id='word_1_217' title='bbox 1520 1693 1672 1734; x_wconf 86' lang='grc' dir='ltr'><strong><em>δακτυ-</em></strong></span> 
     </span>
     <span class='ocr_line' id='line_1_29' title="bbox 213 1746 1673 1819; baseline -0.001 -28"><span class='ocrx_word' id='word_1_218' title='bbox 213 1753 267 1796; x_wconf 89' lang='grc'><strong><em>55</em></strong></span> <span class='ocrx_word' id='word_1_219' title='bbox 296 1751 418 1800; x_wconf 83' lang='grc' dir='ltr'><strong><em>λίου,</em></strong></span> <span class='ocrx_word' id='word_1_220' title='bbox 460 1749 534 1792; x_wconf 79' lang='grc' dir='ltr'><strong><em>καὶ</em></strong></span> <span class='ocrx_word' id='word_1_221' title='bbox 562 1747 737 1803; x_wconf 84' lang='grc' dir='ltr'><strong><em>γραψας</em></strong></span> <span class='ocrx_word' id='word_1_222' title='bbox 768 1748 827 1799; x_wconf 87' lang='grc' dir='ltr'><strong><em>εἰς</em></strong></span> <span class='ocrx_word' id='word_1_223' title='bbox 855 1747 930 1798; x_wconf 81' lang='grc' dir='ltr'><strong><em>τὰς</em></strong></span> <span class='ocrx_word' id='word_1_224' title='bbox 958 1746 1103 1799; x_wconf 88' lang='grc' dir='ltr'><strong><em>πόλεις</em></strong></span> <span class='ocrx_word' id='word_1_225' title='bbox 1134 1749 1200 1791; x_wconf 86' lang='grc' dir='ltr'><strong><em>ὅτι</em></strong></span> <span class='ocrx_word' id='word_1_226' title='bbox 1230 1751 1481 1819; x_wconf 83' lang='grc' dir='ltr'><strong><em>διήλλακται</em></strong></span> <span class='ocrx_word' id='word_1_227' title='bbox 1508 1752 1569 1804; x_wconf 75' lang='grc' dir='ltr'><strong><em>τῷ</em></strong></span> <span class='ocrx_word' id='word_1_228' title='bbox 1599 1751 1673 1802; x_wconf 85' lang='grc' dir='ltr'><strong><em>βα-</em></strong></span> 
     </span>
     <span class='ocr_line' id='line_1_30' title="bbox 298 1793 1749 1861; baseline -0.003 -12"><span class='ocrx_word' id='word_1_229' title='bbox 298 1809 409 1849; x_wconf 83' lang='grc' dir='ltr'><strong><em>σιλεῖ</em></strong></span> <span class='ocrx_word' id='word_1_230' title='bbox 447 1805 519 1849; x_wconf 91' lang='grc' dir='ltr'><strong><em>δια</em></strong></span> <span class='ocrx_word' id='word_1_231' title='bbox 557 1806 805 1858; x_wconf 86' lang='grc' dir='ltr'><strong><em>Μέντορος,</em></strong></span> <span class='ocrx_word' id='word_1_232' title='bbox 851 1805 925 1847; x_wconf 82' lang='grc' dir='ltr'><strong><em>καὶ</em></strong></span> <span class='ocrx_word' id='word_1_233' title='bbox 958 1806 1309 1861; x_wconf 68' lang='grc' dir='ltr'><strong><em>σφραγισάμενος</em></strong></span> <span class='ocrx_word' id='word_1_234' title='bbox 1337 1822 1414 1856; x_wconf 89' lang='grc' dir='ltr'><strong><em>τας</em></strong></span> <span class='ocrx_word' id='word_1_235' title='bbox 1442 1793 1749 1855; x_wconf 75' lang='grc' dir='ltr'><strong><em>ἐπιστολας123</em></strong></span> 
     </span>
     <span class='ocr_line' id='line_1_31' title="bbox 294 1861 1673 1921; baseline -0.001 -16"><span class='ocrx_word' id='word_1_236' title='bbox 294 1865 357 1921; x_wconf 73' lang='grc' dir='ltr'><strong><em>τῷ</em></strong></span> <span class='ocrx_word' id='word_1_237' title='bbox 385 1866 466 1905; x_wconf 83' lang='grc' dir='ltr'><strong><em>τοῦ</em></strong></span> <span class='ocrx_word' id='word_1_238' title='bbox 488 1861 691 1917; x_wconf 85' lang='grc' dir='ltr'><strong><em>Ἑρμείου</em></strong></span> <span class='ocrx_word' id='word_1_239' title='bbox 721 1862 948 1916; x_wconf 83' lang='grc' dir='ltr'><strong><em>δακτυλίῳ,</em></strong></span> <span class='ocrx_word' id='word_1_240' title='bbox 979 1863 1264 1918; x_wconf 78' lang='grc' dir='ltr'><strong><em>συνεξέπεμψε</em></strong></span> <span class='ocrx_word' id='word_1_241' title='bbox 1293 1878 1397 1912; x_wconf 88' lang='grc' dir='ltr'><strong><em>τους</em></strong></span> <span class='ocrx_word' id='word_1_242' title='bbox 1422 1866 1673 1918; x_wconf 84' lang='grc' dir='ltr'><strong><em>παραληψο-</em></strong></span> 
     </span>
     <span class='ocr_line' id='line_1_32' title="bbox 298 1907 1673 1974; baseline 0 -13"><span class='ocrx_word' id='word_1_243' title='bbox 298 1907 456 1974; x_wconf 88' lang='grc' dir='ltr'><strong><em>μένους</em></strong></span> <span class='ocrx_word' id='word_1_244' title='bbox 494 1935 547 1962; x_wconf 91' lang='grc' dir='ltr'><strong><em>τα</em></strong></span> <span class='ocrx_word' id='word_1_245' title='bbox 584 1919 842 1974; x_wconf 84' lang='grc' dir='ltr'><strong><em>χωρία.οῑ</em></strong></span> <span class='ocrx_word' id='word_1_246' title='bbox 880 1918 920 1961; x_wconf 85' lang='grc' dir='ltr'><strong><em>δ’</em></strong></span> <span class='ocrx_word' id='word_1_247' title='bbox 963 1919 1009 1962; x_wconf 89' lang='grc' dir='ltr'><strong><em>ἐν</em></strong></span> <span class='ocrx_word' id='word_1_248' title='bbox 1053 1924 1146 1970; x_wconf 88' lang='grc' dir='ltr'><strong><em>ταῖς</em></strong></span> <span class='ocrx_word' id='word_1_249' title='bbox 1181 1919 1332 1963; x_wconf 88' lang='grc' dir='ltr'><strong><em>πόλεσι</em></strong></span> <span class='ocrx_word' id='word_1_250' title='bbox 1367 1919 1673 1969; x_wconf 82' lang='grc' dir='ltr'><strong><em>πιστεύσαντες</em></strong></span> 
     </span>
     <span class='ocr_line' id='line_1_33' title="bbox 216 1974 1673 2047; baseline -0.003 -25"><span class='ocrx_word' id='word_1_251' title='bbox 216 1982 271 2022; x_wconf 89' lang='grc'><strong><em>60</em></strong></span> <span class='ocrx_word' id='word_1_252' title='bbox 300 1980 390 2026; x_wconf 86' lang='grc' dir='ltr'><strong><em>τοῖς</em></strong></span> <span class='ocrx_word' id='word_1_253' title='bbox 419 1975 742 2032; x_wconf 78' lang='grc' dir='ltr'><strong><em>γεγραμμένοις,</em></strong></span> <span class='ocrx_word' id='word_1_254' title='bbox 771 1975 845 2018; x_wconf 80' lang='grc' dir='ltr'><strong><em>καὶ</em></strong></span> <span class='ocrx_word' id='word_1_255' title='bbox 871 1974 951 2031; x_wconf 83' lang='grc' dir='ltr'><strong><em>τὴν</em></strong></span> <span class='ocrx_word' id='word_1_256' title='bbox 981 1974 1158 2045; x_wconf 82' lang='grc' dir='ltr'><strong><em>εἰρήνην</em></strong></span> <span class='ocrx_word' id='word_1_257' title='bbox 1183 1974 1417 2047; x_wconf 72' lang='grc' dir='ltr'><strong><em>ἀγαπητῶς</em></strong></span> <span class='ocrx_word' id='word_1_258' title='bbox 1446 1975 1673 2030; x_wconf 80' lang='grc' dir='ltr'><strong><em>προςδεξά-</em></strong></span> 
     </span>
     <span class='ocr_line' id='line_1_34' title="bbox 297 2031 1670 2103; baseline -0.001 -28"><span class='ocrx_word' id='word_1_259' title='bbox 297 2048 444 2102; x_wconf 85' lang='grc' dir='ltr'><strong><em>μενοι,</em></strong></span> <span class='ocrx_word' id='word_1_260' title='bbox 490 2033 749 2091; x_wconf 82' lang='grc' dir='ltr'><strong><em>παρέδωκαν</em></strong></span> <span class='ocrx_word' id='word_1_261' title='bbox 785 2048 942 2083; x_wconf 89' lang='grc' dir='ltr'><strong><em>παντες</em></strong></span> <span class='ocrx_word' id='word_1_262' title='bbox 980 2049 1033 2076; x_wconf 91' lang='grc' dir='ltr'><strong><em>τα</em></strong></span> <span class='ocrx_word' id='word_1_263' title='bbox 1073 2032 1270 2103; x_wconf 83' lang='grc' dir='ltr'><strong><em>φρούρια</em></strong></span> <span class='ocrx_word' id='word_1_264' title='bbox 1306 2033 1388 2076; x_wconf 86' lang='grc' dir='ltr'><strong><em>καὶ</em></strong></span> <span class='ocrx_word' id='word_1_265' title='bbox 1406 2049 1484 2082; x_wconf 91' lang='grc' dir='ltr'><strong><em>τας</em></strong></span> <span class='ocrx_word' id='word_1_266' title='bbox 1512 2031 1670 2087; x_wconf 89' lang='grc' dir='ltr'><strong><em>πόλεις.</em></strong></span> 
     </span>
     <span class='ocr_line' id='line_1_35' title="bbox 297 2084 1721 2161; baseline 0 -30"><span class='ocrx_word' id='word_1_267' title='bbox 297 2087 484 2158; x_wconf 79' lang='grc' dir='ltr'><strong><em>Μέντωρ</em></strong></span> <span class='ocrx_word' id='word_1_268' title='bbox 512 2089 590 2159; x_wconf 77' lang='grc' dir='ltr'><strong><em>μὲν</em></strong></span> <span class='ocrx_word' id='word_1_269' title='bbox 620 2084 703 2132; x_wconf 89' lang='lat' dir='ltr'><strong><em>o6v</em></strong></span> <span class='ocrx_word' id='word_1_270' title='bbox 735 2087 797 2132; x_wconf 80' lang='grc' dir='ltr'><strong><em>δι’</em></strong></span> <span class='ocrx_word' id='word_1_271' title='bbox 830 2087 993 2145; x_wconf 82' lang='grc' dir='ltr'><strong><em>απάτης</em></strong></span> <span class='ocrx_word' id='word_1_272' title='bbox 1015 2090 1122 2146; x_wconf 76' lang='grc' dir='ltr'><strong><em>ταχύ</em></strong></span> <span class='ocrx_word' id='word_1_273' title='bbox 1139 2088 1406 2161; x_wconf 72' lang='grc' dir='ltr'><strong><em>παραλαβών</em></strong></span> <span class='ocrx_word' id='word_1_274' title='bbox 1425 2087 1673 2138; x_wconf 74' lang='grc' dir='ltr'><strong><em>ακινδυνως</em></strong></span> <span class='ocrx_word' id='word_1_275' title='bbox 1716 2094 1721 2097; x_wconf 85' lang='grc'><strong>’</strong></span> 
     </span>
     <span class='ocr_line' id='line_1_36' title="bbox 297 2145 1674 2203; baseline 0 -15"><span class='ocrx_word' id='word_1_276' title='bbox 297 2162 351 2188; x_wconf 91' lang='grc' dir='ltr'><strong><em>τα</em></strong></span> <span class='ocrx_word' id='word_1_277' title='bbox 393 2149 481 2189; x_wconf 77' lang='grc' dir='ltr'><strong><em>τῶν</em></strong></span> <span class='ocrx_word' id='word_1_278' title='bbox 520 2145 778 2188; x_wconf 91' lang='grc' dir='ltr'><strong><em>αποστατων</em></strong></span> <span class='ocrx_word' id='word_1_279' title='bbox 815 2148 1061 2201; x_wconf 90' lang='grc' dir='ltr'><strong><em>πολίσματα</em></strong></span> <span class='ocrx_word' id='word_1_280' title='bbox 1090 2145 1274 2203; x_wconf 88' lang='grc' dir='ltr'><strong><em>μεγαλης</em></strong></span> <span class='ocrx_word' id='word_1_281' title='bbox 1304 2145 1519 2201; x_wconf 89' lang='grc' dir='ltr'><strong><em>αποδοχης</em></strong></span> <span class='ocrx_word' id='word_1_282' title='bbox 1553 2145 1674 2201; x_wconf 76' lang='grc' dir='ltr'><strong><em>ἔτυχε</em></strong></span> 
     </span>
     <span class='ocr_line' id='line_1_37' title="bbox 298 2201 1674 2274; baseline 0 -29"><span class='ocrx_word' id='word_1_283' title='bbox 298 2216 419 2255; x_wconf 85' lang='grc' dir='ltr'><strong><em>παρα</em></strong></span> <span class='ocrx_word' id='word_1_284' title='bbox 448 2204 510 2271; x_wconf 72' lang='grc' dir='ltr'><strong><em>τῷ</em></strong></span> <span class='ocrx_word' id='word_1_285' title='bbox 540 2205 717 2257; x_wconf 85' lang='grc' dir='ltr'><strong><em>βασιλεῖ,</em></strong></span> <span class='ocrx_word' id='word_1_286' title='bbox 748 2201 876 2274; x_wconf 65' lang='grc' dir='ltr'><strong><em>δόξας</em></strong></span> <span class='ocrx_word' id='word_1_287' title='bbox 905 2203 1128 2248; x_wconf 78' lang='grc' dir='ltr'><strong><em>δύνασθαι</em></strong></span> <span class='ocrx_word' id='word_1_288' title='bbox 1157 2208 1406 2273; x_wconf 82' lang='grc' dir='ltr'><strong><em>στρατηγεῖν</em></strong></span> <span class='ocrx_word' id='word_1_289' title='bbox 1434 2219 1674 2272; x_wconf 84' lang='grc' dir='ltr'><strong><em>πραγματι-</em></strong></span> 
     </span>
     <span class='ocr_line' id='line_1_38' title="bbox 219 2257 1674 2329; baseline 0.001 -28"><span class='ocrx_word' id='word_1_290' title='bbox 219 2265 273 2306; x_wconf 87' lang='grc'><strong><em>65</em></strong></span> <span class='ocrx_word' id='word_1_291' title='bbox 303 2275 404 2310; x_wconf 84' lang='grc' dir='ltr'><strong><em>κως.</em></strong></span> <span class='ocrx_word' id='word_1_292' title='bbox 445 2257 606 2314; x_wconf 90' lang='grc' dir='ltr'><strong><em>ὁμοίως</em></strong></span> <span class='ocrx_word' id='word_1_293' title='bbox 627 2259 672 2302; x_wconf 77' lang='grc' dir='ltr'><strong><em>δὲ</em></strong></span> <span class='ocrx_word' id='word_1_294' title='bbox 691 2259 764 2302; x_wconf 86' lang='grc' dir='ltr'><strong><em>καὶ</em></strong></span> <span class='ocrx_word' id='word_1_295' title='bbox 783 2259 886 2311; x_wconf 82' lang='grc' dir='ltr'><strong><em>τοὺς</em></strong></span> <span class='ocrx_word' id='word_1_296' title='bbox 905 2258 1062 2312; x_wconf 87' lang='grc' dir='ltr'><strong><em>αλλους</em></strong></span> <span class='ocrx_word' id='word_1_297' title='bbox 1081 2260 1295 2317; x_wconf 88' lang='grc' dir='ltr'><strong><em>ηγεμόνας</em></strong></span> <span class='ocrx_word' id='word_1_298' title='bbox 1313 2258 1415 2310; x_wconf 78' lang='grc' dir='ltr'><strong><em>τούς</em></strong></span> <span class='ocrx_word' id='word_1_299' title='bbox 1434 2258 1674 2329; x_wconf 74' lang='grc' dir='ltr'><strong><em>ἀλλοτρίως</em></strong></span> 
     </span>
     <span class='ocr_line' id='line_1_39' title="bbox 301 2315 1672 2387; baseline 0.001 -29"><span class='ocrx_word' id='word_1_300' title='bbox 301 2316 600 2371; x_wconf 85' lang='grc' dir='ltr'><strong><em>διακειμένους</em></strong></span> <span class='ocrx_word' id='word_1_301' title='bbox 628 2319 719 2367; x_wconf 83' lang='grc' dir='ltr'><strong><em>τοῖς</em></strong></span> <span class='ocrx_word' id='word_1_302' title='bbox 751 2315 937 2371; x_wconf 87' lang='grc' dir='ltr'><strong><em>Πέρσαις</em></strong></span> <span class='ocrx_word' id='word_1_303' title='bbox 963 2317 1070 2368; x_wconf 78' lang='grc' dir='ltr'><strong><em>τούς</em></strong></span> <span class='ocrx_word' id='word_1_304' title='bbox 1099 2318 1178 2373; x_wconf 76' lang='grc' dir='ltr'><strong><em>μὲν</em></strong></span> <span class='ocrx_word' id='word_1_305' title='bbox 1207 2318 1469 2387; x_wconf 87' lang='grc' dir='ltr'><strong><em>βιασαμενος</em></strong></span> <span class='ocrx_word' id='word_1_306' title='bbox 1495 2316 1600 2366; x_wconf 82' lang='grc' dir='ltr'><strong><em>τούς</em></strong></span> <span class='ocrx_word' id='word_1_307' title='bbox 1625 2315 1672 2359; x_wconf 81' lang='grc' dir='ltr'><strong><em>δὲ</em></strong></span> 
     </span>
     <span class='ocr_line' id='line_1_40' title="bbox 299 2370 1671 2431; baseline -0.001 -15"><span class='ocrx_word' id='word_1_308' title='bbox 299 2370 706 2428; x_wconf 81' lang='grc' dir='ltr'><strong><em>καταστρατηγήσας</em></strong></span> <span class='ocrx_word' id='word_1_309' title='bbox 736 2372 930 2426; x_wconf 79' lang='grc' dir='ltr'><strong><em>ἅπαντας</em></strong></span> <span class='ocrx_word' id='word_1_310' title='bbox 957 2375 1113 2431; x_wconf 86' lang='grc' dir='ltr'><strong><em>ταχέως</em></strong></span> <span class='ocrx_word' id='word_1_311' title='bbox 1141 2374 1468 2431; x_wconf 74' lang='grc' dir='ltr'><strong><em>κατεπολέμησε.</em></strong></span> <span class='ocrx_word' id='word_1_312' title='bbox 1527 2374 1598 2418; x_wconf 86' lang='grc' dir='ltr'><strong><em>καὶ</em></strong></span> <span class='ocrx_word' id='word_1_313' title='bbox 1619 2389 1671 2416; x_wconf 89' lang='grc' dir='ltr'><strong><em>τα</em></strong></span> 
     </span>
    </p>
   </div>
   <div class='ocr_carea' id='block_1_3' title="bbox 298 2535 1673 2676">
    <p class='ocr_par' dir='ltr' id='par_1_3' title="bbox 298 2535 1673 2676">
     <span class='ocr_line' id='line_1_41' title="bbox 298 2535 1673 2589; baseline 0.004 -17"><span class='ocrx_word' id='word_1_314' title='bbox 298 2536 358 2572; x_wconf 82' lang='grc'><strong><em>26.</em></strong></span> <span class='ocrx_word' id='word_1_315' title='bbox 395 2535 487 2584; x_wconf 85' lang='grc' dir='ltr'><strong><em>Μαρ</em></strong></span> <span class='ocrx_word' id='word_1_316' title='bbox 490 2550 572 2576; x_wconf 79' lang='lat' dir='ltr'><strong><em>mov</em></strong></span> <span class='ocrx_word' id='word_1_317' title='bbox 594 2540 731 2576; x_wconf 74' lang='lat' dir='ltr'><strong><em>Livius.</em></strong></span> <span class='ocrx_word' id='word_1_318' title='bbox 753 2541 835 2576; x_wconf 75' lang='lat' dir='ltr'>libri</span> <span class='ocrx_word' id='word_1_319' title='bbox 857 2541 950 2588; x_wconf 81' lang='grc' dir='ltr'><strong><em>Μοὶρ</em></strong></span> <span class='ocrx_word' id='word_1_320' title='bbox 954 2555 1019 2579; x_wconf 83' lang='grc' dir='ltr'><strong><em>κον</em></strong></span> <span class='ocrx_word' id='word_1_321' title='bbox 1203 2544 1321 2580; x_wconf 78' lang='grc' dir='ltr'><strong><em>Γάϊον</em></strong></span> <span class='ocrx_word' id='word_1_322' title='bbox 1345 2544 1519 2589; x_wconf 72' lang='lat' dir='ltr'>LQTXY,</span> <span class='ocrx_word' id='word_1_323' title='bbox 1543 2543 1673 2578; x_wconf 78' lang='lat' dir='ltr'><strong>caeteri</strong></span> 
     </span>
     <span class='ocr_line' id='line_1_42' title="bbox 299 2551 1672 2676; baseline 0.005 -57"><span class='ocrx_word' id='word_1_324' title='bbox 299 2551 487 2676; x_wconf 46' lang='grc' dir='ltr'><strong><em>ἔῗῗτβίὲῗνι</em></strong></span> <span class='ocrx_word' id='word_1_325' title='bbox 631 2587 689 2624; x_wconf 84' lang='lat'><strong><em>34.</em></strong></span> <span class='ocrx_word' id='word_1_326' title='bbox 727 2589 813 2631; x_wconf 75' lang='grc' dir='ltr'><strong><em>τούς</em></strong></span> <span class='ocrx_word' id='word_1_327' title='bbox 835 2600 904 2624; x_wconf 90' lang='lat' dir='ltr'><strong><em>om.</em></strong></span> <span class='ocrx_word' id='word_1_328' title='bbox 928 2591 1011 2627; x_wconf 82' lang='lat' dir='ltr'><strong><em>Bas.</em></strong></span> <span class='ocrx_word' id='word_1_329' title='bbox 1195 2591 1252 2628; x_wconf 88' lang='grc'><strong><em>41.</em></strong></span> <span class='ocrx_word' id='word_1_330' title='bbox 1291 2590 1538 2639; x_wconf 80' lang='grc' dir='ltr'><strong><em>ἐγκλημάτων]</em></strong></span> <span class='ocrx_word' id='word_1_331' title='bbox 1564 2588 1672 2635; x_wconf 72' lang='grc' dir='ltr'><strong><em>ἄγαλ-</em></strong></span> 
     </span>
    </p>
   </div>
   <div class='ocr_carea' id='block_1_4' title="bbox 301 2697 1673 2795">
    <p class='ocr_par' dir='ltr' id='par_1_4' title="bbox 301 2697 1673 2795">
     <span class='ocr_line' id='line_1_43' title="bbox 392 2697 1673 2750; baseline 0.006 -17"><span class='ocrx_word' id='word_1_332' title='bbox 392 2699 472 2733; x_wconf 77' lang='lat'><strong><em>123</em></strong></span> <span class='ocrx_word' id='word_1_333' title='bbox 506 2699 564 2735; x_wconf 81' lang='lat'><strong><em>62.</em></strong></span> <span class='ocrx_word' id='word_1_334' title='bbox 620 2697 857 2749; x_wconf 75' lang='grc' dir='ltr'><strong><em>ἆποστατων]</em></strong></span> <span class='ocrx_word' id='word_1_335' title='bbox 902 2701 1141 2741; x_wconf 77' lang='grc' dir='ltr'><strong><em>ἄποσταντων</em></strong></span> <span class='ocrx_word' id='word_1_336' title='bbox 1164 2705 1196 2750; x_wconf 78' lang='lat' dir='ltr'><strong>Q</strong></span> <span class='ocrx_word' id='word_1_337' title='bbox 1380 2706 1435 2742; x_wconf 77' lang='lat'><strong><em>(57.</em></strong></span> <span class='ocrx_word' id='word_1_338' title='bbox 1483 2703 1673 2742; x_wconf 80' lang='grc' dir='ltr'><strong><em>κατεπολέ-</em></strong></span> 
     </span>
     <span class='ocr_line' id='line_1_44' title="bbox 301 2745 782 2795; baseline 0.011 -15"><span class='ocrx_word' id='word_1_339' title='bbox 301 2745 413 2791; x_wconf 85' lang='grc' dir='ltr'><strong><em>μησε]</em></strong></span> <span class='ocrx_word' id='word_1_340' title='bbox 443 2745 588 2783; x_wconf 76' lang='grc' dir='ltr'><strong><em>διεπολέ</em></strong></span> <span class='ocrx_word' id='word_1_341' title='bbox 572 2760 679 2795; x_wconf 86' lang='grc' dir='ltr'><strong><em>εμησε</em></strong></span> <span class='ocrx_word' id='word_1_342' title='bbox 702 2750 782 2785; x_wconf 83' lang='lat' dir='ltr'><strong><em>Bas.</em></strong></span> 
     </span>
    </p>
   </div>
  </div>
 </body>
</html>
