1820 3249
488 115 1501 161 12113.xv111.0A1’.72.73.1327

141 232 220 272 τοῦ
249 226 492 284 νικήματος.
549 230 630 270 τοῦ
669 225 715 269 δὲ
744 224 1025 283 Νικάνορος
1034 225 1192 278 νυκτός
1213 226 1503 296 ἀναχθέντος,

142 285 215 328 καὶ
256 281 589 340 διαφωσκούσης
629 286 704 339 τῆς
740 281 921 338 ἡμέρας,
972 284 1094 326 οὑτοι
1124 283 1212 353 μὲν
1231 281 1505 332 ἐπιπεσόντες

143 341 268 396 ἄφνω
306 346 398 392 τοῖς
434 342 669 410 πολεμίοις
701 338 1069 408 τεθορυβημένοις
1106 337 1241 390 εὐθὺς
1279 340 1388 383 κατὰ
1426 337 1504 382 τόν

140 402 314 468 πρῶτον
341 397 549 440 ἐπίπλουν
578 394 835 453 ἐτρέψαντο·
872 396 945 439 καὶ
974 394 1050 446 τάς
1082 413 1180 465 μεν
1190 400 1278 447 τοῖς
1307 394 1504 452 ἐμβόλοις
1531 390 1589 431 90

140 454 370 503 τύπτοντες
399 451 683 522 α’νέρῥηττον,
724 453 786 494 ὠν
816 451 862 495 δὲ
893 453 994 502 τοὺς
1022 451 1209 505 ταρσοὺς
1238 453 1503 507 παρέσυρον,

63 513 204 553 312ὠν
232 510 278 554 δὲ
304 507 560 579 αὐτάνδρων
590 509 951 565 παραδιδομένων
983 506 1225 560 ἀκινδύνως
1252 510 1503 563 ἐκυρίευον·

137 567 259 617 τέλος
299 565 344 609 δὲ
380 565 492 622 πλὴν
527 569 628 621 μιᾶς
656 569 732 621 τῆς
761 567 1024 635 ναυαρχίδος
1053 570 1140 609 τῶι
1167 570 1330 608 λοιπῶν
1353 577 1508 609 πασων

137 620 395 676 αὐτάνδρων
430 622 695 676 ἐκυρίευσαν.
761 619 786 664 6
826 620 873 665 δὲ
908 624 1085 672 Κλεῖτος
1126 621 1284 691 φυγών
1317 621 1386 665 ἐπι
1425 620 1506 677 τήν

134 683 235 734 γῆν,
278 679 351 721 καὶ
379 679 630 722 καταλιπων
657 677 738 734 τήν
766 681 905 730 ναῦν,
936 678 1164 746 ἐπεβάλετο
1195 678 1292 747 μὲν
1301 678 1372 721 δια
1403 682 1504 720 Μα-
1533 670 1588 713 95

135 736 335 785 κεδονίας
374 733 698 788 ἀνασώζεσθαι,
745 734 990 789 περιπεσων
1031 735 1076 780 δὲ
1107 733 1388 791 στρατιώταις
1417 733 1504 777 τισὶ

133 794 211 834 τοῦ
240 789 496 861 Λυσιμάχου
526 790 755 849 διεφθαρη.

243 846 482 902 Ἀντίγονος
519 848 598 903 μὲν
640 850 722 892 οὐν
751 845 983 904 τηλικαύτη
1015 850 1220 903 συμφορᾷ
1252 844 1502 902 περιβαλων
1532 841 1588 881 73

132 919 238 954 τους
279 906 513 958 πολεμίους
553 904 744 961 μεγάλην
772 905 840 947 ἐπὶ
872 906 1105 974 στρατηγία
1135 905 1208 947 καὶ
1239 903 1407 946 συνέσει
1434 903 1502 946 66-
1534 900 1614 938 100

131 960 211 1011 ξαν
233 959 535 1030 ἀπηνέγκατο.
594 965 1000 1030 θαλαττοκρατησαι
1040 949 1093 1003 δὲ
1115 961 1292 1003 ε’σπευδε
1321 960 1394 1004 καὶ
1422 976 1501 1016 την

129 1020 229 1085 τῆς
233 1014 372 1067 Ἀσίας
399 1016 636 1085 ἡγεμονίαν
665 1016 874 1087 οὲδηριτον
905 1016 1287 1086 περιποιησασθαι.
1349 1015 1499 1070 διόπερ

131 1072 174 1124 ἐξ
203 1070 370 1128 ἁπάσης
407 1077 482 1128 τῆς
518 1072 742 1126 δυιάμεως
779 1073 968 1124 ἐπιλέξας
995 1071 1128 1126 ευζωτ
1132 1090 1209 1124 ους
1238 1072 1390 1126 πεζοὺς
1421 1073 1500 1128 μὲν

131 1130 405 1184 διςμυρίους,
445 1131 584 1180 ἱππεῖς
614 1130 660 1172 δὲ
688 1131 1066 1201 tetoocmgxtm'qvg,
1106 1134 1299 1200 προῆγεν
1325 1129 1394 1172 ἐπὶ
1424 1132 1500 1172 Κι-

131 1186 291 1238 λικίας,
333 1185 533 1229 σπεύδων
564 1202 668 1237 τους
695 1187 793 1255 περὶ
821 1185 897 1229 τόν
926 1183 1110 1255 Εὐμένη,
1134 1185 1383 1237 κατακόψαι
1411 1185 1497 1239 πρὸ
1528 1178 1554 1220 5

123 1245 210 1286 τοῦ
247 1241 438 1312 δύναμιν
470 1241 713 1296 αδροτέραν
742 1241 975 1311 αθροίζειν.
1041 1241 1243 1299 Εὐμένης
1277 1242 1322 1285 δὲ
1363 1243 1501 1286 πυθό-

131 1314 279 1367 μενος
298 1298 376 1354 τὴν
416 1297 556 1355 ὁρμὴν
594 1303 684 1342 τῶν
712 1299 808 1354 περὶ
836 1298 916 1343 τόν
949 1297 1222 1354 Ἀντίγονον,
1271 1299 1500 1355 ἐπεβάλετο

130 1354 209 1424 μὲν
233 1353 321 1424 τὴν
347 1358 566 1426 Φοινίκην
592 1355 868 1399 ἀνακτᾶσθαι
896 1360 988 1407 τοῖς
1013 1358 1249 1411 βασιλεῦσι,
1281 1361 1502 1427 κατειλημ-

130 1409 267 1468 μένην
296 1410 454 1463 αδίκως
478 1410 566 1456 υπὸ
599 1414 894 1468 Πτολεμαίου,
933 1413 1307 1482 καταταχούμενος
1337 1411 1384 1455 δ’
1413 1412 1500 1457 ὑπὸ

130 1470 218 1510 τῶν
246 1472 412 1521 καιρῶν
442 1466 660 1522 ἀνέζευξεν
690 1469 735 1511 ἐκ
765 1486 841 1525 της
863 1470 1082 1524 Φοινίκης,
1114 1486 1186 1512 και
1218 1468 1291 1512 δια
1316 1473 1391 1525 τῆς
1413 1471 1500 1513 κοί·
1533 1466 1585 1506 10

130 1527 206 1594 λης
234 1526 400 1577 Συρίας
429 1530 595 1581 προῆγε
623 1526 728 1580 μετὰ
769 1530 860 1595 τῆς
883 1525 1133 1580 δυνάμεως,
1183 1525 1384 1569 σπεύδων
1412 1530 1500 1570 τῶν

130 1578 222 1623 α’νω
260 1580 504 1652 λεγομένων
543 1586 812 1635 σατραπειῶν
840 1581 1052 1633 ἅψασθαι.
1109 1582 1209 1637 περὶ
1240 1583 1286 1625 δὲ
1314 1582 1392 1625 τὸν
1425 1585 1499 1625 Τί-

129 1652 230 1707 γριν
267 1637 465 1708 ποταμόν
501 1638 766 1695 ἐπιθεμέτων
802 1636 940 1696 αὐτῷ
957 1655 1046 1681 των
1075 1638 1296 1694 ἐγχωρίων
1324 1638 1498 1690 νυκτός,

105 1691 322 1764 ἀπέβαλέ
357 1710 478 1745 τινας
514 1699 602 1738 τῶν
643 1699 942 1749 στρατιωτῶν·
991 1698 1303 1765 παραπλησίως
1342 1696 1387 1740 δὲ
1425 1698 1498 1739 καὶ
1530 1689 1582 1732 15

127 1749 236 1793 κατὰ
275 1750 355 1806 τὴν
385 1753 684 1822 Βαβυλωνίαν
720 1750 979 1823 ἐπιθεμένου
1012 1756 1092 1795 τοῦ
1122 1751 1346 1795 Σελεύκου
1376 1754 1496 1807 παρὰ

126 1804 206 1849 τόν
233 1807 489 1877 Εὐφράτην
505 1807 721 1863 ποταμόν
767 1807 1045 1852 ἐκινδύνευσε
1081 1826 1160 1864 μεν
1189 1809 1362 1853 ἅπασαν
1394 1809 1495 1854 dno-

127 1865 277 1918 βαλεῖν
315 1880 397 1919 την
433 1863 642 1934 δύναμιν,
684 1863 898 1919 διωρυγός
932 1881 1051 1916 τινος
1089 1866 1288 1935 ραγείσης
1317 1867 1390 1910 καὶ
1418 1884 1494 1924 της

127 1890 459 1973 στρατοπεδείας
487 1919 592 1976 ὅλης
616 1923 968 1977 συγκλυσθείσης,
999 1920 1113 1977 ὅμως
1133 1922 1176 1966 δὲ
1197 1925 1269 1966 διὰ
1285 1927 1359 1979 τῆς
1381 1925 1492 1975 ἰδίας

128 1978 409 2047 στρατηγίας,
451 1977 520 2020 ἐπί
549 1994 590 2021 τι
618 1994 739 2033 χωμα
768 1979 1037 2048 καταφυγών
1074 1980 1147 2022 καὶ
1183 1996 1263 2049 την
1299 1979 1494 2048 διωρυγα
1524 1979 1576 2019 20

126 2030 258 2076 πάλιν
287 2031 584 2102 ἀποστρέψας,
615 2035 817 2078 διέσωσεν
847 2033 985 2078 αὐτόν
1014 2051 1058 2078 τε
1084 2035 1157 2079 καὶ
1185 2036 1264 2093 τὴν
1293 2036 1492 2093 δύναμιν.

125 2088 381 2142 παραδόξως
414 2090 466 2134 δε
494 2090 569 2141 τὰς
608 2095 688 2134 τοῦ
716 2090 941 2135 Σελεύκου
969 2097 1114 2147 χεῖρας
1143 2094 1373 2166 διαφυγών
1403 2095 1492 2148 διή-

125 2158 258 2189 νυσεν
286 2147 346 2198 εἰς
374 2145 453 2203 τὴν
481 2149 674 2202 Περσίδα
703 2147 806 2204 μετὰ
835 2152 910 2205 τῆς
940 2149 1177 2205 δυνάμεως.
1210 2167 1319 2206 εχων
1338 2151 1494 2205 πεζοὺς

125 2217 204 2256 μεν
231 2205 416 2258 μυρίους
450 2221 521 2247 και
559 2206 941 2274 πεντακιςχιλίους,
987 2206 1125 2257 ἷππεῖς
1155 2206 1201 2250 δὲ
1229 2209 1392 2278 χιλίους
1421 2209 1493 2252 καὶ

125 2261 412 2316 τριακοσίους.
471 2259 706 2317 ἀναλαβών
736 2262 781 2305 δὲ
815 2278 917 2313 τους
947 2260 1211 2330 στρατιώτας
1240 2263 1286 2308 ἐκ
1314 2268 1390 2320 τῆς
1418 2281 1491 2308 κα-
1521 2262 1575 2304 25

125 2316 363 2368 κοπαθείας
391 2318 644 2375 διεπέμπετο
673 2319 784 2374 πρός
811 2335 856 2363 τε
885 2317 988 2371 τούς
1019 2319 1243 2377 σατράπας
1265 2321 1340 2365 καὶ
1367 2332 1494 2378 στρα-

126 2471 187 2506 87.
233 2471 538 2533 διαφωσκούσης]
563 2473 801 2545 διαφαυσκού
805 2487 869 2521 σης
890 2477 921 2511 F
925 2477 999 2511 VW
1165 2480 1222 2516 9⁰
1270 2477 1495 2528 ἅνέῤῥηττου

125 2518 215 2561 FW,
238 2521 368 2555 caeteri
390 2519 608 2568 ἆνέῤῥιπτον
784 2523 1136 2568 91.παραδιδομ]
1163 2528 1393 2585 παραδεδομ.
1417 2529 1494 2563 HV

215 2565 294 2600 312.
327 2566 360 2602 4.
408 2570 596 2614 Κιλικίας]
620 2569 791 2605 Κιλικίαν
814 2570 895 2604 Bas.
1055 2572 1089 2607 6.
1123 2569 1330 2619 αθροίζειν]
1357 2572 1494 2618 6690!-

125 2622 201 2646 σειν
225 2612 271 2644 W
294 2613 374 2648 Bas.
559 2616 615 2650 12.
663 2615 865 2672 λεγομένων
899 2628 966 2651 om.
1000 2617 1082 2652 Bas.
1267 2621 1324 2655 15.
1371 2619 1488 2665 κατά]

123 2655 218 2700 πρός
240 2657 346 2691 Fvw
536 2662 801 2709 Βαβυλωνίαν]
834 2657 1025 2743 ὁρμλωντος
1047 2664 1176 2700 addunt
1198 2667 1308 2710 va

126 2702 337 2748 Σελεύκου]
371 2707 513 2742 Λευκοῦ
536 2707 567 2742 Υ
757 2708 814 2742 24.
861 2710 1000 2754 χιλίους
1024 2710 1085 2745 καὶ
1109 2713 1368 2758 τριακοσίους]
1392 2725 1487 2758 τρις-

122 2749 263 2795 χιλίους
285 2750 383 2786 ΤΧΥ
406 2753 488 2788 Bas.
670 2753 727 2815 26.
775 2753 867 2799 πρός
890 2756 951 2801 τε]
972 2755 1068 2802 πρός
1086 2757 1117 2792 F
