1820 3249
318 118 429 160 1434
684 113 798 156 LlB.
828 113 939 155 XIX.
998 113 1127 155 GAP.
1156 118 1224 158 94.
1255 118 1324 158 95.

319 243 483 301 μοντες.
516 242 598 270 ουκ
629 224 786 281 ὀλίγων
815 223 861 269 δ’
891 224 1031 269 ὄντων
1057 224 1308 296 Ἀραβικων
1327 228 1472 271 ἐθνῶν
1501 230 1588 271 τῶν
1607 228 1686 284 τὴν

319 286 485 355 ἔρημον
521 282 808 352 ἐπινεμόντων
849 283 971 325 οὑτοι
1009 285 1119 326 πολὺ
1155 302 1243 327 των
1281 284 1421 327 ἄλλων
1450 284 1688 340 προέχουσι

317 346 411 392 ταῖς
441 339 677 409 εὐπορίαις,
699 339 777 382 τὸν
807 336 999 410 ἀριθμόν
1029 340 1148 391 ὄντες
1178 342 1232 385 οὐ
1262 341 1375 385 πολὺ
1406 343 1580 392 πλείους
1600 346 1688 384 τῶν

210 407 290 446 100
319 399 504 454 μυρίων.
563 395 744 441 εἰώθασι
778 397 862 464 γάρ
904 395 1050 440 αὐτῶν
1091 399 1172 441 οὐκ
1213 397 1353 454 ὀλίγοι
1388 398 1592 454 κατάγειν
1620 398 1690 441 ἐπὶ

318 455 539 498 θάλατταν
575 452 819 524 λιβανωτόν
856 468 900 496 τε
933 453 1006 496 καὶ
1047 454 1248 508 σμύρναν
1276 456 1349 498 καὶ
1377 473 1430 498 τα
1459 455 1690 498 πολυτελέ-

319 523 453 555 στατα
483 514 572 553 τῶν
611 509 876 565 ἀρωμάτων,
914 510 1208 565 διαδεχόμενοι
1235 513 1352 565 παρα
1380 516 1468 555 τῶν
1497 510 1692 566 κομιζόν-

318 584 406 611 των
444 567 490 610 {x
528 573 604 623 τῆς
634 567 893 623 εὐδαίμονος
930 568 1198 635 καλουμένης
1222 567 1431 624 Ἀραβίας
1490 568 1692 639 φιλελεύ-

319 630 448 694 θεροι
478 624 524 668 δέ
555 626 635 667 εἶσι
667 624 984 694 διαφερόντως,
1022 625 1095 666 καὶ
1126 624 1231 667 ὅταν
1259 630 1478 695 πολεμίων
1509 624 1692 679 δύναμις

263 687 289 730 5
319 679 434 735 ἆδροι
465 683 642 737 προςίη,
673 681 916 750 φεύγουσιν
946 689 1004 728 είς
1041 679 1118 737 τήν
1154 681 1337 738 ἔρημον,
1350 682 1504 752 ταύτῃ
1534 682 1693 752 χρώμε·

321 755 391 782 νοι
423 736 682 809 ὀχυρωματι.
719 737 911 788 ἄνυδρος
939 735 1021 790 γὰρ
1054 749 1166 779 ουσα
1195 743 1285 788 τοῖς
1316 756 1394 793 μεν
1424 738 1567 790 ἀλλοις
1599 737 1693 781 ἀνε-

318 795 500 864 πίβατός
536 794 649 847 ἐστι,
690 793 863 843 τούτοις
904 793 950 836 δὲ
988 794 1351 838 κατεσκευακόσιν
1390 794 1540 850 ἀγγεῖα
1580 811 1689 838 κατα
1704 808 1768 842 391

320 856 400 908 γῆς
439 849 603 906 ὀρυκτα
640 849 926 919 κεκονιαμένα
971 849 1123 904 μόνοις
1159 851 1387 907 παρέχεται
1428 853 1505 906 τὴν
1555 849 1692 907 ἀσφά-

242 917 294 956 10
322 913 454 951 λειαν.
511 910 586 962 τῆς
628 907 714 962 γάρ
757 911 835 962 γῆς
873 906 1007 961 οὔσης
1045 911 1120 979 τῆς
1155 908 1231 964 μὲν
1273 909 1589 978 ἀργιλλώδους,
1620 912 1697 963 τῆς

325 964 371 1008 δὲ
401 965 562 1018 πέτραν
591 963 772 1023 ἐχούσης
802 963 1012 1019 μαλακήν,
1043 962 1267 1020 ὀρύγματα
1295 964 1459 1021 μεγάλα
1488 967 1696 1008 ποιοῦσιν

324 1022 372 1064 έν
403 1020 537 1078 αὐτῇ
578 1023 641 1063 ὡν
678 1021 731 1064 τὰ
760 1036 838 1075 μεν
868 1021 1021 1092 στόμια
1051 1023 1183 1077 μικρὰ
1211 1026 1432 1072 παντελῶς
1462 1034 1696 1065 κατασκεψ

326 1077 500 1131 άζουσι,
540 1094 648 1120 κατα
678 1077 849 1134 βάθους
889 1076 929 1120 δ’
965 1077 1032 1121 ἀεὶ
1071 1083 1236 1150 μᾶλλον
1267 1077 1491 1134 εὐρυχωρῆ
1521 1082 1696 1121 ποιοῦν-

324 1152 392 1186 τες
439 1135 490 1177 τὸ
530 1139 779 1178 τελευταῖον
820 1137 1078 1189 τηλικοῦτον
1122 1134 1381 1179 ἀποτελοῦσι
1428 1137 1477 1178 τὸ
1513 1135 1698 1190 μέγεθος

245 1195 297 1238 15
327 1191 431 1243 ω’ςτε
459 1192 660 1246 γίνεσθαι
695 1191 887 1243 πλευρὰν
924 1191 1108 1247 εκάστην
1137 1192 1343 1262 πλέθρου.
1401 1197 1539 1236 ταῦτα
1569 1192 1613 1235 δὲ
1645 1192 1698 1233 τὰ

327 1247 479 1304 ἀγγεῖα
508 1252 773 1319 πληροῦντες
801 1247 962 1298 ὕδατος
993 1248 1180 1305 ὀμβρίου
1218 1251 1269 1292 τὰ
1299 1247 1478 1303 στόματ’
1511 1246 1698 1305 ἐμφράτ-

324 1316 475 1358 τουσι,
514 1306 589 1348 καὶ
627 1309 854 1355 ποιοῦντες
895 1305 1098 1349 ἰσόπεδον
1135 1323 1185 1363 τη
1224 1310 1354 1362 λοιπῇ
1386 1305 1520 1376 χώρᾳ
1546 1309 1700 1375 σημεῖα

325 1362 664 1406 καταλείπουσιν
689 1361 861 1411 ἑαυτοῖς
890 1361 969 1417 μὲν
997 1362 1318 1436 γινωσκόμενα,
1353 1368 1446 1413 τοῖς
1477 1360 1520 1404 6'
1555 1361 1701 1412 ἄλλοις

327 1417 602 1488 ἀνεπινόητα.
678 1420 904 1471 ποτίζουσι
953 1419 999 1462 δὲ
1042 1421 1116 1463 καὶ
1152 1419 1231 1475 τήν
1272 1421 1391 1462 λείαν
1429 1418 1488 1462 δι’
1528 1417 1701 1474 ἡμερῶν

242 1483 297 1523 20
327 1492 488 1530 τριων,
530 1474 648 1526 ὅπως
687 1476 735 1519 έν
765 1480 859 1525 ταῖς
890 1475 1118 1529 ἀνυδρίαις
1147 1478 1219 1520 καὶ
1250 1481 1411 1531 φυγαῖς
1441 1493 1498 1531 μη
1527 1475 1702 1528 προςδέ-

330 1549 462 1576 ωνται
494 1536 687 1600 συνεχῶν
713 1531 902 1576 ὑδάτων
964 1533 1090 1577 αὐτοὶ
1118 1533 1162 1576 δε
1191 1538 1378 1589 χρῶνται
1407 1536 1553 1587 τροφῇ
1582 1532 1703 1586 κρέα-

328 1600 371 1632 σι
407 1589 482 1632 καὶ
510 1588 693 1644 γάλακτι
721 1590 794 1632 καὶ
822 1594 912 1633 τῶν
941 1589 988 1632 ἐκ
1009 1595 1110 1663 τῆς
1125 1608 1203 1646 γης
1235 1591 1470 1646 φυομένων
1500 1594 1588 1637 τοῖς
1619 1589 1704 1631 ἐπι-

327 1648 528 1715 τηδείοις
588 1646 747 1701 φύεται
785 1663 870 1701 γαρ
912 1647 1020 1702 παρ’
1055 1645 1205 1697 αὐτοῖς
1243 1648 1291 1690 τό
1322 1648 1475 1700 πέπερι
1511 1646 1582 1688 καὶ
1617 1645 1701 1688 ἀπὸ

244 1707 298 1750 25
327 1707 416 1746 τῶν
447 1702 641 1757 δένδρων
667 1703 762 1776 μέλι
791 1702 903 1747 πολὺ
933 1704 981 1747 τό
1013 1704 1168 1759 καλού(
1158 1721 1234 1746 ιει
1240 1721 1290 1746 ον
1318 1703 1485 1758 ἄγριον,
1507 1705 1540 1759 ᾠ
1571 1706 1704 1757 χρῶν-

326 1777 399 1802 ται
427 1763 547 1817 ποτῷ
577 1759 676 1831 μεθ’
707 1759 880 1810 ύδατος.
914 1760 1002 1804 ἐστὶ
1033 1763 1078 1805 δε
1107 1762 1180 1804 καὶ
1211 1760 1318 1803 άλλα
1345 1762 1448 1816 γένη
1479 1762 1566 1801 τῶν
1585 1758 1704 1813 Ἀρά

327 1820 440 1872 βων,
481 1819 542 1859 ὠν
581 1817 674 1860 ἔνια
711 1818 785 1860 καὶ
813 1823 998 1874 γεωργεῖ
1024 1817 1264 1873 μιγνύμενα
1299 1823 1391 1867 τοῖς
1422 1820 1706 1885 φορολογου-

327 1873 477 1928 μένοις
516 1874 590 1916 καὶ
635 1873 794 1929 μετέχει
840 1878 929 1917 τῶν
967 1875 1113 1919 αὐτῶν
1150 1880 1243 1927 τοῖς
1275 1874 1442 1930 Σύροις
1470 1872 1584 1930 πλὴν
1623 1876 1704 1916 τοῦ

328 1933 635 1985 πατασκηνοῦν
664 1930 711 1972 3.v
740 1932 908 1982 οἰκίαις.

247 1989 304 2030 95
450 1986 513 2029 Τα
533 2003 611 2056 μεν
634 1981 715 2030 οὖν
744 1987 909 2042 νόμιμα
936 1992 1026 2030 τῶν
1046 1986 1242 2042 Ἀράβων
1271 1984 1439 2030 τοιαῦτ’
1470 1983 1582 2029 εἶναι
1602 1997 1704 2039 συιι

250 2049 303 2088 30
333 2043 528 2100 βέβηκεν.
575 2042 774 2099 υπογύου
812 2045 856 2087 δ’
888 2043 1036 2096 αυτοῖς
1075 2043 1210 2101 οὔσης
1238 2042 1532 2100 πανηγύρεως,
1563 2043 1623 2093 εἰς
1652 2042 1707 2098 ἣν
1736 2055 1739 2057 ’

331 2156 388 2192 98.
412 2153 535 2198 πολυ]
560 2155 689 2191 πολλοὶ
714 2157 745 2191 F
927 2158 1009 2193 100.
1032 2155 1248 2202 θάλατταν]
1275 2157 1357 2191 libri
1380 2154 1573 2192 θάλασσαν

424 2203 459 2237 3
484 2201 713 2247 καλουμένης
736 2215 805 2237 om.
829 2204 911 2240 Bas.

423 2248 503 2283 391.
550 2250 584 2285 8.
608 2249 864 2295 κεκονιαμένα]
890 2262 995 2295 supra
1017 2262 1157 2284 versum
1180 2249 1278 2294 ponit
1299 2250 1340 2289 F,
1358 2247 1708 2291 κεκονιασμέναῑῑν

1295 2294 1341 2336 ὴν
1523 2309 1569 2329 αν

561 2339 712 2397 μόνοις]
747 2338 772 2376 ἃ
797 2341 926 2386 μόνοις
949 2344 980 2377 F
1207 2341 1241 2376 9.
1265 2343 1331 2384 τῆς
1356 2338 1560 2386 ἀσφαλείας
1586 2342 1617 2375 F

424 2383 700 2432 ἀργιλλοόδους]
741 2387 995 2435 ἀργελλώδους
1027 2388 1114 2430 ΤΥ,
1148 2384 1405 2444 ἀργυλλώδους
1443 2390 1524 2422 Bzm

331 2432 388 2466 12.
413 2435 551 2475 μᾶλλον
577 2446 648 2472 om.
671 2436 756 2472 Bas.
898 2436 956 2471 13
979 2433 1180 2480 εὐρυχωρῆ]
1209 2432 1438 2479 εύρυχωρίαν
1463 2434 1583 2478 ρνᾙν
1601 2431 1708 2479 εὔρυ-

401 2480 464 2514 ίαν

331 2528 431 2572 χωρῆ
455 2525 486 2559 F
599 2527 840 2573 τηλικοῦτον]
877 2525 1064 2572 τηλικοῦτ’
1098 2527 1131 2560 Τ
1154 2528 1236 2562 Bas.
1353 2526 1411 2561 14.
1430 2524 1474 2562 τὸ
1500 2526 1675 2560 om.131s.

424 2571 482 2606 15.
506 2569 552 2607 τοὶ
576 2584 645 2610 om.
668 2575 750 2609 Bas.
934 2574 991 2608 16.
1016 2572 1169 2618 στόματ’
1197 2575 1278 2608 Bas
1294 2599 1304 2617 ‚
1326 2572 1453 2607 caetori
1479 2572 1642 2616 στόματα

424 2616 703 2677 ἐμφράττουσι]
731 2619 990 2664 ἐμφράσσουσι
1015 2622 1046 2654 F
1172 2654 1177 2658 ,
1216 2620 1271 2654 18.
1299 2617 1570 2664 γιγνωσκόμενα
1594 2630 1712 2652 omnes

471 2665 528 2699 20.
553 2670 632 2706 ταῖς
655 2678 724 2702 om.
747 2668 831 2701 Bas.
968 2667 1027 2701 23.
1051 2667 1112 2703 καὶ
1138 2663 1212 2701 ἀπὸ
1240 2666 1314 2700 τῶν
1338 2667 1376 2700 δε
1365 2665 1501 2722 ἐτνδρων
1526 2665 1709 2700 wesselin-

335 2711 432 2754 gius.
456 2711 539 2744 libri
563 2710 637 2748 ἀπὸ
661 2725 736 2747 των
761 2712 927 2757 δένδρων
951 2713 1016 2749 καὶ
1152 2713 1208 2749 29.
1242 2710 1310 2757 μὲν
1335 2707 1427 2758 οὖν]
1463 2710 1528 2756 μὲν
1553 2713 1583 2745 F

335 2757 393 2791 30
412 2753 600 2804 ὑπογύου]
628 2753 812 2805 ύπογυίον
836 2770 952 2794 omnes
