1820 3249
508 170 626 211 LIB.
654 167 799 210 xvm.
858 167 987 209 CAP.
1018 170 1083 211 18.
1115 171 1181 212 19,
1422 172 1533 213 1275

83 283 272 339 Ξτὲἔχειν
296 279 631 353 ἀναφαιρέτους.
670 279 956 335 φρούραρχον
976 279 1022 323 δὲ
1041 280 1277 324 Μένυλλον
1297 280 1370 324 καὶ
1391 297 1532 335 φρου-

161 340 245 394 ρὰν
278 337 619 394 ἠναγκάσθησαν
649 338 856 388 δέξασθαι
885 338 962 393 τὴν
995 336 1077 380 οὐκ
1107 337 1423 392 ἐπιτρέψουσαν
1453 337 1534 381 οὐ·

157 397 252 465 δενὶ
279 397 556 448 νεωτερίζειν.
613 395 712 447 περὶ
742 396 786 437 δὲ
815 398 891 449 τῆς
922 393 1081 448 Σάμου
1111 393 1188 450 τὴν
1210 393 1442 465 ἀναφορὰν
1461 394 1531 437 ἐπὶ
1561 398 1614 441 40

156 453 262 504 τοὺς
289 455 479 507 βασιλεῖς
508 450 776 506 ἐποιήσαντο.
834 450 1054 506 Ἀθηναῖοι
1077 451 1154 506 μὲν
1171 453 1253 495 οὑν
1276 450 1378 506 παρ’
1412 451 1532 494 ἐλπί-

158 512 215 554 δα
245 509 720 579 φιλανθρωπευθέντες
735 507 886 563 ἔτυχον
915 512 989 563 τῆς
1019 507 1214 563 εἰρήνης,
1256 509 1332 552 καὶ
1358 507 1407 551 τό
1438 513 1533 553 λοι-

155 565 240 611 πὸν
269 564 490 621 ἀταράχως
517 563 848 637 πολιτευόμενοι
875 566 949 608 καὶ
977 565 1057 620 τήν
1086 564 1234 620 χώραν
1263 563 1399 616 ἀδεῶς
1431 582 1533 619 καρ-

155 621 370 693 πούμενοι
398 622 505 678 ταχὺ
533 627 623 672 ταῖς
656 620 825 673 ου’σίαις
849 623 1224 677 προςανέδραμον.
1283 621 1306 666 6
1335 621 1375 665 δ’
1403 620 1532 666 Ἀντί-
1561 623 1617 666 45

155 695 320 734 πατρος
348 678 600 722 ἐπανελθών
637 680 696 729 εἰς
727 678 806 734 τήν
835 681 1118 723 Μἀκεδονίαν
1148 696 1227 721 τον
1257 679 1336 734 μὲν
1365 678 1533 733 Κράτε-

156 752 239 790 ρον
272 741 377 786 ταῖς-
409 734 703 791 ἁρμοζούσαις
741 741 882 786 τιμαῖς
915 753 959 779 τε
994 737 1067 779 καὶ
1097 738 1278 788 δωρεαῖς
1307 734 1532 791 έκόσιιησε,

154 793 230 837 καὶ
266 796 356 836 τοῖν
392 793 653 848 θυγατέρων
677 794 782 848 μίαν
811 794 1063 843 συνοικίσας
1094 791 1210 851 αὐτῷ
1240 791 1320 848 τήν
1350 796 1533 848 πρεσβυ-

151 849 288 905 τάτην
328 852 482 901 Φίλαν,
512 849 592 904 τὴν
625 851 684 900 εἰς
714 849 793 905 τήν
816 849 964 893 Ἀσίαν
983 839 1201 893 ἐπάνοδον
1224 849 1534 902 συγκατεσκεύ-

157 918 275 950 ασεν.
332 905 493 962 ὁμοίως
524 907 570 949 δὲ
597 907 672 950 καὶ
699 912 793 957 ταῖς
820 905 969 958 ι’ἱλλαις
987 905 1200 962 Ἑλληνίσι
1229 907 1407 949 πόλεσιν
1437 906 1530 949 ἐπι·
1563 901 1616 945 50

157 967 284 1014 εικῶς
311 965 621 1032 προςενεχθείς,
652 964 725 1007 καὶ
754 962 807 1006 τὰ
835 964 1129 1018 πολιτεύματα
1159 976 1239 1009 ,συν
1244 979 1418 1018 αγαγων
1446 980 1533 1007 ua·-

155 1024 243 1071 λῶς
274 1021 347 1063 καὶ
376 1018 672 1075 καταστήσας,
711 1020 902 1063 έπαίιων
929 1022 1004 1064 καὶ
1034 1020 1260 1076 στεφάνων
1291 1021 1448 1076 ἔτυχεν
1507 1018 1530 1064 ὁ

155 1076 203 1120 δὲ
213 1078 478 1148 Περδίκκας
508 1077 867 1147 ἀποκαταστήσας
888 1083 985 1128 τοῖς
1013 1080 1203 1132 Σαμίοις
1228 1078 1307 1133 τήν
1338 1094 1382 1120 τε
1403 1077 1532 1121 πόλιν

153 1132 229 1177 καὶ
256 1133 404 1189 χώραν
433 1133 677 1189 κατήγαγεν
706 1131 868 1184 αὐτους
898 1135 958 1183 εἰς
986 1151 1066 1189 την
1092 1136 1291 1189 πατρίδα,
1319 1133 1531 1190 πεφευγό-

153 1206 230 1242 τας
260 1191 332 1262 ἔτη
361 1191 476 1262 τρισὶ
505 1193 636 1233 πλείω
665 1194 754 1234 τῶν
782 1207 1109 1244 τετταρακοντα.
1559 1188 1613 1230 55

260 1245 407 1303 Ἡμεῖς
436 1245 476 1290 δ’
504 1246 594 1290 ἐπεὶ
622 1248 697 1298 τὰς
725 1246 836 1290 κατοὶ
865 1247 943 1291 τὸν
972 1246 1204 1303 Λαμιακὸν
1223 1245 1417 1302 πόλεμον
1444 1247 1528 1291 έπι-
1559 1248 1614 1286 19

153 1307 423 1355 τελεσθείσας
451 1304 628 1358 πράξεις
657 1303 921 1359 διήλθομεν,
951 1290 1283 1377 μεταβησόμεθα
1312 1304 1423 1358 πρὸς
1452 1304 1529 1348 τόν

155 1360 203 1404 ἐν
223 1365 279 1430 τῇ
306 1359 490 1431 Κυρήνῃ
518 1359 756 1416 γενόμενον
785 1360 1001 1416 πόλεμον,
1043 1363 1117 1404 ἴνα
1146 1361 1204 1418 μή
1235 1362 1408 1416 μακρὰν
1437 1366 1530 1413 τοῖς

153 1416 330 1473 χρόνοις
373 1417 694 1472 ἀποπλανῶμεν
733 1417 782 1461 τὰ
831 1417 1003 1487 συνεχὲς
1040 1422 1115 1474 τῆς
1151 1420 1362 1471 ἱστορίας.
1425 1416 1530 1461 ἀνα·
1560 1419 1615 1459 60

152 1479 311 1530 γκαῖον
334 1473 379 1517 δ’
407 1475 494 1518 ἐστὶ
514 1474 653 1530 βραχὺ
675 1479 766 1526 τοῖς
776 1474 1003 1542 χρόνοις
991 1478 1385 1531 προςαναδραμεῖν,
1415 1474 1535 1526 ὅπως

154 1533 423 1586 σαφεστέρας
436 1532 706 1602 ποιήσωμεν
733 1549 810 1582 τας
839 1532 949 1576 κατα
978 1532 1110 1586 μέρος
1140 1533 1325 1586 πράξεις.
1381 1531 1535 1586 Ἀρπά-

153 1591 236 1632 λου
273 1587 369 1656 γαρ
398 1589 476 1631 τὸν
516 1604 565 1631 εκ
593 1593 669 1644 τῆς
694 1587 837 1640 Ἀσία-ς
867 1588 1063 1644 δρασμὸν
1090 1588 1413 1657 ποιησαμένου,
1461 1589 1536 1632 καὶ
1568 1608 1571 1610 ·

89 1691 93 1698 ‚
152 1643 532 1696 καταπλεύσαντος
561 1647 620 1696 εἷς
651 1644 832 1713 Κρήτην
860 1645 966 1701 μετά
996 1649 1085 1688 τῶν
1113 1644 1430 1714 μισθοφόρων,
1462 1662 1534 1688 κα-

153 1701 297 1774 θάπερ
328 1702 374 1745 ἐν
403 1719 454 1758 τῃ
485 1702 570 1755 πρὸ
609 1700 770 1771 ταύτης
808 1704 945 1759 βίβλῳ
985 1701 1328 1774 δεδηλώκαμεν,
1356 1705 1534 1757 Θίβρων
1564 1699 1618 1741 65

153 1755 215 1808 εἷς
252 1762 344 1802 τῶν
382 1761 522 1814 φίλων
561 1757 844 1814 νομιζόμενος
875 1758 1182 1828 δολοφονήσας
1211 1759 1290 1803 τόν
1307 1758 1534 1827 ’Ἅρπαλον

151 1813 308 1869 κύριος
343 1814 511 1870 ἐγένετο
550 1819 639 1859 τῶν
675 1832 720 1859 τε
755 1815 988 1872 χρημάτων
1017 1817 1092 1860 καὶ
1120 1821 1209 1859 τῶν
1239 1821 1532 1887 στρατιωτῶν,

155 1870 296 1915 ὄντων
335 1871 637 1940 ἓξακιςχιλίων.
706 1871 868 1927 ὁμοίως
909 1874 954 1916 δὲ
987 1874 1059 1916 καὶ
1098 1877 1188 1916 τῶν
1226 1878 1340 1917 νεῶν
1368 1873 1533 1929 ἐγκρα-

151 1944 230 1983 της
244 1927 503 2001 γενόμενος,
533 1931 607 1972 καὶ
635 1929 738 1980 τούς
768 1929 1031 1984 στρατιώτας
1062 1931 1121 1981 εἰς
1144 1929 1304 1981 ταύτας
1332 1930 1531 1985 θέμενος,
1561 1929 1616 1967 70

151 1984 438 2029 κατέπλευσεν
465 1986 525 2037 εἰς
553 1985 632 2041 τὴν
660 2003 805 2041 χωραν
833 1991 922 2030 τῶν
951 1988 1229 2058 Κυρηναίων.
1288 1986 1532 2056 ἀνειληφως

153 2041 202 2086 δὲ
229 2041 332 2112 μεθ’
363 2041 502 2086 αὑτοῦ
529 2059 635 2094 τους
663 2044 710 2085 ἐκ
739 2047 813 2099 τῆς
842 2043 1048 2114 Κυρήνης
1073 2044 1300 2113 φυγάδας,
1331 2046 1402 2087 καὶ
1432 2043 1531 2087 τού-

151 2115 257 2150 τους
281 2098 394 2171 ε’χων
420 2099 783 2169 καθηγουμένους
811 2104 887 2156 τῆς
917 2101 1120 2158 ε’πιβολης
1152 2101 1226 2145 διὰ
1254 2100 1334 2157 τὴν
1353 2105 1442 2145 τῶν
1463 2100 1531 2143 τό-

151 2170 248 2199 πων
276 2155 512 2211 εμπειρίαν,
546 2155 900 2227 ἀπαντησάντων
917 2174 1007 2201 των
1036 2160 1317 2214 Κυρηναίων,
1349 2159 1423 2201 καὶ
1451 2157 1531 2213 μά-

151 2229 228 2268 χης
253 2213 510 2285 γενομένης,
543 2212 567 2257 ὁ
597 2215 773 2286 Θίβρων
799 2212 980 2270 νικήσας
1008 2215 1202 2265 πολλους
1232 2215 1311 2270 μὲν
1341 2215 1529 2258 ἀπέκτει
1559 2207 1614 2248 75

89 2282 98 2285 “
151 2284 240 2322 νεν,
271 2286 355 2313 ουκ
383 2269 556 2340 ὀλίγους
586 2269 628 2314 δ’
642 2270 885 2341 ἐζώγρησε.
915 2270 1154 2325 κυριεύσας
1172 2271 1218 2315 δὲ
1239 2275 1318 2314 τοῦ
1340 2272 1529 2327 λιμένος,

153 2325 227 2368 καὶ
253 2326 547 2384 πολιορκήσας
581 2326 657 2372 καὶ
691 2327 1071 2386 καταπληξάμενος
1098 2328 1202 2381 τούς
1230 2330 1528 2387 Κυρηναίους,

745 2488 865 2497 .....

245 2495 327 2530 272.
350 2495 407 2531 48.
446 2497 577 2544 Φίλαν]
604 2500 730 2543 φιλαν.
736 2511 887 2542 ..ρωποτ
914 2524 924 2533 .
946 2498 979 2533 F
1132 2496 1190 2533 55.
1239 2499 1336 2556 των]
1362 2497 1425 2533 και
1450 2499 1534 2533 Bae.

201 2547 220 2560 ³⁸
246 2542 529 2588 τετταράκοντα]
551 2544 824 2588 τεσσαράκοντα
848 2557 979 2586 omme,
1002 2556 1028 2588 μ
1050 2543 1132 2579 Bas.
1144 2570 1155 2586 ‚
1180 2544 1377 2603 τριάκρντα
1396 2546 1441 2578 W
1443 2556 1534 2578 esee-

156 2587 286 2631 lingius
421 2590 477 2624 58.
501 2591 621 2645 ἴνα]’“’
602 2605 665 2626 ινα
678 2591 717 2627 δε
730 2593 809 2626 Fw
948 2591 1004 2624 60.
1033 2589 1235 2634 ἀναγκαῖον
1251 2588 1305 2636 δ’]
1331 2591 1417 2635 ἀνα,
1417 2594 1533 2626 καῖον

154 2634 213 2668 FV
219 2634 262 2667 W
397 2635 455 2670 64.
478 2634 670 2682 μετατων]
679 2637 811 2683 μετ-ἀν
946 2636 1001 2671 65.
1029 2638 1324 2682 Θίβρωνεοιιψοι·
1333 2619 1425 2672 Fxx‘
1439 2639 1518 2671 Bas.

154 2679 284 2714 caeteri
306 2691 441 2724 semper
459 2683 636 2728 Θίμβρων
772 2683 830 2720 68.
854 2681 1102 2740 έξακιςχιλίων
1114 2685 1348 2718 Blancardus:
1372 2684 1454 2718 libri
1472 2681 1533 2716 ἐπ

153 2727 380 2770 τακιςχιλίων
538 2729 596 2762 71.
636 2728 728 2772 μεθ’
753 2726 896 2775 αὑτοῦ]
933 2742 999 2775 μετ
1045 2728 1164 2764 αὐτοῦ
1188 2742 1306 2764 omnes
1475 2728 1533 2762 72.

153 2769 353 2819 ἐπιβολῆς]
391 2771 588 2831 ἐπιβουλῆς
610 2776 719 2811 Fvw
749 2777 831 2810 Bas.
1023 2776 1081 2810 73.
1128 2775 1195 2819 τήν
1219 2778 1319 2823 τῶν]
1353 2776 1429 2811 τῶν
1450 2775 1533 2809 Bas.

153 2838 196 2862 ς.
242 2818 303 2854 76.
348 2818 412 2856 καὶ
433 2821 683 2867 πολιορκήσας
705 2822 759 2866 Τ,
790 2821 921 2858 caeteri
943 2820 1234 2869 ἐκπολιορκήσας
