1820 3249
361 201 446 240 994
743 195 863 241 LIB.
894 196 983 240 XV.
1022 197 1152 239 GAP.
1176 201 1244 241 5⁰
1273 201 1341 242 51.

362 312 543 353 τοιαῦτα
572 305 860 381 φαντασματα
879 308 1313 381 κατηναγκασμένως
1341 310 1539 380 γίνεσθαι
1567 308 1745 366 χρόνοις

363 365 647 422 ὡρισμένοις,
687 366 760 409 καὶ
795 366 894 421 περὶ
933 371 1023 410 τῶν
1062 367 1276 410 τοιούτων
1305 366 1412 418 τούς
1439 384 1483 411 τε
1515 368 1562 411 ἐν
1591 369 1746 438 Βαβυ-

362 426 470 466 λῶνι
494 423 744 473 Χαλδαίους
771 422 845 466 καὶ
872 422 976 474 τούς
1016 422 1173 474 ἄλλους
1203 421 1513 492 αστρολόγους
1540 423 1747 479 ποιουμέ-

281 489 337 532 45
365 495 475 530 νους
502 479 766 549 προρρήσεις
788 479 982 536 ἐναργεῖς
1010 478 1328 551 ἐπιτυγχάνειν·
1360 480 1466 531 τούς
1489 480 1534 524 δὲ
1559 480 1616 536 μὴ
1637 486 1747 523 θαυ-

364 535 513 592 μάζειν
545 536 652 578 ὅταν
684 534 860 606 γένηταί
895 553 936 579 τι
965 541 1188 588 τοιοῦτον,
1227 534 1322 580 ἄλλ’
1361 535 1438 579 ἐὰν
1479 535 1536 592 μὴ
1572 537 1746 606 γένηται

362 609 477 638 κατι
510 609 588 643 τας
624 594 737 643 ἰδίας
782 592 976 662 ἑκοξστων
1014 592 1267 647 περιόδους,
1322 594 1516 644 αἰωνίοις
1554 593 1747 663 κινησεσι

361 649 437 695 καὶ
486 654 648 719 φοραῖς
695 648 954 704 ωρισμέναις
997 654 1085 693 τῶν
1135 649 1501 704 συντελουμένων.
1576 649 1656 705 τὴν
1703 646 1744 692 δ’

278 716 335 761 50
364 708 451 750 οὐν
478 705 686 760 λαμπάδα
714 705 932 777 τοσαύτην
962 705 1186 762 ἐσχηκέναι
1214 705 1491 775 λαμπρότητα
1520 706 1592 749 καὶ
1619 707 1749 750 δύνα-

360 778 440 820 μιν
468 767 549 806 τοῦ
579 761 727 831 φωτὸς
757 761 859 813 ὥςτ’
897 763 965 805 ἐπὶ
994 766 1069 818 τῆς
1097 766 1175 818 γῆς
1205 762 1326 813 σκιὰς
1354 768 1495 806 ποιεῖν
1521 767 1749 834 παραπλη-

363 821 462 869 σίας
490 837 542 875 τη
578 817 751 875 σελήνῃ.
809 836 919 862 κατα
950 820 994 862 δὲ
1023 820 1207 870 τούτους
1235 820 1341 870 τούς
1379 818 1590 888 χρόνους
1599 818 1747 873 Ἀρτα-

363 876 511 931 ξέρξης
541 875 564 919 ὁ
605 873 829 930 βασιλεύς,
873 874 992 929 ὁρῶν
1019 876 1154 918 πάλιν
1191 876 1513 931 ταραττομένην
1546 875 1624 931 τὴν
1657 875 1749 918 Ἐλ-

360 932 439 977 λάξ
441 950 501 984 α
532 933 734 1002 πρέσβεις
762 932 993 983 ἀπέστειλε,
1024 936 1292 986 παρακαλων
1322 933 1620 976 συλλύσασθαι
1647 932 1750 982 τούς

278 999 333 1042 55
362 984 450 1045 έμς·
447 990 605 1039 υλίους
629 988 848 1058 πολέμους
877 989 950 1031 καὶ
980 990 1226 1032 συνθέσθαι
1255 988 1407 1044 κοινὴν
1428 988 1612 1059 εἰρήνην
1639 1004 1749 1032 κατα

360 1046 438 1097 τὰς
472 1044 712 1115 ὁμολογίας
749 1043 802 1096 ἃς
837 1045 1053 1115 πρότερον
1088 1041 1200 1102 ἦσαν
1228 1044 1528 1116 πεποιημένοι.
1578 1050 1666 1089 τῶν
1703 1044 1750 1088 δὲ

353 1101 575 1157 Ἑλληνων
610 1100 788 1145 πάντων
831 1099 1025 1157 ἀσμένως
1055 1101 1418 1170 προςδεξαμένων
1455 1102 1557 1154 τοὺς
1593 1103 1752 1158 λόγους

360 1159 599 1204 συνέθεντο
640 1158 797 1214 κοινήν
839 1158 1018 1228 εἰρήνην
1062 1161 1107 1203 αἱ
1143 1158 1290 1210 πόλεις
1329 1163 1464 1203 πασαι
1503 1159 1617 1229 πλὴν
1658 1162 1751 1215 Θη-

359 1218 522 1286 βαίων·
570 1218 759 1271 Θηβαῖοι
807 1232 904 1285 γαρ
941 1215 1071 1271 μόνοι
1118 1215 1198 1270 τὴν
1247 1218 1467 1259 Βοιωτίαν
1509 1214 1597 1259 ὑπὸ
1645 1217 1752 1284 μίαν

276 1286 334 1327 60
363 1273 542 1344 α’γοντες
571 1272 821 1316 συντέλειαν
851 1269 905 1315 οὐ
931 1271 1110 1328 προςεδ’
1096 1278 1281 1345 χθησαν
1308 1271 1393 1316 ὑπὸ
1421 1276 1509 1315 τῶν
1525 1270 1751 1341 Ἑλλήνων

362 1330 437 1375 δια
467 1329 516 1373 τὸ
545 1333 681 1373 πᾶσιν
711 1326 911 1382 ἀρέσκειν
938 1329 1048 1373 κατοὶ
1079 1330 1208 1372 πόλιν
1230 1330 1430 1384 γίνεσθαι
1455 1345 1560 1380 τους
1589 1329 1752 1400 ὅρκους

362 1388 438 1432 καὶ
472 1404 549 1456 τας
591 1385 799 1437 σπονδας.
858 1385 1009 1440 διόπερ
1048 1386 1281 1430 ἔκσπονδοι
1293 1385 1572 1457 γενηθέντες
1612 1385 1752 1439 ω’ςπερ

363 1445 438 1489 καὶ
462 1441 676 1498 πρότερον
705 1446 908 1498 συνεῖχον
936 1441 1017 1511 τὴν
1039 1443 1256 1487 Βοιωτίαν
1288 1441 1335 1485 έν
1363 1460 1426 1511 τη
1446 1441 1554 1486 καθ’
1586 1441 1751 1492 αυτούς

275 1515 334 1560 65
365 1505 442 1559 μιᾷ
474 1501 708 1556 συντελεία.
739 1499 806 1542 ἐπὶ
837 1499 882 1542 δὲ
911 1498 1085 1550 τούτοις
1107 1501 1151 1542 οῖ
1175 1498 1515 1553 Λακεδαιμόνιοι
1535 1499 1752 1551 παροξυν-

362 1560 536 1609 θέντες,
567 1557 763 1612 ἔγνωσαν
791 1554 952 1613 μεγάλῃ
984 1555 1165 1624 δυναμει
1193 1556 1443 1625 στρατεύειν
1472 1554 1539 1599 ἐπ’
1570 1554 1750 1625 αὐτούς,

363 1633 425 1668 ως
453 1614 632 1664 κοινοὺς
660 1615 915 1683 πολεμίους·
959 1610 1133 1682 σφόδρα
1161 1613 1243 1668 γὰρ
1271 1610 1540 1681 ὑφεωρωντο
1569 1612 1648 1667 τὴν
1678 1612 1752 1655 αὔ-

363 1674 488 1742 ξησιν
518 1669 686 1721 αὐτῶν,
725 1668 890 1738 μήποτε
918 1673 994 1726 τῆς
1032 1669 1134 1739 ὅλης
1163 1672 1374 1720 Βοιωτίας
1401 1667 1637 1736 ἡγούμενοι
1670 1683 1753 1725 την

306 1765 308 1768 v
362 1729 604 1800 ἡγεμονίαν
632 1743 707 1783 της
736 1725 940 1795 Σπάρτης
968 1725 1291 1777 καταλύσωσιν,
1322 1725 1628 1781 ἐπιλαβόμενοι
1656 1741 1752 1769 και-

277 1803 337 1844 70
365 1790 466 1841 ροῦ.
526 1785 573 1827 5v
615 1800 660 1826 τε
699 1798 801 1851 γαρ
813 1787 905 1833 τοῖς
942 1784 1197 1851 γυμνασίοις
1227 1786 1415 1836 συνεχῶς
1456 1784 1752 1851 διατρίβοντες

363 1842 580 1897 εύρωστοι
608 1844 700 1890 τοῖς
738 1838 935 1894 σώμασιν
964 1837 1161 1894 ὑπηρχον
1191 1839 1265 1881 καὶ
1294 1839 1426 1894 φύσει
1463 1838 1752 1909 φιλοπόλεμοι

364 1902 635 1948 καθεστωτες
679 1880 862 1945 οὐδενὸς
907 1895 1067 1946 ἔθνους
1100 1895 1353 1965 Ἑλληνικοῦ
1399 1900 1494 1947 ταῖς
1527 1893 1752 1965 ἀνδρείαις

364 1957 602 2002 ἐλείποντο.
663 1949 779 2022 εἶχον
808 1953 854 1996 δὲ
882 1951 955 1995 καὶ
991 1951 1204 2007 ηγεμόνας
1244 1952 1469 2008 ἐπιφανεῖς
1507 1957 1601 2004 ταῖς
1643 1949 1751 2006 ἄρε-

277 2025 335 2070 75
365 2019 461 2064 ταῖς
491 2008 680 2060 πολλοὺς
706 2025 785 2065 μεν
813 2009 885 2052 καὶ
916 2007 1093 2059 αλλους,
1124 2010 1350 2064 μεγίστους
1380 2009 1426 2052 δὲ
1454 2014 1589 2062 τρεῖς,
1625 2008 1751 2052 Ἐπα-

361 2067 614 2127 μεινώνδαν
643 2066 715 2110 καὶ
745 2066 948 2135 Γοργίαν,
979 2065 1040 2109 ἔτι
1069 2065 1116 2108 δὲ
1143 2065 1216 2109 καὶ
1246 2067 1517 2109 Πελοπίδαν·
1548 2065 1576 2122 ἥ
1604 2082 1649 2108 τε
1672 2065 1749 2109 nd·-

361 2132 430 2178 λις
467 2129 556 2169 τῶν
591 2124 796 2191 Θηβαίων
826 2121 899 2166 δια
927 2125 1002 2177 τῆς
1029 2125 1118 2165 τῶν
1154 2121 1389 2183 προγόνων
1421 2122 1676 2178 ἐπιφανείας
1701 2122 1749 2165 έν

361 2188 456 2235 τοῖς
482 2181 691 2252 ηρωικοῖς
717 2176 893 2250 χρόνοις
922 2179 1203 2248 φρονήματος
1238 2195 1312 2237 ην
1322 2177 1489 2235 πλήρης
1520 2179 1594 2222 καὶ
1622 2178 1751 2235 μεγάὲ

361 2245 454 2302 λων
485 2238 666 2294 ὠρέγετο
694 2252 973 2292 πραγματων,
1011 2252 1121 2280 κατα
1149 2252 1228 2305 μεν
1258 2237 1341 2279 οὐν
1369 2241 1530 2279 τοῦτον
1557 2235 1636 2280 τὸν
1665 2236 1751 2279 ἐνι-

281 2310 336 2352 80
367 2295 506 2341 αυτὸν
541 2313 584 2339 οι
613 2293 952 2363 Λακεδαιμόνιοι
978 2292 1349 2347 παρεσκευάζοντο
1379 2291 1490 2347 πρὸς
1517 2291 1596 2336 τόν
1624 2290 1749 2336 πόλε-

365 2370 452 2410 μον
480 2353 554 2397 καὶ
584 2349 790 2419 δυνάμεις
817 2351 1047 2406 κατέλεγον
1084 2348 1163 2401 τοὶς
1191 2348 1270 2406 μὲν
1296 2349 1548 2402 πολιτικας,
1585 2348 1664 2402 τὰς
1701 2349 1749 2393 δε

365 2427 489 2482 παρα
514 2424 603 2452 των
619 2406 879 2477 συμμάχων.

281 2480 336 2519 51
479 2465 588 2512 Ἐπ’.
577 2463 823 2522 ἄρχοντος
861 2461 903 2508 δ’
938 2462 1148 2520 Ἀθήνησι
1189 2464 1507 2519 Φρασικλείδου
1544 2434 1750 2518 Ῥωμαῖοι
1778 2464 1820 2504 43

364 2653 424 2689 48.
446 2667 520 2690 των
544 2633 864 2697 συντελουμένων]
898 2647 1182 2695 συντελουμένας
1206 2649 1390 2693 Βείεῐιῖιιῡ,
1421 2646 1596 2685 ἁπάντων
1618 2660 1686 2685 «xvv
1688 2661 1744 2686 τε

362 2701 554 2743 λουμένων
571 2700 845 2734 Rhodomannus
1026 2697 1082 2731 56.
1107 2698 1180 2731 τῶν
1205 2693 1248 2730 δ’
1272 2697 1315 2737 Κ,
1340 2697 1470 2731 caeteri
1491 2710 1566 2732 των
1590 2695 1629 2731 δε

472 2746 530 2781 72.
555 2743 743 2788 ἀνδρείαις
764 2745 869 2788 ΑΗΙ,
901 2743 1026 2779 caeteri
1067 2740 1339 2788 ἀνδραγαθίαις
1564 2742 1621 2778 75.
1648 2744 1743 2788 Γορ-

361 2794 470 2837 γίαν]
495 2804 527 2825 v.
554 2793 651 2835 adp
656 2791 744 2824 .32.
769 2791 826 2824 91.
1017 2789 1075 2823 79.
1100 2787 1285 2835 ἐνιαυτὸν]
1312 2786 1440 2836 καιρὸν
1464 2789 1494 2824 L

453 2838 509 2873 43.
534 2838 588 2873 83.
616 2837 902 2883 Φρασικλείδου]
935 2838 1174 2883 Φρασιλείδου
1199 2837 1228 2871 L
