1820 3249
468 182 583 223 LlB.
611 181 718 222 XIX.
776 180 902 222 GAP.
930 183 998 224 31.
1027 204 1082 212 —
1113 184 1506 227 331369

150 297 284 348 σίους,
306 295 445 345 ἱππεῖς
462 289 508 338 δὲ
534 291 800 349 πεντήκοντα
827 291 1038 347 τέτταρες
1067 292 1328 362 τραυματίαι
1357 290 1401 336 δ’
1425 292 1508 348 ἐγέ-

148 367 290 396 νοντο
315 353 490 401 πλείους
527 354 617 393 τῶν
657 352 1024 419 τετρακιςχιλίων·
1072 354 1159 392 τῶν
1200 348 1244 393 δ’
1282 347 1508 421 Εὐμένους

147 409 301 451 ἔπεσον
338 407 452 461 πεζοὶ
488 406 568 461 μὲν
604 404 879 476 πεντακόσιοι
916 405 1250 459 τετταράκοντα,
1291 407 1430 456 ἱππεῖς
1460 402 1503 448 δ’

146 464 287 520 ὀλίγοι
321 466 559 514 παντελῶς·
595 463 855 518 τραυματίαι
890 460 931 506 δ’
972 462 1168 518 ἐγένοντο
1208 464 1384 513 πλείους
1420 465 1507 505 τῶν
1539 464 1618 502 100

146 521 396 565 ἐνακοσίων.

253 576 304 620 Ὀ
332 576 374 621 δ’
399 575 638 645 Ἀντίγονος
675 574 780 644 μετὰ
809 574 887 630 τὴν
921 573 967 619 ἐκ
1001 578 1076 631 τῆς
1106 574 1240 631 μάχης
1281 573 1506 644 ἀποχώρη-
1536 577 1592 617 32

147 646 218 678 σιν
248 633 365 704 ὁρῶν
387 634 493 683 τούς
521 631 784 685 στρατιώτας
813 631 1116 686 ἀθυμοῦντας,
1147 634 1300 686 διέγνω
1328 648 1409 688 την
1437 648 1506 674 τα-

145 693 293 757 χίστην
320 687 628 761 ἀναζευγνύειν
645 689 703 740 ώς
731 687 999 758 ποῤῥωτάτω
1026 693 1114 731 τῶν
1141 690 1371 757 πολεμίων.
1403 690 1506 742 βου·
1537 690 1563 731 5

144 745 325 800 λόμενος
346 744 387 790 δ’
419 745 607 798 εὔζωνον
633 749 812 801 ποιῆσαι
840 745 917 801 τὴν
947 744 1136 814 δύναμιν
1163 746 1272 797 πρὸς
1300 744 1379 800 τὴν
1403 743 1508 786 α’πο-

145 802 365 872 χώρησιν,
404 802 508 852 τούς
550 801 628 871 μὲν
667 805 931 857 τραυματίας
968 802 1041 845 καὶ
1078 800 1128 844 w?
1171 801 1393 868 βαρύτατα
1433 816 1510 854 της

145 858 389 929 ἀποσκευῆς
416 857 746 929 προαπέστειλεν
776 860 835 909 είς
873 875 971 900 τινα
998 861 1086 901 τῶν
1115 861 1297 913 πλησίον
1326 855 1509 907 πόλεων,

143 915 248 967 τούς
285 915 330 960 δὲ
358 914 541 967 νεκροὺς
576 912 651 970 ἅμ’
691 914 831 984 ἡμέρα
859 914 1028 966 θάψας,
1067 914 1140 957 καὶ
1167 911 1509 968 παρακατασχὼν

144 972 221 1015 τὸν
248 971 378 1041 παροὶ
403 976 489 1015 τῶν
525 972 741 1026 πολεμίων
778 971 939 1026 η’κοντα
975 969 1147 1040 κήρυκα
1182 971 1280 1024 περὶ
1309 974 1383 1025 τῆς
1419 973 1509 1011 τῶν
1541 976 1592 1015 10

144 1032 316 1082 νεκρῶν
339 1027 638 1099 ἀναιρέσεως,
672 1028 928 1082 παρήγγειλε
965 1032 1040 1082 τῆς
1070 1026 1187 1095 ω’ρας
1217 1029 1507 1098 δειπνοποιεῖ-

145 1090 264 1128 σθαι.
305 1088 381 1152 τῆς
413 1082 454 1127 δ’
483 1082 646 1153 ἡμέρας
686 1083 941 1152 διελθούσης
977 1085 1054 1127 τὸν
1081 1084 1159 1138 μὲν
1186 1083 1354 1153 κήρυκα
1384 1082 1508 1150 ε’πεμ·

143 1148 220 1192 ψε,
249 1138 354 1190 δοὺς
382 1141 442 1191 εἷς
470 1141 551 1210 τήν
580 1139 737 1193 αὔριον
757 1140 843 1210 τὴν
872 1139 1119 1191 ἀναίρεσιν,
1152 1139 1282 1191 αὐτὸς
1311 1139 1356 1182 δὲ
1384 1137 1507 1192 πρώ-

142 1213 217 1253 της
245 1200 441 1267 φυλακῆς
469 1195 705 1263 ἀρχομένης
742 1195 935 1249 ἀνέζευξε
973 1195 1079 1247 μετὰ
1107 1196 1246 1264 πάσης
1274 1200 1371 1264 τῆς
1379 1194 1508 1238 δυνά-

142 1269 278 1310 μεως,
313 1253 385 1296 καὶ
425 1251 665 1303 συντόνους
703 1253 779 1303 τὰς
814 1253 991 1325 πορείας
1023 1251 1308 1322 ποιωούμενος,
1346 1249 1507 1306 ἀπέστη
1540 1256 1591 1298 15

143 1311 226 1380 μὲν
247 1313 337 1353 τῶν
365 1310 581 1365 πολεμίων
610 1309 804 1364 μακράν,
842 1309 934 1378 ἔσχε
967 1308 1014 1351 δὲ
1040 1308 1186 1378 χώραν
1214 1306 1421 1362 ἀκέραιον
1449 1310 1508 1358 εἰς

143 1365 362 1419 ἀνάληψιν
372 1369 452 1409 τοῦ
475 1366 791 1419 στρατοπέδου·
803 1364 994 1433 διήνυσε
1007 1381 1092 1418 γαρ
1114 1381 1193 1416 εως
1206 1369 1247 1408 Γ
1245 1363 1509 1419 αδαμαογων

143 1427 218 1493 τῆς
245 1424 442 1489 Μηδίας,
480 1421 614 1476 οὔσης
649 1425 724 1476 τῆς
753 1420 893 1489 χώρας
927 1420 1014 1464 ὑπὸ
1050 1421 1247 1464 Πύθωνα
1275 1423 1348 1465 καὶ
1378 1426 1508 1490 δυνα-

142 1479 274 1536 μένης
301 1477 501 1534 μεγάλαις
530 1477 738 1531 δυνάμεσι
759 1477 869 1531 πρὸς
893 1478 1136 1546 διατροφὴν
1157 1480 1347 1529 δαψιλῶς
1377 1477 1510 1521 ἅπαν-

142 1553 195 1578 τα
223 1539 472 1605 χορηγῆσαι.
528 1534 728 1604 Ευμένης
757 1534 804 1577 δὲ
837 1533 908 1577 διά
937 1538 1024 1576 τῶν
1053 1534 1340 1577 κατασκόπων
1369 1533 1510 1578 πυθό-
1540 1545 1593 1583 20

143 1608 274 1647 μενος
303 1607 383 1660 την
411 1590 684 1661 ἀναχώρησιν
712 1595 800 1634 τῶν
825 1590 922 1643 περὶ
949 1591 1026 1633 τὸν
1049 1590 1308 1646 Ἀντίγονον,
1331 1595 1410 1633 τοῦ
1432 1590 1511 1646 μὲν

82 1688 87 1696 ,
144 1648 317 1692 διώκειν
354 1645 515 1704 ἀπέστη
555 1647 628 1690 ow}
667 1648 716 1690 τὸ
754 1648 827 1690 καὶ
863 1648 964 1697 τοὺς
1004 1649 1142 1697 ἰδίους
1173 1645 1434 1702 στρατιώτας
1465 1647 1511 1690 έν

143 1704 287 1775 ἀσιτία
325 1705 399 1748 καὶ
441 1706 753 1754 κακοπαθείαις
791 1702 994 1758 μεγάλαις
1035 1703 1285 1774 γεγονέναι,
1324 1705 1422 1757 περὶ
1465 1703 1510 1747 δὲ

141 1778 222 1830 την
251 1763 473 1813 αναίρεσιν
500 1765 589 1804 τῶν
614 1759 976 1830 τετελευτηκότων
1004 1761 1237 1815 γενόμενος
1268 1759 1508 1816 ἐπεμελήθη
1540 1767 1594 1809 25

141 1823 218 1874 τῆς
261 1834 400 1873 ταφης
444 1821 790 1874 μεγαλοπρεπῶς.
845 1817 953 1859 ἔνθα
1001 1816 1052 1872 δη
1087 1817 1259 1887 συνέβη
1308 1819 1512 1871 γενέσθαι

141 1878 316 1929 πρᾶγμα
345 1875 598 1925 παράδοξον
628 1875 700 1918 καὶ
729 1873 843 1917 πολύ
871 1877 960 1917 τῶν
989 1871 1096 1928 παρ’
1118 1874 1320 1931 Ἐλλησιν
1343 1874 1510 1930 ἐξηλλα-

141 1931 302 1987 γμένον
331 1932 541 1999 νομίμων.

253 1987 435 2056 Κητεὺς
457 1985 541 2040 γὰρ
581 1984 606 2030 6
646 1990 732 2030 τῶν
772 1986 818 2029 ἐκ
862 1990 938 2043 τῆς
964 1984 1151 2052 Ἰνδικῆς
1199 1984 1509 2056 ἀπηντηκότων
1538 1994 1593 2032 33

144 2044 387 2113 στρατηγὸς
411 2041 603 2099 ἀνῃρέθη
641 2043 719 2096 μὲν
759 2042 804 2086 ἐν
834 2059 885 2099 τῃ
914 2041 1026 2099 μάχῃ
1055 2048 1262 2097 λαμπρῶς
1292 2042 1507 2098 ἀγωνισά-
1539 2052 1592 2091 30

143 2116 285 2156 μενος,
309 2099 483 2143 ἀπέλιπε
513 2100 560 2168 δὲ
589 2099 670 2143 δύο
700 2104 909 2155 γυναῖκας
938 2100 1354 2152 συνακολουθούσας
1384 2101 1430 2144 έν
1451 2106 1511 2157 τῷ

143 2156 439 2225 στρατοπέδῳ,
478 2156 566 2224 τὴν
593 2156 672 2211 μὲν
716 2156 954 2225 νεόγαμον,
994 2157 1072 2210 τὴν
1113 2157 1157 2200 δὲ
1195 2156 1355 2213 ὀλίγοις
1404 2146 1512 2201 ἔτεσι

141 2211 354 2284 πρότερον
384 2211 720 2283 συνοικήσασαν,
743 2211 993 2268 ἀμφοτέρας
1014 2213 1059 2256 δὲ
1083 2215 1381 2269 φιλοστόργως
1403 2214 1513 2283 n96<3

145 2268 278 2313 αὐτὸν
306 2269 588 2326 διακειμένας.
648 2268 774 2321 ὄντος
815 2270 860 2313 δὲ
889 2273 1078 2314 παλαιοῦ
1107 2270 1246 2327 νόμου
1274 2270 1391 2326 παρὰ
1419 2276 1512 2322 τοῖς

144 2403 202 2437 97.
233 2402 414 2448 τέτταρες]
440 2405 462 2440 δ
485 2405 580 2448 Bas„
604 2406 728 2441 caeteri
751 2405 918 2450 τέσσαρες
1092 2407 1147 2441 99.
1180 2403 1460 2450 τετταράκοντα]
1485 2418 1512 2446 μ

145 2451 227 2484 Bas.
230 2450 661 2492 ,οηεῐοτίτεσσαράκοντα
774 2453 807 2486 1.
831 2453 912 2486 libri
927 2448 1149 2488 ἐννακοσίων
1263 2453 1296 2490 4.
1323 2451 1512 2497 πορρωτά-

145 2496 215 2540 τω]
235 2493 455 2554 πορῤώτατα
471 2499 558 2532 ὮΨ
668 2499 723 2534 14.
749 2497 961 2542 συντόνους]
987 2499 1193 2543 συντόμους
1209 2501 1304 2540 Bas„
1330 2499 1517 2543 συντόμως

147 2543 194 2576 w
307 2542 363 2577 16.
401 2541 588 2588 ἀκέραιον]
611 2544 676 2580 καὶ
692 2542 869 2590 ἀκεραίαν
893 2546 975 2578 Bas.
967 2569 989 2587 .,
1016 2547 1144 2581 caeteri
1167 2546 1346 2590 ἀκεραίαν
1460 2546 1516 2580 17.

398 2601 471 2633 Ὺαμ
879 2603 900 2635 7
925 2603 975 2632 αμ

152 2630 381 2677 Γαμάργων]
405 2633 597 2679 ταδάργων
620 2637 674 2677 F,
709 2637 799 2681 quod
825 2648 865 2670 ex
890 2635 1083 2680 ταδάργων
1106 2642 1218 2672 ortum
1241 2650 1314 2672 esse
1335 2638 1518 2682 persuadet

149 2679 302 2713 varietas
332 2680 524 2725 scripturae
555 2693 586 2724 p.
620 2661 700 2716 34'6.
734 2683 767 2716 8.
795 2683 898 2725 idque
921 2683 1056 2716 restitui
1256 2685 1312 2719 21.
1359 2683 1425 2718 τὸν
1448 2694 1515 2715 om.

148 2726 233 2758 Bas.
442 2726 499 2760 23.
545 2729 686 2784 ἀσιτίᾳ]
725 2726 883 2768 ἀσιτίαις
905 2729 1012 2762 Fvw
1221 2730 1279 2766 27.
1319 2727 1513 2774 Ἑλλησιν]

150 2769 318 2815 ελληνσιν
338 2771 368 2804 F
549 2771 807 2818 ἐξηλλαγμένον
829 2776 1022 2820 νομίμων]
1045 2774 1218 2811 invertunt
1240 2777 1270 2810 F
1292 2777 1375 2811 Bae.

147 2816 205 2850 34.
252 2817 438 2862 παλαιου]
467 2816 580 2854 πάλαι
598 2820 733 2864 QTXY
755 2821 840 2856 Bas.
