1820 3249
485 140 600 182 LIB.
636 139 744 183 XVI.
801 141 931 183 GAP.
961 144 1028 183 43.
1057 145 1123 184 44.
1371 146 1480 185 1081

236 252 362 297 Μετὰ
389 252 434 298 δὲ
461 255 596 296 ταῦτα
625 252 649 296 6
678 253 757 309 μὲν
783 254 872 296 τῶν
892 256 955 296 Πε
959 255 1077 308 ρσιδν
1103 254 1346 307 βασιλεὺς
1328 271 1376 298 εκ
1403 257 1477 310 τῆς
1504 256 1559 296 43

127 312 389 365 Βαβυλῶνος
416 309 495 379 τὴν
521 307 745 362 ἀνάζευξιν
772 310 1061 376 ποιησάμενος
1096 310 1200 364 μετά
1234 314 1308 365 τῆς
1343 312 1452 354 6v2'
1416 329 1477 353 α-

124 381 237 434 μεως
264 370 450 420 προῆγεν
479 364 545 408 ἐπὶ
573 367 650 420 τὴν
681 367 912 433 Φοινίκην·
943 366 966 409 6
1000 368 1044 408 δὲ
1074 371 1148 421 τῆς
1176 368 1374 417 Σιδῶνος
1403 370 1475 410 δυ·
1507 369 1559 412 55

125 421 281 478 νάστης
314 424 474 490 Τέννης
509 423 841 493 πυνθανόμενος
867 422 916 465 τὸ
947 422 1126 477 μέγεθος
1151 439 1227 491 της
1254 439 1341 465 των
1372 426 1480 477 Περ-

53 487 114 523 115
128 482 217 522 σῶν
245 476 480 538 δυνάμεως.
508 479 579 521 καὶ
608 481 789 534 νομίσας
816 478 918 529 τοὺς
947 477 1238 549 ἀφεστηκότας
1269 478 1349 522 οὐκ
1371 479 1481 530 ἄξιο-

125 533 288 604 μάχους
316 539 440 584 εἰναι,
469 551 547 589 την
577 537 792 603 σωτηρίαν
823 536 912 591 ἰδία
929 535 1146 588 πορίζειν’
1134 551 1284 589 εκρινε
1330 536 1479 589 διόπερ

123 595 211 633 τῶν
238 589 397 634 ἑαυτοῦ
424 591 709 643 θεραπόντων
737 590 814 634 τὸν
842 579 1097 634 πιστότατον
1123 593 1392 634 Θετταλίωνα
1412 592 1482 634 λά-

122 652 215 703 θρᾳ
242 650 331 690 τῶν
351 648 581 690 Σιδωνίων
604 647 804 702 ἐξέπεμψε
823 647 933 701 πρὸς
948 647 1024 691 τὸν
1046 646 1329 715 Αρταξέρξην,
1359 649 1482 719 ἐπαγ·
1511 655 1564 694 60

121 702 377 758 γελλόμενος
415 701 531 761 αὐτῷ
568 703 648 759 τήν
677 704 754 759 μὲν
783 707 962 747 Σιδῶνα
989 703 1289 774 παραδώσειν,
1330 721 1410 773 την
1440 702 1482 747 6'

121 761 344 831 ᾼῖγυπτον
373 748 769 830 συνεκπολεμήσειν,
799 760 961 816 μεγάλα
991 760 1032 803 6'
1066 759 1182 829 αὐτῷ
1204 761 1486 830 συνεργήσειν

121 816 327 871 ε’μπειρον
369 815 474 860 ὄντα
513 820 601 859 τῶν
640 819 749 860 κατὰ
777 834 873 887 την
886 820 1105 872 Αἴγυπτον
1133 817 1278 860 τόπων
1306 834 1379 861 και
1408 834 1486 868 τας

119 872 229 916 κατὰ
263 873 338 916 τὸν
377 870 538 916 Νεῖλον
575 872 808 928 ἀποβάσεις
847 872 1034 943 άκριβιδς
1063 873 1218 917 εἰδότα.
1277 873 1301 917 6
1335 874 1380 917 δε
1409 875 1484 928 βα-

121 927 265 979 σιλεύς
303 928 493 981 ἀκούσας
520 934 600 973 τοῦ
633 933 922 982 Θετταλίωνος
948 930 999 973 τὰ
1033 948 1142 973 κατα
1167 931 1317 986 μέρος,
1364 930 1482 987 η’σθη
1511 932 1564 976 65

121 983 431 1055 διαφερόντως,
459 987 532 1029 καὶ
561 990 648 1029 τῶν
677 1004 755 1042 μεν
784 987 892 1030 κατὰ
918 987 998 1042 vij
1018 986 1256 1030 ἀπόστασιν
1275 987 1481 1057 ἐγκλημά-

119 1057 209 1084 των
231 1039 469 1085 ἀπολύσειν
499 1042 580 1099 ἔφη
611 1042 687 1086 τόν
713 1044 890 1099 Τέννην,
923 1044 1086 1098 πράξαν
1089 1060 1160 1093 τος
1191 1042 1232 1086 δ’
1264 1043 1399 1086 αύτοῦ
1429 1042 1481 1086 τὰ

119 1099 518 1168 καθωμολογημένοι
560 1099 744 1154 μεγάλας
785 1099 949 1154 δωρεάς
991 1099 1146 1143 δώσειν
1195 1100 1480 1169 ἐπηγγείλατο.

119 1154 314 1206 εἰπόντος
353 1155 399 1199 δὲ
437 1159 522 1199 τοῦ
562 1159 852 1227 Θετταλίωνος
893 1173 951 1206 ως
987 1157 1059 1199 καὶ
1095 1156 1237 1208 δεξιαν
1267 1159 1415 1226 λαβεῖν
1453 1155 1477 1199 6
1510 1163 1563 1202 70

123 1211 286 1282 Τέννης
319 1209 518 1281 ἠξίωσεν,
568 1213 635 1255 ἐπὶ
671 1212 842 1264 τούτοις
873 1212 895 1257 6
926 1229 1004 1268 μεν
1032 1212 1234 1269 βασιλεύς
1263 1211 1480 1268 ὀργισθεὶς

121 1284 179 1318 ως
222 1266 275 1311 οὐ
321 1267 629 1324 πιστευόμενος
674 1269 897 1324 παρέδωκε
948 1269 1026 1313 τὸν
1083 1271 1350 1312 Θετταλίωνα
1388 1275 1480 1321 τοῖς

119 1323 350 1395 υπηρέταις
385 1326 458 1368 καὶ
497 1327 752 1395 προςέταξεν
791 1325 967 1381 ἀφελεῖν
1005 1343 1084 1382 την
1119 1325 1324 1382 κεφαλην
1390 1325 1460 1368 έπε
1466 1342 1481 1368 ι

120 1379 166 1424 δὲ
195 1379 467 1450 ἀπαγόμενος
497 1380 519 1425 6
554 1385 794 1426 Θετταλίων
827 1383 895 1426 ἐπὶ
923 1400 1003 1438 την
1030 1385 1239 1453 τιμωρίαν
1269 1386 1481 1426 τοσοῦτον

121 1434 275 1480 εἶπεν
258 1436 326 1481 ότι
347 1437 416 1480 Σῦ
445 1438 537 1492 μέν,
568 1442 602 1482 ὠ
628 1442 817 1493 βασιλεῦ,
847 1439 1020 1492 πράξεις
1051 1439 1076 1482 6
1103 1441 1255 1490 θέλεις,
1287 1439 1310 1482 6
1333 1439 1482 1493 μέντοι
1512 1447 1566 1490 75

127 1492 288 1563 Τέννης
315 1492 601 1548 δυνάμενος
584 1495 752 1539 άπαντα
781 1497 1047 1548 καταπρᾶξαι
1077 1496 1148 1538 διὰ
1178 1496 1227 1538 τὸ
1250 1513 1306 1551 μη
1328 1496 1484 1539 δοῦναί

123 1560 170 1593 σε
206 1550 307 1620 τὴν
320 1552 464 1594 πίστιν
503 1551 634 1595 οὐδὲν
672 1551 729 1608 μὴ
769 1553 1007 1596 συντελέσει
1036 1569 1122 1594 των
1150 1552 1482 1620 ἐπηγγελμένων,

121 1604 253 1650 πάλιν
267 1604 471 1677 ἀκούσας
502 1608 671 1652 τούτων
699 1609 946 1679 μετενόησε,
994 1610 1066 1652 καὶ
1095 1607 1485 1664 μετακαλεσάμενος

68 1713 72 1721 ⁸
121 1661 225 1713 τούς
250 1661 465 1719 ὑπηρέτας
493 1663 668 1718 ἀφεῖναι
695 1665 944 1718 προςέταξε,
973 1665 1047 1708 καὶ
1075 1666 1154 1720 τήν
1184 1666 1325 1716 δεξιὰν
1350 1666 1480 1708 ἔδωκε
1511 1682 1564 1721 80

97 1722 180 1776 ’τῷ
212 1721 493 1764 Θετταλίωνι·
526 1721 614 1764 ε’στι
643 1720 682 1765 δ’
687 1739 739 1791 η
769 1723 909 1778 πίστις
939 1721 1046 1777 αὕτη
1081 1721 1336 1777 βεβαιοτάτη
1361 1737 1480 1775 παρα

119 1780 210 1825 τοῖς
245 1777 439 1830 Πέρσαις.
496 1779 626 1829 οὗτος
653 1795 732 1834 μεν
761 1780 844 1821 οὐν
871 1777 1106 1832 παρελθων
1136 1779 1195 1829 είς
1224 1780 1403 1821 Σιδωνα
1431 1794 1483 1821 τα

120 1834 397 1903 πεπραγμένα
423 1836 486 1891 τῷ
510 1836 647 1904 Τέννῃ
669 1835 820 1906 λάθρᾳ
847 1838 934 1877 τῶν
953 1836 1184 1878 Σιδωνίων
1212 1832 1481 1890 ἀπήγγειλεν.

226 1886 276 1931 Ὃ
313 1889 359 1932 δὲ
396 1879 620 1961 βασιλεύς,
664 1891 710 1934 έν
743 1880 911 1961 μεγάλῳ
941 1890 1165 1946 τιθέμενος
1195 1891 1243 1935 τὸ
1273 1895 1485 1961 κρατῆσαι

120 1948 199 2016 τῆς
234 1945 458 2001 Αἰγύπτου
499 1946 571 1991 διὰ
607 1947 657 1991 τὸ
694 1947 909 2003 πρότερον
938 1947 1178 2018 ἐλάττωμα,
1221 1947 1485 2004 πρεσβευτάς

121 2000 335 2046 ἀπέστειλε
369 2002 479 2058 πρὸς
514 2003 589 2055 τὰς
617 2006 816 2059 μεγίστας
843 2009 930 2047 τῶν
957 2004 1067 2048 κατὰ
1096 2005 1179 2077 τὴν
1201 2004 1382 2048 Ἑλλάδα
1411 2005 1486 2048 πό-

121 2063 243 2111 λεων,
272 2058 405 2111 ἀξιῶν
433 2066 746 2119 συστρατεῦσαι
779 2066 870 2112 τοῖς
900 2061 1087 2115 Πέρσαις
1112 2060 1179 2105 ἐπ’
1207 2063 1486 2116 Αἰγυπτίους.

119 2113 344 2184 Ἀθηναῖοι
372 2115 450 2171 μὲν
479 2119 562 2161 οὐν
589 2119 661 2161 καὶ
680 2117 1017 2174 Λακεδαιμόνιοι
1037 2135 1131 2188 την
1147 2120 1296 2174 φιλίαν
1317 2118 1486 2188 ἔφασαν

121 2170 201 2227 τὴν
227 2172 337 2227 πρὸς
367 2174 540 2227 Πέρσας
567 2179 725 2244 τηρεῖν,
756 2176 1002 2229 συμμαχίαν
1031 2175 1077 2218 δὲ
1106 2172 1382 2218 άποστέλλειν
1410 2173 1484 2217 άν-
1514 2189 1568 2229 90

121 2233 280 2271 τεῖπον.
339 2233 524 2286 Θηβαῖοι
553 2230 598 2274 δε
627 2230 865 2286 στρατηγὸν
895 2230 1093 2303 ἑλόμενοι
1121 2230 1354 2287 Λακράτην
1386 2231 1485 2282 ἐξα-

123 2284 344 2329 πέστειλαν
372 2287 477 2342 μετά
505 2290 654 2343 χιλίων
683 2287 885 2331 ὁπλιτων.
939 2286 1123 2343 Ἀργεῖοι
1161 2289 1206 2332 δὲ
1235 2290 1489 2344 τριςχιλίους

1513 1875 1568 1914 44

1515 1932 1568 1972 85

124 2454 180 2488 52.
225 2457 300 2490 τῶν
324 2467 392 2492 om.
415 2457 496 2493 Bas.
677 2458 733 2494 55.
784 2459 921 2501 Τέννης
945 2458 1023 2502 ΤΧ,
1049 2459 1176 2493 caeteri
1198 2458 1355 2502 ,Μέντωρ

215 2501 294 2535 115.
326 2503 383 2538 57.
427 2503 612 2548 πορίζειν]
638 2506 774 2549 requiro
806 2484 1023 2549 πορίζεσθαί
1189 2506 1244 2540 59.
1291 2505 1344 2549 έξε
1341 2508 1489 2550 πέμψε]

124 2542 306 2601 ἐκπέμψαι
341 2549 373 2582 X
553 2549 610 2584 60.
659 2551 940 2596 επαγγελόμενος
970 2551 1051 2585 Bas.
1242 2552 1299 2586 61
1346 2551 1490 2587 {moze

125 2591 254 2637 μήσειν
277 2595 358 2630 Bas.
505 2595 562 2630 62.
586 2595 777 2651 ἔμπειρον]
811 2596 1073 2651 ἐμπειρότατον
1096 2597 1143 2640 L,
1177 2594 1434 2642 ἐμπειρότερον
1459 2599 1488 2632 F

263 2639 320 2675 63.
351 2640 444 2675 κατὰ
467 2641 556 2687 τὴν]
583 2656 649 2677 κατ
694 2646 722 2678 {⁴
905 2645 961 2678 (δῖ.
1001 2641 1142 2687 Τέννην
1165 2645 1217 2683 Τ,
1242 2645 1366 2678 caeteri
1391 2643 1490 2679 Μέν-

126 2696 219 2727 τορα
418 2686 475 2721 70.
527 2689 688 2735 Τέννης]
730 2689 867 2735 Τέννης
890 2690 1048 2732 Μέντωρ
1073 2691 1125 2730 X,
1169 2691 1296 2724 caeteri
1321 2690 1492 2734 ῙὶῙὲντωρ,

125 2736 164 2769 ut
187 2742 302 2764 omnes
313 2731 375 2786 <nb
367 2732 408 2765 ri
429 2733 485 2767 7⁴».
509 2733 563 2767 83.
744 2737 800 2771 73.
849 2733 1081 2780 ἀπαγόμενος
1105 2733 1124 2771 ὁ
1154 2736 1381 2779 Θετταλίων]
1405 2735 1491 2772 ἑπα-

124 2775 278 2821 γόμενος
302 2790 320 2813 ο
351 2776 528 2821 Θετταλὸς
551 2781 579 2814 F
771 2782 828 2817 90.
877 2782 1072 2826 αντ-εἶπον]
1115 2781 1293 2821 ἅντεῖπαν
1317 2785 1398 2817 Bas.
