1820 3249
512 132 627 174 LlB.
655 130 746 174 XV.
772 128 929 172 'CAR
957 133 998 174 8.
1022 133 1066 173 9.
1388 129 1476 173 955

95 245 244 305 σβεὶας
283 246 333 290 δὲ
365 245 643 316 προςδέχεται
686 241 798 299 παρ’
837 240 980 286 αὐτοῦ
1023 241 1097 285 καὶ
1137 246 1340 286 συλλαλεῖ
1375 242 1476 297 περὶ.

95 304 425 358 κοινοπραγίας,
457 301 622 360 ’ὁμοίως
651 301 698 345 δὲ
726 301 801 346 καὶ
829 299 941 369 πρὸς
969 301 1346 370 Λακεδαιμονίους
1377 312 1476 343 συν-

95 364 262 406 τίθεται
289 362 536 434 συμμαχίαν
565 361 706 412 ἰδίαν,
736 359 866 413 φίλος
895 357 959 401 ων
990 354 1157 400 αὐτῶν·
1200 356 1249 408 ὃς
1278 357 1352 400 καὶ
1384 361 1477 400 Πυ-
1508 362 1560 401 10

96 417 215 463 θώδέ
251 434 376 468 τινας
423 419 611 473 ἔπεμψεν
650 415 945 486 ἐρησομένους
984 413 1062 458 τὸν
1105 412 1215 457 θεὸν
1255 414 1354 468 περὶ
1401 418 1477 469 τῆς

94 474 446 528 ἐπαναστάσεως,
484 474 535 518 τό
568 474 614 517 δὲ
644 474 869 545 μέγιστον,
910 471 978 516 ὅτι
1006 488 1115 523 τους
1139 469 1359 541 ἡγεμόνας
1388 474 1478 512 τῶν

96 531 333 588 δυνάμεων
365 533 506 583 ἰδίους
534 536 630 582 ταῖς
671 529 862 581 εὐνοίαις
899 527 1287 581 κατασκευάζεται,
1335 532 1480 581 τιμαῖς

93 589 168 634 καὶ
196 591 378 660 δωρεαῖς
401 589 469 632 ἔτι
498 586 542 632 δ’
576 588 847 657 ἐπαγγελίαις
878 585 1214 641 προςαγόμενος.
1247 583 1270 629 ὁ
1291 585 1337 628 δὲ
1358 588 1479 641 βασι-

97 645 200 697 λεύς
226 643 448 702 ἀναγνούς
476 645 556 703 τὴν
585 643 838 700 ἐπιστολήν,
880 645 956 687 καὶ
992 643 1228 694 πιστεύσας
1265 647 1360 692 ταῖς
1391 644 1481 685 δια·
1513 645 1565 687 15

95 707 278 773 βολαῖς,
322 704 484 774 ἔγραψε
521 707 583 759 τῷ
626 701 812 759 Ὀρόντῃ
848 703 1082 760 συλλαβεῖν
1122 700 1201 744 τόν
1245 702 1481 770 Τιρίβαζον

93 761 170 805 καὶ
197 760 308 816 πρὸς
340 760 498 804 ἑαυτὸν
527 749 792 804 ἀποστεῖλαι.
853 761 907 802 οὑ
940 757 1188 828 πράξαντος
1216 757 1266 801 τό
1296 772 1483 811 προςτα

92 816 220 874 χθέν,
267 817 292 862 6
327 834 408 874 μεν
441 819 672 872 Τιρίβαζος
707 815 913 871 ἀναχθεὶς
953 832 1011 866 ως
1050 815 1129 859 τόν
1166 814 1368 883 βασιλέα,
1406 812 1482 856 καὶ

93 876 279 930 κρίσεως
313 880 458 931 τυχεῖν
498 873 706 926 ἄξιε-ὅσας,
745 890 856 918 κατα
887 872 965 929 μὲν
994 871 1043 916 τὸ
1074 873 1219 927 παρόν
1249 870 1481 941 παρεδόθη
1513 882 1568 921 20

94 933 157 983 εἰς
186 933 403 1002 φυλακήν,
434 932 540 987 μετὰ
563 932 608 976 δὲ
637 947 776 975 ταυτα
804 933 885 974 τοῦ
915 929 1134 1000 βασιλέως
1155 929 1331 986 ἔχοντος
1360 927 1484 971 πόλε·

95 1004 187 1044 μον
224 988 337 1044 πρὸς
365 992 669 1040 Καδουσίους.
704 988 786 1031 καὶ
811 987 893 1044 τήν
922 989 1070 1057 κρίσιν
1109 985 1483 1059 ἀναβαλλομένου,

95 1047 302 1089 διείλκετο
333 1045 387 1089 τὰ
405 1047 514 1115 περὶ
543 1049 621 1090 τοῦ
652 1047 947 1101 δικαστηρίου.
1009 1043 1032 1087 ὁ
1072 1045 1116 1088 6’
1150 1043 1361 1099 Ὀρόντης
1391 1045 1481 1086 δια-
1510 1053 1540 1091 9

96 1102 329 1158 δεξάμενος
355 1120 452 1173 την
480 1103 720 1173 ηγεμονίαν
750 1107 837 1146 τῶν
867 1102 913 1145 έν
940 1105 993 1158 τῇ
1025 1101 1197 1172 Κύπρῳ
1238 1100 1482 1155 δυνάμεων,
1513 1107 1568 1151 25

95 1160 171 1203 καὶ
197 1159 276 1204 τὸν
298 1159 543 1216 Εὐαγόραν
571 1159 706 1204 πάλιν
733 1159 1070 1229 τεθαρρηκότως
1096 1158 1214 1211 ὁρῶν
1242 1157 1486 1214 ὑπομένον·
1543 1206 1552 1216 .

94 1232 150 1260 τα
176 1233 258 1273 την
298 1221 589 1288 πολιορκίαν,
630 1216 742 1271 πρὸς
782 1217 828 1260 δε
867 1215 1041 1267 τούτοις
1079 1221 1168 1260 τῶν
1209 1219 1488 1268 στρατιωτων

95 1278 289 1344 χαλεπῶς
311 1273 628 1328 ὑπομενόντων
656 1274 737 1332 τὴν
764 1274 981 1346 σύλληψιν
1009 1278 1089 1317 τοῦ
1127 1274 1383 1330 Τιριβάζου,
1413 1272 1489 1316 καὶ

97 1330 173 1374 δια
213 1335 345 1375 τοῦτο
387 1331 693 1376 ἀπειθούντων
732 1333 806 1376 καὶ
833 1349 922 1401 την
953 1333 1215 1386 πολιορκίαν
1245 1331 1488 1399 έγκαταλ-ει

97 1386 293 1440 πόντων,
323 1391 468 1441 δείσας
499 1389 523 1433 ὁ
555 1387 765 1460 Ὀρόντης
793 1387 843 1432 τὸ
872 1392 948 1458 τῆς
978 1388 1268 1443 περιστάσεως
1296 1387 1488 1442 παράλο-
1517 1403 1572 1442 30

98 1461 205 1500 γον,
243 1444 448 1501 ἐξέπεμψε
483 1446 594 1500 πρὸς
630 1445 708 1489 τὸν
737 1444 976 1500 Εὐαγόραν
1013 1446 1116 1497 τοὺς
1156 1445 1487 1501 διαλεξομένους

97 1501 199 1555 περὶ
234 1506 310 1558 τῆς
346 1501 598 1554 συλλύσεως
643 1503 716 1546 καὶ
755 1501 1042 1554 κελεύσοντας
1082 1506 1369 1547 συντίθεσθαι
1407 1502 1487 1558 τὴν

98 1557 282 1615 εἰρήνην
314 1558 395 1629 ἐφ’
438 1557 504 1610 οἷς
545 1560 709 1610 ἐκεῖνος
746 1558 874 1616 ἠξίου
911 1562 1198 1604 συντίθεσθαι
1227 1560 1340 1614 πρὸς
1372 1561 1488 1612 Τιρί.

99 1617 247 1685 βαζον.
301 1613 326 1658 6
357 1632 438 1671 μεν
467 1618 552 1659 οὐν
580 1614 817 1671 Εὐαγόρας
845 1616 1103 1670 παραδόξως
1133 1617 1378 1668 έξοσιοῦται
1408 1618 1489 1673 τὴν
1520 1626 1575 1671 35

101 1670 288 1724 ἅλωσιν,
327 1673 400 1716 καὶ
430 1671 639 1716 συνέθετο
670 1673 752 1729 τὴν
782 1672 970 1743 εἰρήνην
993 1673 1098 1725 ὤςτε
1137 1675 1386 1747 βασιλεύειν
1415 1678 1492 1730 τῆς

100 1732 358 1784 Σαλαμῖνος
386 1729 461 1774 καὶ
488 1728 568 1773 τὸν
598 1730 843 1800 ωρισμένον
874 1730 1047 1774 διδόναι
1076 1731 1222 1786 φόρον
1253 1730 1356 1775 κατ’
1396 1731 1489 1774 ἐνι-

102 1785 242 1830 αυτόν
271 1787 345 1830 καὶ
373 1786 616 1831 ὑπακούειν
645 1786 704 1839 ὦς
737 1787 942 1843 βασιλεύς
970 1791 1140 1859 βασιλεῖ
1167 1788 1490 1842 προςτάττοντι.

103 1841 129 1886 6
145 1844 239 1914 μὲν
271 1839 355 1888 οὖν
384 1844 642 1898 Κυπριακὸς
671 1843 872 1915 πόλεμος,
903 1845 1102 1901 δεκαέτης
1133 1846 1286 1902 σχεδὸν
1315 1863 1493 1917 γεγενη-

103 1899 248 1956 μένος,
277 1901 353 1946 καὶ
381 1901 432 1945 το“
461 1902 594 1946 πλέον
621 1906 704 1946 τοῦ
732 1899 898 1975 χρόνου
926 1903 1026 1958 περὶ
1055 1903 1334 1958 παρασκευὰς
1364 1903 1490 1960 ασχο-
1521 1910 1577 1954 40

103 1960 273 2013 ληθείς,
312 1957 430 2030 διέτη
457 1959 618 2030 χρόνον
645 1957 726 2003 τόν
762 1960 832 2004 ε’πὶ
860 1963 968 2004 πᾶσι
997 1966 1188 2031 συνεχως
1216 1963 1491 2031 πολεμηθείς,

102 2019 264 2059 τοῦτον
301 2015 382 2060 τὸν
426 2015 605 2087 τρόπον
634 2015 867 2073 κατελύθη.
936 2016 959 2061 ὁ
1002 2018 1049 2062 δὲ
1088 2022 1170 2062 τοῦ
1212 2017 1373 2088 στόλου
1411 2018 1493 2075 τήν

102 2075 348 2144 ναυαρχίαν
367 2074 475 2131 ἔχων
499 2070 642 2125 Γαώς,
669 2073 924 2144 γεγαμηκώς
945 2079 1030 2118 τοῦ
1055 2075 1289 2146 Τιριβάζου
1311 2077 1392 2133 τήν
1412 2081 1493 2118 θυ-

103 2129 288 2184 γατέρα,
328 2133 574 2203 περίφοβος
614 2135 673 2202 ἦν
698 2130 864 2202 μήποτε
893 2138 1121 2188 συνεργεῖν
1149 2132 1278 2204 δόξας
1315 2137 1377 2190 τῷ
1411 2137 1492 2176 Τι-

105 2185 272 2245 ριβάζω
300 2188 401 2245 περὶ
428 2193 505 2247 τῆς
532 2186 785 2242 ὑποθέσεως
812 2188 922 2247 τύχῃ
946 2191 1155 2248 τιμωρίας
1181 2188 1272 2236 υπὸ
1302 2194 1385 2235 τοῦ
1413 2193 1490 2248 βα·
1518 2190 1575 2235 45

107 2411 144 2449 8.
170 2415 359 2461 συλλαλεῒ]
380 2408 566 2454 emacim
589 2418 705 2454 AFIK
884 2419 1150 2477 κοινοπραγιας
1171 2420 1238 2463 IL,
1261 2419 1390 2455 caeteri
1413 2432 1493 2456 και-

107 2463 312 2544 νοπραγίὲῗ
321 2460 896 2569 κατασὲέζὶάὲἵὲαῗὶςῒατασκεύὲζ
910 2471 992 2549 talis
1015 2447 1490 2570 ευνοὲἒιςδιῐίῧῖεξξῖίδίιῖἰς

109 2553 212 2608 λέκτο
229 2556 280 2589 ῙΚ
302 2560 337 2590 et
354 2558 416 2601 qui
439 2556 736 2604 ἀναβαλλόμενος
758 2560 789 2593 F
896 2527 985 2596 8¹30.
1010 2562 1075 2606 τῆς
1104 2559 1368 2615 περιστάσεως]
1405 2559 1490 2604 περὶ

109 2599 196 2643 τῆς
205 2600 362 2644 στάσεως
384 2605 414 2639 Α
620 2607 678 2642 34
701 2604 949 2662 ἐξοσιοῦται]
982 2606 1023 2643 δ’
1032 2575 1265 2650 ηέξοσιοῦται
1297 2608 1367 2648 ΙΚ,
1398 2606 1493 2665 ἐξω-

108 2646 236 2681 θεῖται
259 2648 291 2691 Q
471 2652 529 2688 38.
560 2650 732 2697 δεκαετὴς
762 2654 846 2689 libri
878 2660 912 2689 et
944 2666 1025 2688 mox
1058 2656 1160 2698 διετῆ
1329 2653 1387 2688 44.
1420 2649 1497 2700 ἦν]

110 2688 165 2726 ὢν
187 2693 415 2734 Schaeferus.
445 2700 616 2744 copulam
644 2700 689 2736 ad
714 2698 807 2745 ἔγνω
831 2712 864 2737 v.
894 2702 951 2737 46.
983 2702 1131 2738 addebat
1155 2701 1355 2746 Stephanus

108 2738 163 2774 45.
188 2735 286 2784 υπὸ]
319 2741 422 2787 παρά
445 2745 475 2780 Ι,
