1820 3249
319 169 430 210 1016
715 165 833 209 LIB.
863 164 954 208 XV.
1006 166 1141 208 cAP.
1170 167 1326 209 7475.

320 279 381 328 εἰς
412 273 672 345 ἀρρωστίαν
704 276 919 347 ἐμπεσών
966 275 1238 347 ἐτελεύτησε,
1288 276 1585 326 δυναστεύσας
1629 277 1699 346 ἔτη

324 331 561 387 τριάκοντα
589 333 664 377 καὶ
693 331 827 376 ὀκτώ·
864 334 942 389 τὴν
972 335 1016 377 δὲ
1047 332 1185 403 ἀρχὴν
1216 333 1522 403 διαδεξάμενος
1553 331 1576 376 ὁ
1606 333 1704 382 υἱὸς

325 388 566 441 Διονύσιος
598 388 913 443 ἐτυράννευσεν
953 391 1024 445 ἔτη
1058 390 1242 434 δώδεκα
1289 389 1370 433 οὐκ
1407 390 1627 433 ἀνοίκειον
1657 388 1701 433 δ’

328 447 414 490 ἐστὶ
457 450 533 500 τῆς
570 446 860 518 ὑποκειμένης
900 448 1094 499 ἱστορίας
1139 449 1328 489 διελθεῖν
1367 446 1444 496 τάς
1481 462 1525 489 τε
1564 447 1704 515 αἰτίας

242 372 296 409 30

242 427 342 466 74

327 506 404 558 τῆς
440 506 638 558 τελευτῆς
666 504 740 546 καὶ
768 504 820 545 τοὶ
856 503 1083 557 συμβάντα
1114 502 1257 560 τούτῳ
1289 506 1349 559 τῷ
1379 502 1572 558 δυνάστῃ
1605 502 1704 554 περὶ

327 560 409 615 τήν
438 563 520 602 τοῦ
550 561 652 615 βίου
676 559 1000 614 καταστροφην.
1034 548 1276 602 Διονυσίου
1305 560 1458 601 τοίνυν
1487 556 1704 613 δεδιδαχό-

246 622 300 664 35
329 632 403 667 τος
432 614 641 672 Ἀθήνησι
669 618 881 671 Ληναίοις
915 617 1162 671 τραγωδίαν
1190 616 1264 659 καὶ
1297 615 1581 669 νικήσαντος,
1616 618 1705 657 τῶν

329 673 378 716 ἐν
416 676 478 730 τῷ
514 676 630 743 χορῷ
675 688 738 722 τις
778 672 917 729 αδων,
956 671 1196 727 ὑπολαβων
1234 672 1556 727 τιμηθήσεσθαι
1592 675 1706 724 λαμ-

328 732 470 798 πρῶς,
510 729 586 771 ἐὰν
616 732 787 783 πρῶτος
818 727 1061 799 άπαγγείλη
1080 728 1159 783 τήν
1187 731 1336 796 νίκην,
1368 730 1617 770 διέπλευσεν
1647 728 1707 777 εἰς

328 785 409 841 τὴν
437 783 679 837 Κόρινθον.
719 785 979 838 καταλαβων
1016 783 1061 854 δ’
1091 785 1180 827 ἐκεῖ
1204 789 1319 828 ναῦν
1349 784 1615 827 ἐκπλέουσαι)
1646 785 1706 833 εἰς

245 844 301 888 40
330 843 547 892 Σικελίαν,
566 842 638 885 καὶ
662 841 844 911 μεταβὰς
870 843 929 891 εἰς
947 841 1122 895 ταύτην,
1154 839 1323 894 οὕρίοις
1345 841 1554 896 ἐχρήσατο
1578 839 1705 883 πνεύ-

330 909 449 954 μασι,
476 900 550 941 καὶ
579 898 877 968 καταπλεύσας
908 899 967 947 εἰς
996 897 1286 953 Συρακούσας
1317 897 1541 951 συντόμως
1571 894 1706 952 άπηγ-

329 958 442 1010 γειλε
479 958 541 1010 τῷ
577 955 782 1025 τυράννῳ
821 971 902 1008 την
937 955 1075 1009 νίκην.
1128 954 1149 997 6
1189 955 1235 997 δε
1270 952 1510 1003 Διονύσιος
1546 957 1706 996 τοῦτον

330 1027 410 1081 μεν
441 999 649 1081 ἐτίμησεν,
677 1009 808 1061 αὐτὸς
838 1012 883 1053 δὲ
912 1011 1145 1066 περιχαρὴς
1174 1010 1341 1080 ἐγένετο
1371 1011 1443 1053 καὶ
1465 1014 1556 1060 τοῖς
1585 1014 1707 1059 θεοῖς

332 1066 557 1122 εὐαγγέλια
578 1067 722 1119 θύσας
740 1067 900 1118 πότους
929 1068 1002 1110 καὶ
1031 1068 1218 1122 μεγάλας
1240 1066 1422 1122 εὐωχίας
1453 1065 1707 1136 ἐπετέλεσεν.
1726 1112 1728 1118 y

249 1123 303 1167 45
334 1123 489 1167 ἑστιων
518 1125 564 1167 δὲ
593 1128 799 1180 λαμπρῶς
827 1141 932 1175 τους
963 1126 1143 1179 φίλους,
1173 1125 1246 1167 καὶ
1274 1141 1383 1167 κατα
1411 1124 1515 1173 τοὺς
1544 1122 1708 1172 πότους

334 1179 667 1251 φιλοτιμότερον
695 1198 748 1237 τη
777 1181 893 1251 μέθῃ
922 1181 1067 1232 δους
1049 1179 1218 1233 εαυτόν,
1243 1183 1302 1230 εἰς
1331 1179 1577 1234 ἀρρωστίαν
1602 1191 1708 1235 σφο-

335 1238 552 1291 δροτέραν
600 1237 772 1281 ἐνέπεσε
822 1237 896 1280 δια
941 1236 990 1281 τό
1034 1242 1201 1307 πλῆθος
1239 1253 1328 1280 των
1366 1236 1710 1292 ἐμφορηθέντων

331 1293 496 1364 ’ὑγρῶν
552 1293 661 1350 ἔχων
702 1294 748 1338 δὲ
796 1293 915 1349 παρὰ
959 1299 1078 1337 θεῶν
1118 1293 1267 1363 λόγιον
1308 1293 1403 1336 τότε
1443 1293 1711 1348 τελευτήσειν

249 1349 304 1392 50
335 1349 442 1394 ὅταν
469 1353 557 1394 τῶν
594 1350 860 1421 κρειττόνων
889 1351 1186 1419 περιγένηται,
1222 1349 1301 1393 τὸν
1328 1349 1523 1405 χρησμὸν
1553 1349 1707 1405 άνὲφε-
1725 1357 1766 1390 61

334 1423 410 1461 ρεν
431 1407 499 1450 ἐπὶ
523 1424 628 1458 τους
650 1409 992 1469 Καρχηδονίους,
1001 1406 1343 1479 ὑπολαμβάνων
1362 1407 1546 1456 τούτους
1574 1408 1711 1460 κρείτ-

332 1480 437 1515 τους
467 1463 628 1507 ἑαυτοῦ
659 1469 784 1507 εἰναι.
845 1464 912 1507 διὸ
942 1463 1014 1507 καὶ
1043 1463 1155 1516 πρὸς
1186 1462 1349 1513 αὐτους
1380 1463 1610 1512 πλεονάκις
1640 1469 1711 1506 πε-

332 1520 587 1592 πολεμηκως
617 1520 763 1564 εἰώθει
791 1537 900 1563 κατα
930 1521 1006 1570 τὰς
1035 1523 1160 1571 νίκας
1190 1518 1456 1575 ὑποφεύγειν
1485 1520 1556 1562 καὶ
1587 1536 1711 1562 εκου-

335 1578 440 1627 σίως
467 1577 696 1647 ἡττᾶσθαι,
727 1579 800 1620 ι’να
819 1577 887 1647 ,μὴ
919 1576 1023 1634 δόξη
1052 1581 1138 1620 τῶν
1169 1577 1459 1632 ἰσχυροτέρων
1485 1576 1712 1630 γεγονέναι

252 1631 306 1676 55
336 1633 657 1688 κρείττων.ού
687 1633 775 1691 μήν
803 1632 1005 1690 ἠδυνηθη
1037 1650 1085 1689 γε
1114 1638 1167 1689 τῆ
1197 1635 1443 1703 πανουργία
1467 1634 1710 1702 κατασοφί-

336 1695 501 1734 σασθαι
518 1707 610 1760 την
639 1690 686 1734 ἐκ
717 1694 793 1746 τῆς
822 1691 1103 1761 πεπρωμένης
1116 1689 1351 1759 ἀνάγκην,
1393 1689 1501 1732 ἄλλα
1532 1688 1711 1744 ποιητής

336 1746 400 1790 (ὃν
418 1746 552 1798 κακός
574 1748 648 1790 καὶ
678 1748 920 1800 διακριθεὶς
949 1748 996 1790 ἐν
1000 1744 1228 1806 Ἀθήναις
1259 1747 1427 1815 ἐνίκησε
1457 1745 1558 1796 τούς
1577 1748 1712 1800 κρείτ-

335 1820 467 1854 τονας
502 1802 695 1859 ποιητάς.
740 1803 928 1858 εὐλόγως
965 1800 1045 1847 οὗν
1073 1804 1183 1846 κατὰ
1220 1802 1299 1846 τόν
1325 1801 1533 1873 χρησμόν
1551 1802 1624 1845 διὰ
1658 1801 1708 1845 τό

336 1860 641 1915 περιγενέσθαι
678 1877 766 1902 των
794 1859 1055 1914 κρειττόνων
1084 1860 1480 1903 ἐπακολουθοῦσαν
1510 1858 1602 1914 ἔσχε
1630 1858 1711 1915 τὴν

251 1917 307 1957 60
337 1921 417 1960 τοῦ
458 1918 560 1971 βίου
590 1916 801 1971 τελευτην.
854 1915 877 1959 6
909 1917 953 1960 δὲ
982 1922 1095 1959 Διοφ
1098 1915 1224 1966 ύσιος
1261 1915 1283 1959 6
1315 1914 1524 1970 νεώτερος
1563 1918 1710 1958 διαδε-

336 1972 520 2028 ξάμενος
560 1973 639 2028 τὴν
677 1974 918 2041 τυραννίδα
955 1989 1129 2027 πρωτον
1171 1990 1224 2015 τα
1263 1972 1407 2028 πλήθη
1447 1972 1708 2041 συναγαγών

337 2031 398 2080 εἰς
427 2030 655 2085 ἐκκλησίαν
684 2028 947 2083 παρεκάλεσε
977 2036 1066 2080 τοῖς
1096 2032 1271 2079 οἰκείοις
1290 2030 1437 2101 λόγοις
1458 2034 1603 2085 τηρεῖν
1627 2045 1708 2084 την

336 2087 732 2141 πατροπαράδοτον
773 2085 885 2140 πρὸς
918 2085 1053 2129 αὐτὸν
1093 2085 1296 2137 εὔνοιαν,
1339 2086 1483 2128 ἔπειτα
1522 2086 1601 2128 τόν
1630 2101 1708 2128 πα-

337 2142 440 2196 τέρα
480 2147 813 2199 μεγαλοπρεπῶς
854 2141 1003 2194 θάψας
1043 2142 1152 2186 κατὰ
1194 2158 1273 2212 την
1323 2140 1562 2194 ἀκρόπολιν
1601 2143 1709 2195 πρὸς

254 2194 309 2237 65
337 2205 432 2251 ταῖς
464 2202 660 2270 βασιλίσι
691 2199 980 2256 καλουμέναις
1008 2198 1187 2253 πύλαις,
1216 2199 1488 2254 ἠσφαλίσατο
1518 2198 1570 2242 τὰ
1598 2215 1707 2242 κατα

337 2255 418 2313 τήν
447 2256 597 2313 ἀρχήν

256 2343 314 2387 75
448 2332 545 2379 ”Επ
557 2334 787 2407 ἄρχοντος
815 2335 859 2379 δ’
885 2333 1091 2392 Ἀθήνησι
1115 2332 1371 2390 Πολυζηλου
1393 2351 1502 2377 κατα
1531 2351 1610 2405 μεν
1631 2333 1712 2391 τήν

336 2390 506 2450 Ῥώμην
543 2391 731 2450 ἀναρχία
780 2393 853 2437 διά
898 2408 1019 2445 τινας
1061 2391 1285 2444 πολιτικὰς
1325 2389 1492 2442 στασεις
1532 2390 1709 2447 ἐγενετο,

338 2558 398 2594 29.
428 2556 710 2604 ε’τυράννευσεν]
745 2559 989 2606 ἐτυράννησεν
1019 2561 1083 2596 ΑΚ
1265 2559 1322 2595 33.
1353 2560 1419 2604 τῆς
1441 2579 1487 2585 --
1509 2571 1709 2603 καταστρο-

343 2607 419 2651 φῆς
441 2607 540 2640 libri.
565 2606 630 2652 τὴν
664 2625 709 2632 -
737 2607 998 2651 καταστροφήν
1030 2606 1192 2641 Reiskius
1386 2606 1443 2640 31.
1469 2605 1657 2650 δεδιχάτος
1681 2607 1709 2639 F

524 2652 581 2686 39.
602 2653 780 2707 μεταβὰς
820 2654 949 2697 AIKL,
982 2653 1131 2688 caeteri
1149 2649 1329 2698 μετεμβάς
1537 2653 1593 2687 48.
1630 2651 1708 2688 τότε

337 2697 395 2741 IL,
421 2699 549 2733 caeteri
570 2695 612 2734 τό
1597 2707 1601 2715 ·

430 2755 488 2790 61.
534 2755 592 2790 51.
615 2754 828 2799 πλεονάκις]
855 2753 1029 2796 πολλάκις
1051 2756 1080 2790 L
1235 2751 1420 2805 αὐτους]
1446 2751 1601 2795 εαυτοὺς
1622 2754 1653 2788 F

520 2802 579 2838 54.
600 2802 786 2848 γεγονέναι
808 2803 995 2848 κρείττων]
1020 2802 1192 2848 κρείττων
1216 2798 1312 2837 εἶναι
1335 2801 1417 2836 FIK
