1820 3249
455 157 570 197 LlB.
601 154 693 199 XX.
753 153 886 196 CAP.
915 157 986 198 94.
1002 156 1072 198 95.
1344 153 1455 196 1515

189 268 453 338 Δημητρίου
476 267 523 311 δὲ
562 266 635 310 διὰ
672 283 762 310 των
788 267 1037 337 μεταλλέων
1071 263 1379 320 υπορύξαντος
1407 265 1541 321 τὸξΞΗ

78 330 237 387 τεῖχος,
277 329 365 369 τῶν
394 318 653 394 αὐτομόλων
681 340 747 375 τις
783 323 969 380 ἐμήνυσε
1005 327 1098 374 τοῖς
1135 322 1542 395 πολιρρκουμέ-’95

79 400 177 434 νοις
216 381 276 434 ὠς
311 384 356 425 οἱ
390 385 485 432 ταῖς
521 379 770 434 υπονομαῖς
798 381 1015 436 χρώμενοι
1044 379 1200 450 σχεδὸν
1229 379 1352 430 ἐντός
1380 381 1463 422 εἰσι

79 444 160 482 τοῦ
198 441 376 508 τείχους
440 436 591 491 διόπερ
632 439 677 481 οἱ
707 436 868 480 Ρόδιοι
907 437 1082 493 τάφρον
1123 435 1356 493 ὀρύξαντες
1389 439 1465 490 βα-

79 500 229 548 θεῖαν,
259 493 536 550 παράλληλον
571 497 635 550 τῷ
664 495 873 538 δοκοῦντι
911 498 1138 537 πεσεῖσθαι
1177 496 1327 562 τείχει,
1356 509 1465 547 ταχυ

79 552 155 596 καὶ
185 550 312 595 αὐτοὶ
346 556 439 602 ταῖς
468 539 734 606 μεταλλείαις
771 548 986 606 χρώμενοι
1023 555 1229 605 συνῆψαν
1258 549 1346 593 ὑπὸ
1379 553 1465 604 γῆν

79 613 173 659 τοῖς
201 609 415 658 ἐναντίοις
444 609 517 650 καὶ
548 607 820 651 διεκώλυσαν
848 611 924 678 τῆς
954 609 1013 657 εἰς
1044 606 1357 661 τοῦμπροσθεν
1387 621 1464 648 πο·
1496 608 1577 648 100

80 666 212 720 ρείας.
270 670 359 707 τῶν
399 664 461 708 δὲ
474 665 781 732 διορυγμάτων
814 662 921 718 παρ’
955 663 1223 718 ἀμφοτέροις
1251 660 1467 718 τηρουμέ-

79 737 195 772 νων,
235 720 512 791 ἐπεχείρησάν
547 738 658 772 τινες
687 737 775 764 των
815 737 935 775 παρα
975 725 1056 763 τοῦ
1085 722 1346 776 Δημητρίου
1376 722 1469 762 δια

79 779 282 848 φθείρειν
311 777 501 851 χρήμασι
530 777 608 821 τὸν
627 778 904 846 τεταγμένον
939 776 1009 821 ἐπι
1037 781 1114 837 τῆς
1144 781 1344 831 φυλακῆς
1379 774 1467 818 υπὸ

78 838 169 877 τῶν
203 834 384 878 Ῥοδίων
420 833 744 890 Ἀθηναγόραν·
784 836 916 884 οὑτος
958 833 998 877 6'
1037 838 1094 890 ὴν
1131 832 1350 902 Μιλήσιος
1388 847 1468 900 μεν

80 890 132 933 τὸ
169 889 321 947 γένος,
359 891 448 935 ὑπὸ
489 892 768 947 Πτολεμαίου
808 890 850 934 δ’
888 890 1254 958 ἐξαπεσταλμένος
1292 887 1466 945 ἡγεμών
1481 886 1522 929 5

80 950 171 990 τῶν
207 947 512 1020 μισθοφόρων.
573 946 944 1019 ἐπαγγειλάμενος
973 948 1020 991 δὲ
1057 945 1306 1001 προδώσειν
1346 960 1467 988 συνε-

80 1003 236 1055 ταξαθ’
272 1003 442 1061 ἡμέραν
479 1003 586 1048 καθ’
618 1004 675 1061 ἢν
704 1005 790 1048 ε’δει
831 1021 950 1058 παρα
979 1005 1237 1072 Δημητρίου
1266 1005 1469 1058 πεμφθῆ-

80 1061 156 1104 ναί
191 1077 290 1104 τινα
326 1066 416 1104 τών
448 1060 690 1131 ἀξιολόγων
726 1059 955 1117 ἡγεμόνων
986 1061 1064 1103 τὸν
1103 1060 1264 1110 νυκτὸς
1305 1059 1466 1114 ἀναβη-

80 1115 270 1170 σόμενον
299 1118 372 1160 διὰ
398 1122 480 1161 τοῦ
520 1117 768 1187 ὀρύγματος
799 1119 858 1168 εἰς
886 1133 966 1173 την
995 1117 1148 1169 πόλιν,
1181 1117 1300 1185 όπως
1330 1133 1465 1160 κατα-
1498 1115 1552 1155 10

81 1172 292 1243 σκέψηται
319 1174 398 1217 τὸν
433 1173 574 1218 τόπον
601 1174 681 1218 τὸν
711 1176 942 1244 μέλλοντα
961 1173 1173 1225 δέξασθαι
1209 1190 1314 1224 τους
1345 1186 1470 1226 στρα-

80 1229 254 1281 τιώτας.
312 1232 373 1282 εἰς
402 1229 578 1282 ἐλπίδας
612 1231 658 1275 δὲ
687 1229 877 1286 μεγάλας
918 1229 1094 1285 ἇγαγων
1121 1231 1225 1281 τοὺς
1255 1230 1355 1283 περὶ
1385 1234 1471 1285 Λη-
1518 1232 1521 1242 ’

81 1284 290 1341 μήτριον,
329 1286 517 1359 ἐμηνυσε
546 1291 600 1343 τῇ
634 1291 798 1344 βουλη·
838 1287 913 1331 καὶ
951 1287 1204 1358 πέμψαντος
1232 1292 1312 1330 τοῦ
1344 1289 1471 1355 βασι-

82 1342 191 1394 λέως
217 1347 308 1387 τῶν
312 1344 440 1414 περὶ
463 1343 600 1388 αὐτὸν
630 1346 773 1414 φίλων
800 1343 1085 1396 Ἀλέξανδρον
1114 1342 1193 1387 τὸν
1211 1341 1469 1393 Μακεδόνα,

83 1415 247 1443 τουτον
278 1417 359 1456 μεν
399 1400 624 1456 οἶναβαντα
661 1400 732 1445 διὰ
766 1404 852 1472 τῆς
880 1400 1094 1456 διώρυγος
1129 1400 1377 1456 συνέλαβον
1427 1400 1471 1442 οἱ
1503 1395 1554 1438 15

78 1455 263 1509 Ῥόδιοι,
300 1458 378 1501 τὸν
419 1457 461 1501 6'
487 1457 794 1532 Ἀθηναγόραν
832 1457 1147 1527 ἐστεφανωσαν
1184 1461 1334 1513 χρυσῷ
1379 1467 1474 1499 στε-

83 1511 214 1567 φάνῳ
259 1514 333 1558 καὶ
381 1514 552 1570 δωρεὰν
600 1515 769 1558 ἔδωκαν
819 1511 1038 1568 ἀργυρίου
1086 1512 1279 1556 ταλαντα
1330 1513 1472 1564 πέντε,

83 1570 349 1622 σπεύδοντες
387 1572 463 1614 καὶ
494 1588 584 1615 των
622 1570 766 1614 ἄλλων
795 1569 1093 1640 μισθοφόρων
1121 1570 1196 1614 καὶ
1233 1569 1369 1623 ξένων
1397 1569 1473 1613 ἐκ-·

82 1630 314 1670 καλεῖσθαι
341 1627 422 1684 τὴν
449 1627 560 1681 πρὸς
587 1627 667 1671 τὸν
697 1631 839 1684 δῆμον
872 1627 1066 1671 εὔνοιαν.

4 1692 74 1732 475
197 1683 451 1755 Δημήτριος
488 1685 556 1737 δέ,
595 1688 687 1728 τών
726 1700 770 1728 τε
807 1700 1014 1740 μηχανων
1045 1682 1166 1754 αὐτῳ
1195 1683 1317 1735 τέλος
1352 1681 1491 1738 ἐχου-

30 1781 40 1791 ,
84 1742 178 1784 σων
212 1741 288 1785 καὶ
310 1745 404 1810 τρῦ
437 1742 559 1813 πρός
587 1740 637 1785 τὸ
676 1746 815 1811 τεῖχος
849 1742 988 1786 τόπου
1020 1730 1186 1810 παντός
1217 1740 1474 1813 ανακαθαρ-

82 1797 263 1850 θέντος,
296 1790 399 1866 τὴν
404 1814 484 1869 μεν
513 1797 715 1842 ἑλέπολιν
742 1798 879 1854 μέσην
906 1798 1073 1853 ἔστησε,
1104 1815 1183 1850 τας
1215 1797 1262 1840 δὲ
1290 1798 1474 1867 χωστρί-

77 1852 178 1927 δας
183 1850 395 1924 χελωνας
432 1852 681 1913 ἐπιδιεῖλεν,
713 1855 850 1906 οὔσας
888 1857 947 1905 εἰς
987 1853 1125 1898 ὀκτώ·
1155 1854 1388 1922 κατέστησε
1427 1851 1471 1897 δ’

84 1909 147 1961 εἷς
177 1907 390 1965 ἕκατερον
417 1911 554 1967 μέρος
578 1916 659 1981 τῆς
697 1915 889 1968 μηχανῆς
918 1909 1146 1965 τέτταρας,
1183 1910 1260 1954 καὶ
1290 1909 1474 1982 τούτων
1502 1914 1559 1959 25

85 1965 261 2040 εκοέςξτηΓ
278 1971 483 2024 συνῆψε
486 1968 620 2040 στοαν
650 1971 755 2025 μίαν
785 1970 846 2019 είς
873 1967 923 2018 τό
957 1967 1177 2013 δύνασθαι
1206 1964 1301 2023 μετ’
1335 1966 1477 2023 ἄσφα-

86 2020 229 2092 λειας
234 2030 445 2068 επιτελεῖν
471 2017 533 2078 τό
551 2025 931 2095 προςταττόμενον
959 2041 1065 2076 τους
1096 2024 1307 2075 εἰςιόντας
1335 2040 1379 2067 τε
1400 2025 1478 2067 καὶ

85 2077 229 2126 πάλιν
232 2075 538 2132 εξιόντας,κ
512 2081 785 2153 339wq>69999
823 2081 875 2139 δὲ
908 2079 990 2138 660
1007 2083 1347 2152 πολλαπλασίας
1384 2085 1478 2132 τοῖς

87 2137 337 2208 μεγέθεσιν,
369 2143 453 2194 εἰχε
472 2156 558 2193 γαρ
588 2155 798 2193 εκατεραν
827 2155 979 2193 πηχων
1008 2137 1166 2182 ἑκατόν
1197 2139 1335 2181 εἰκοσι
1366 2149 1477 2181 σεσι-

85 2195 342 2265 δηρω-μένην
372 2196 447 2238 καὶ
475 2212 556 2251 την
584 2195 776 2266 ἐμβολήν
806 2195 994 2265 ε’χουσαν
1030 2196 1339 2265 παραπλησίαν
1366 2193 1476 2246 νεώς
1501 2195 1562 2235 -30

88 2249 282 2319 ἐμβόλῳ,
321 2253 398 2295 καὶ
433 2251 787 2324 προωθουμένην
821 2252 898 2307 μὲν
936 2250 1194 2306 ευκινήτως,
1224 2250 1480 2322 υπότροχον

52 2358 56 2359 ⁷
90 2306 137 2349 δὲ
175 2308 250 2351 καὶ
268 2308 384 2378 τῂν
383 2308 644 2381 ἐναγώνιον
685 2309 906 2363 ἐνέργειαν
944 2308 1259 2363 λαμβάνουσαν
1300 2307 1361 2352 δι’
1394 2307 1478 2351 οἷν-
1509 2345 1511 2348 .

91 2364 242 2421 δρῶν
254 2380 353 2421 ουκ
377 2364 622 2422 ἐλαττόνων
656 2364 685 2422 ἢ
725 2366 886 2422 χιλίων.
946 2365 1115 2422 μέλλων
1155 2366 1202 2410 δε
1242 2362 1480 2423 προςοῖγειν

91 2555 150 2592 93.
170 2555 374 2600 μεταλλέων
397 2559 488 2602 FW,
513 2561 640 2597 caeteri
664 2559 854 2605 μεταλλων
1038 2558 1094 2594 97.
1116 2572 1167 2605 τω
1195 2559 1387 2601 δοκοῦντι]
1411 2555 1483 2603 τώ-

91 2603 321 2647 κοδομοῦντι
342 2606 427 2639 Bas.
612 2575 689 2642 98?
695 2606 784 2652 ταχύ
810 2606 872 2641 καὶ
897 2603 1020 2650 αὐτοὶ]
1043 2605 1107 2641 καὶ
1135 2594 1246 2641 αὐτοὶ
1269 2619 1358 2649 ταχυ
1384 2605 1415 2639 F
1467 2617 1469 2619 ·

206 2650 242 2684 2.
266 2663 335 2685 του
360 2663 429 2685 om.
454 2651 485 2686 F
670 2654 727 2689 10.
751 2653 817 2689 τόν
841 2651 1034 2695 μέλλοντα]
1060 2651 1242 2696 μέλλοντα
1265 2653 1348 2687 Bas.

139 2694 345 2741 δέξασθαι]
373 2696 544 2738 δέξεσθαι
569 2700 646 2733 FW
830 2699 888 2733 20.
913 2696 1019 2744 αυτῷ
1042 2710 1112 2732 om.
1137 2699 1223 2734 Bas.

185 2741 267 2777 475.
314 2744 372 2777 21.
405 2742 607 2791 οἷνακοιθαρ
609 2748 655 2781 θε
643 2745 765 2790 ἐνἰὉς]
805 2732 1113 2789 ἁνακαθαρέντος
1143 2745 1227 2779 Bas.
1421 2741 1481 2779 25.

94 2789 239 2835 συνηψε
255 2801 324 2825 om.
347 2791 430 2826 Bas.
544 2760 607 2827 ι’ῑῖΙε.>
626 2791 941 2838 προωθουμένην]
964 2791 1283 2837 προςωθουμένην
1308 2787 1374 2824 ΤΥ
1397 2788 1484 2824 Bau.
