1820 3249
503 194 796 238 L113.xv111.
855 193 984 238 cAP.
1020 198 1060 238 9.
1091 197 1161 238 ιο.
1408 180 1521 238 1265

144 307 288 376 πάλου
323 301 574 365 χρημάτων,
625 306 723 361 περὶ
759 323 822 350 ων
859 305 913 349 τά
943 306 1053 351 κατά
1090 306 1221 362 μέρος
1258 306 1304 349 έν
1343 309 1396 363 τῆ
1432 306 1519 360 πρὸ

144 366 306 437 ταύτης
330 367 485 438 βίβλῳ
527 362 783 436 διήλθομεν,
842 361 1006 434 ὁμοίως
1049 364 1095 408 δὲ
1141 365 1214 408 καὶ
1258 363 1362 413 τούς
1409 362 1518 406 κατὰ
1548 369 1603 412 40

142 439 223 478 την
278 422 419 466 Ἀσίαν
460 419 680 491 ἀμίσθους
727 421 989 475 γενομένους
1027 419 1116 464 υπὸ
1157 423 1245 464 τῶν
1285 423 1521 472 σατραπῶν

143 477 479 550 μισθοφόρους,
530 476 661 528 ὄντας
699 477 779 531 μὲν
816 476 1179 533 ὀκτακιςχιλίους,
1221 478 1526 548 διατρίβοντας

143 535 190 580 δὲ
237 535 333 590 περὶ
375 535 597 587 Ταίναρον
617 538 733 604 τῆς
761 534 1121 605 Πελοποννησον.
1180 533 1250 578 διὸ
1303 534 1377 577 καὶ
1422 532 1524 576 τού-

141 608 246 644 τους
295 592 560 661 προςέταξαν
612 590 660 634 ἐν
708 590 972 662 ἀπορρήτοις
1020 592 1268 635 Λεωσθένει
1309 594 1370 648 τῷ
1405 587 1524 646 Ἀθη-

141 650 252 705 ναίῳ
290 649 339 692 τὸ
377 647 456 704 μὲν
493 651 674 700 πρῶτον
713 646 950 717 ἀναλαβεῖν
991 646 1181 717 αὐτούς,
1232 663 1292 698 ως
1326 649 1522 716 ἰδιοπρα-

140 709 306 761 γοῦντα
343 705 474 761 χωρὶς
501 708 579 774 τῆς
603 708 684 748 τοῦ
713 703 855 761 δήμου
883 704 1079 761 γνώμης,
1120 704 1237 754 ὅπως
1267 703 1290 747 6
1318 704 1396 759 μὲν
1423 702 1511 747 'Av-
1544 704 1599 749 46

138 763 347 815 τίπατρος
387 760 696 818 ῥαθυμότερον
735 763 918 831 διατεθῇ
956 777 1068 816 προς
1105 761 1182 812 τὰς
1222 758 1515 814 παρασκευάς,

138 822 436 888 καταφρονῶν
473 822 554 862 τοῦ
583 817 893 870 Λεωσθέιους,
940 820 983 862 οἱ
1022 818 1064 863 δ’
1093 817 1318 875 Ἀθηναῖοι
1357 816 1517 891 σχολήν

138 874 306 930 λάβωσι
346 875 421 919 καὶ
456 875 622 947 χρόνον
661 874 1067 928 προκατασκευάσαι
1110 892 1152 919 τι
1195 878 1285 918 τῶν
1332 875 1392 925 είς
1436 873 1517 917 τὸν

137 931 330 986 πόλεμον
369 935 603 988 χρησίμων.
673 932 741 975 διὸ
783 932 857 975 καὶ
904 931 1165 988 Λεωσθένης
1207 929 1311 988 μετά
1355 934 1518 1000 πολλῆς
1546 935 1601 980 50

136 987 318 1058 ἡσυχίας
356 989 690 1044 μισθωσάμενος
736 1005 842 1040 τους
880 990 1220 1060 προειρημένους
1259 985 1518 1059 παραδόξως

138 1044 315 1114 ἑτοίμην
332 1044 423 1100 ἔσχε
442 1045 554 1099 πρὸς
571 1045 647 1095 τὰς
665 1044 841 1098 πράξεις
870 1044 1101 1116 ἀξιόλογον
1109 1044 1326 1117 δύναμιν.
1373 1043 1519 1099 ἐστρα-

138 1100 339 1169 τευμένοι
356 1101 440 1156 γάρ
463 1100 571 1144 κατὰ
591 1101 671 1157 τὴν
689 1100 835 1145 Ἀσίαν
870 1102 1014 1146 πολύν
1042 1101 1216 1157 χρόνον,
1247 1102 1321 1146 καὶ
1342 1105 1519 1145 πολλῶν

137 1157 214 1201 καὶ
231 1156 429 1212 μεγάλων
449 1156 631 1228 ἀγώνων
650 1157 964 1215 μετεσχηκότες,
995 1158 1182 1217 ἀθληταὶ
1205 1162 1295 1202 τῶν
1311 1157 1422 1202 κατά
1440 1156 1519 1202 τὸν

136 1213 361 1284 πόλεμον’
348 1214 486 1270 ε’ργων
510 1214 774 1270 ἐγεγένηντο.
825 1219 961 1259 ταῦτα
979 1216 1058 1270 μὲν
1082 1218 1164 1260 οὐν
1193 1215 1333 1266 οὕτως
1361 1213 1515 1268 ἐπράτ-
1545 1213 1600 1258 55

135 1287 231 1316 τετο
278 1269 408 1326 μήπω
451 1275 594 1323 καλως
632 1271 849 1327 εγνωσμει
852 1290 901 1328 ης
942 1277 1016 1328 τῆς
1052 1271 1336 1332 Ἀλεξάνδρου
1373 1276 1514 1315 τελευ-

135 1331 240 1397 τῆς.
284 1328 376 1371 ἐπεὶ
424 1327 470 1372 δέ
507 1344 619 1379 τινες
663 1328 711 1372 ἐκ
751 1332 1020 1386 Βαβυλῶνος
1054 1332 1176 1400 ήκον
1202 1327 1415 1373 αὐτόπται
1448 1344 1515 1399 γε-

135 1383 328 1455 γονότες
339 1388 416 1440 τῆς
443 1388 524 1429 τοῦ
553 1384 764 1441 βασιλέως
794 1390 1084 1456 μεταλλαγῆς,
1128 1385 1225 1430 τότε
1254 1388 1512 1456 φανερῶςο

137 1443 274 1496 δῆμος
304 1439 612 1492 ἀπεκαλύψατο
638 1442 748 1496 πρὸς
773 1442 850 1486 τὸν
878 1442 1082 1498 πόλεμον,
1113 1443 1185 1487 καὶ
1218 1447 1305 1486 τῶν
1328 1459 1407 1498 μεν
1422 1441 1513 1496 Αρ-

135 1497 280 1541 πάλου
309 1498 539 1570 χρημάτων
566 1499 696 1553 μέρος
724 1498 927 1554 ἐξέπεμψε
954 1504 1016 1558 τῷ
1045 1499 1288 1543 Λεωσθένει
1311 1499 1386 1542 καὶ
1406 1513 1514 1542 παν·
1541 1499 1597 1541 60

136 1557 288 1605 οπλίας
326 1555 408 1598 οὐκ
447 1553 616 1610 ὀλίγας,
679 1556 752 1598 καὶ
790 1546 1048 1612 παρήγγειλε
1088 1557 1239 1612 μηκέτι
1278 1553 1511 1625 παρακρύ-

133 1628 271 1659 πτειν.
303 1609 410 1654 ἀλλά
441 1628 643 1666 φανερως
672 1611 877 1665 πράττειν
906 1630 947 1656 τι
975 1617 1064 1657 τῶν
1094 1612 1426 1668 συμφερόντων.
1485 1608 1510 1654 6

93 1708 97 1714 Δ
135 1667 181 1711 δὲ
222 1667 403 1719 διαδούς
442 1673 533 1719 τοῖς
569 1667 867 1725 μισθοφόροις
905 1670 980 1721 τὰς
1012 1669 1232 1722 συντάξεις
1270 1670 1344 1714 καὶ
1371 1672 1511 1712 καθο-

132 1725 288 1776 πλίσας
316 1741 420 1776 τους
453 1723 692 1777 ἀνόπλους,
727 1730 967 1797 παρῆλθεν
988 1729 1047 1778 εἰς
1075 1728 1314 1780 Αἰτωλίαν,
1345 1722 1509 1781 συνθη-
1538 1728 1594 1771 65

135 1779 321 1850 σόμενος
347 1783 679 1850 κοινοπραγίαν
710 1780 847 1838 ἀσμέν
851 1800 908 1833 ως
928 1783 974 1827 δε
994 1788 1083 1827 τῶν
1100 1786 1308 1827 Αἰτωλων
1324 1794 1514 1826 συνυπα-

133 1836 414 1890 κουσάντων,
460 1839 535 1882 καὶ
574 1837 789 1883 διδόντων
829 1839 950 1896 αὐτῷ
980 1840 1243 1895 στρατιώτας
1271 1840 1512 1894 έπτακιςχι-

134 1896 279 1948 λίους,
327 1893 351 1938 6
389 1894 469 1950 μὲν
507 1895 765 1951 Λεωσθένης
805 1898 1151 1968 διαπεμπόμενος
1186 1895 1298 1951 πρός
1334 1912 1378 1940 τε
1406 1895 1513 1946 τούς

134 1950 340 2006 Λοκρούς
358 1951 437 1995 καὶ
461 1955 628 2003 Φωκεῖς
650 1953 723 1996 καὶ
746 1953 851 2003 τοὺς
873 1954 1032 2006 ἄλλους
1051 1972 1155 2006 τους
1182 1952 1513 2010 πλησιοχώρους

134 2008 370 2063 παρεκάλει
402 2011 478 2063 τῆς
514 2007 777 2064 αὐτονομίας
806 2010 1064 2082 ἀντέχεσθαι
1086 2012 1160 2054 καὶ
1185 2015 1262 2068 τῆς
1289 2014 1380 2054 τῶν
1408 2013 1508 2053 Μα-
1536 2015 1592 2055 70

134 2064 331 2109 κεδόνων
360 2067 606 2118 δεσποτείας
630 2065 921 2120 ἐλευθερῶσαι
949 2068 1029 2124 τὴν
1054 2067 1248 2112 Ελλάδα.

241 2120 292 2164 Ὃ
331 2122 377 2165 δὲ
416 2124 551 2178 δῆμος
589 2139 674 2165 των
706 2121 969 2180 Ἀθηναίων,
1011 2129 1101 2168 τῶν
1127 2125 1206 2194 μὲν
1233 2125 1507 2180 κτηματικῶν
1536 2131 1592 2171 lo

135 2177 524 2249 συμβουλευόντων
553 2178 631 2234 τὴν
659 2177 840 2235 ἡσυχίαν
871 2198 1009 2237 αγειν,
1049 2199 1137 2225 των
1166 2181 1213 2225 δε
1241 2183 1507 2236 δημοκόπων

136 2233 427 2278 ἀνασειόντων
465 2235 519 2278 τὰ
556 2235 703 2292 πλήθη
738 2238 810 2280 καὶ
849 2238 1224 2291 παρακαλούντων
1252 2237 1508 2293 ἐρρωμένως

136 2290 308 2360 ἔχεσθαι
337 2296 418 2335 τοῦ
446 2293 660 2346 πολέμου,
700 2293 812 2337 πολύ
841 2300 932 2345 τοῖς
961 2294 1173 2350 πληθεσιν
1201 2293 1433 2349 υπερεῖχον
1463 2310 1506 2337 οι
1534 2297 1590 2342 75

58 2365 126 2401 255
137 2347 214 2390 τόν
252 2348 442 2404 πόλεμον
482 2348 744 2411 αἱρούμενοι
768 2351 841 2394 καὶ
869 2351 944 2403 τὰς
973 2351 1156 2423 τροφάς
1169 2350 1369 2402 εἰωθότες
1396 2350 1507 2420 ε’χειν

137 2403 202 2446 ἐκ
219 2407 299 2447 τοῦ
338 2409 647 2476 μισθοφορεῖν·
700 2424 765 2458 οις
796 2407 902 2452 ποτ’
934 2408 1093 2464 ἔφησεν
1133 2407 1156 2452 ὁ
1190 2410 1404 2457 Φίλιππος
1429 2405 1507 2451 τὸν

137 2459 216 2530 μὲν
235 2461 436 2531 πόλεμον
463 2460 653 2534 εἰρήνην
664 2461 887 2531 ὑπάρχειν,
918 2465 997 2521 τὴν
1028 2466 1074 2509 δὲ
1106 2465 1282 2522 εἰρήνην
1303 2463 1507 2534 πόλεμον.

138 2515 274 2568 εὖθῦς
310 2533 393 2561 ουν
432 2519 477 2562 οἱ
512 2519 590 2603 μὲν
629 2519 809 2577 ῥήτορες
849 2521 925 2573 τὰς
958 2525 1048 2565 τῶν
1084 2524 1332 2580 δημοτικων
1366 2518 1506 2577 ὁρμάς
1535 2529 1588 2569 80

136 2651 193 2686 4⁰.
239 2647 337 2697 6116]
371 2648 444 2688 ἀπὸ
478 2653 508 2688 F
694 2655 752 2690 43.
799 2655 985 2703 λεωσθὲνη
1016 2658 1047 2692 F
1228 2657 1285 2692 44.
1333 2658 1459 2703 ἰδιοπρ
1462 2669 1504 2693 α·-

135 2698 297 2743 γοῦντα]
330 2699 637 2744 ἰδιοπραγοῦντας
659 2702 744 2737 Bas.
925 2671 985 2739 54‘.
1029 2700 1096 2739 τὸν
1126 2700 1308 2750 πόλεμον]
1343 2671 1505 2749 πόλεμον

134 2745 219 2784 Bas.
403 2744 631 2792 ἐγεγένηντο]
667 2748 855 2794 γεγένηντο
889 2750 919 2784 F
1101 2748 1158 2783 61.
1204 2750 1506 2806 παρακρύπτειν]

134 2789 382 2834 παρακύπτειν
405 2792 481 2833 VW
536 2824 539 2825 ⁷
590 2838 602 2845 'v
637 2793 703 2835 68.
741 2807 781 2831 τε
813 2807 883 2834 om·
907 2796 938 2830 F
1108 2807 1199 2836 τους
1220 2795 1407 2844 Λοκρούς]
1432 2797 1507 2832 τῶν

135 2835 306 2883 1οκροῦς
327 2837 408 2874 Bas.

1170 2902 1225 2942 81
