1820 3249
348 162 435 204 956
745 157 866 206 LIB.
895 160 986 205 XV.
1037 161 1326 209 cAP.9.1o.

350 268 541 324 σιλέως,
556 270 667 328 ἔγνω
695 275 827 344 καινῇ
854 272 1123 344 πραγμάτων
1150 275 1334 344 ἐπιβολῇ
1361 275 1415 321 τοὶ
1442 274 1551 322 καθ’
1589 277 1726 322 αὐτὸν

350 326 679 383 άσφαλίζεσθαι.
739 329 942 384 εὐπορῶν
972 331 1018 374 δὲ
1055 332 1288 405 χρημάτων
1322 334 1397 377 καὶ
1435 339 1725 388 στρατιωτῶν,

308 404 310 406 ’
347 384 409 427 ε’τι
439 385 485 429 δὲ
512 385 617 437 τούς
645 386 935 443 τριηράρχους
963 392 1058 439 ταῖς
1087 389 1306 440 εὐνοίαις
1319 391 1460 460 ἰδίους
1496 392 1727 461 πεποιημέω

263 445 318 490 50
347 458 447 494 νος,
464 443 631 511 διέγνω
660 449 741 486 τοῦ
770 445 983 497 βασιλέως
1011 444 1294 500 ἀφίστασθαι.
1339 445 1475 499 εὐθύς
1504 453 1588 491 οὐν
1612 447 1726 502 πρὸς

344 498 424 554 μὲν
451 497 630 554 ’Ἁκοριν
657 500 735 543 τὸν
765 501 944 556 βασιλέα
972 517 1061 544 των
1088 504 1342 570 Αἰγυπτίων
1384 503 1726 575 διαπρεσβευσά-

345 571 476 625 μενος
505 559 754 612 συμμαχίαν
783 558 991 602 συνέθετο
1022 575 1132 602 κατα
1161 563 1240 604 τοῦ
1269 560 1499 629 βασιλέως·
1539 561 1650 616 πρὸς
1674 562 1727 605 δὲ

343 611 451 664 τούς
464 615 852 683 Λακεδαιμονίους
883 613 1067 670 γράφων
1097 615 1226 672 ἐπῆρε
1254 633 1362 660 κατα
1391 621 1473 661 τοῦ
1502 618 1727 673 βασιλέως,

344 670 419 713 καὶ
448 670 683 726 χρημάτων
722 676 892 740 πλῆθος
930 671 1208 742 ἐπηγγέλλετο
1239 673 1398 718 δώσειν
1434 675 1510 718 καὶ
1548 674 1626 726 τὰς
1656 674 1730 718 ἂλ-

1760 681 1802 717 11

259 726 314 771 55
344 730 422 777 λας
459 727 714 783 ἐπαγγελίας
749 727 935 783 μεγάλας
972 728 1183 781 ἐποιεῖτο,
1223 730 1571 802 υπισχνούμενος
1610 742 1730 786 συμ-·
1753 752 1770 758 -·

343 782 521 835 πράξειν
553 784 704 835 αὐτοῖς
732 784 784 827 τὰ
814 802 922 828 κατα
951 785 1031 840 τήν
1068 784 1254 829 Ἑλλάδα
1282 788 1357 831 καὶ
1382 788 1471 860 τὴν
1491 787 1729 845 ἡγεμονίαν.

346 838 499 891 αὐτοῖς
527 840 609 897 τήν
639 841 825 895 πάτριον
854 842 1289 910 συγκατασκευάσειν.
1351 845 1395 887 οι
1432 845 1479 888 δε
1492 848 1730 915 Σπαρτιᾶ-Ι

345 913 416 940 ται
445 897 519 940 καὶ
549 898 683 941 πάλαι
711 898 790 954 μὲν
821 897 1129 968 διεγνώκεισαν
1157 898 1431 944 ἀνακτᾶσθαι
1458 901 1538 957 τὴν
1547 902 1727 974 (ἡγεμο-
1771 910 1776 915 ”

259 958 314 998 60
343 955 466 1006 νίαν,
493 952 588 998 τότε
620 955 667 999 δὲ
698 954 1015 1010 συνετάραττον
1045 955 1129 1012 ἤδη
1158 974 1236 1008 τας
1274 956 1445 1010 πόλεις,
1489 958 1562 1002 καὶ
1591 963 1728 1003 πᾶσιν,

341 1010 540 1066 υπῆρχον
570 1013 760 1065 φανεροὶ
783 1029 861 1063 τας
889 1011 1037 1064 πόλεις
1067 1013 1479 1069 καταδουλούμενοι.
1524 1014 1646 1085 πρὸς
1674 1015 1726 1060 δὲ

340 1068 513 1119 τούτοις
542 1067 801 1139 ἀδοξοῦντες
831 1069 900 1112 ἐπὶ
928 1074 989 1126 τῷ
1020 1072 1166 1114 δοκεῖν
1195 1071 1243 1115 έν
1267 1089 1323 1141 τῃ
1355 1072 1467 1126 πρὸς
1487 1071 1566 1115 τὸν
1596 1076 1728 1141 βασι-ι

341 1125 418 1168 λέα
448 1125 650 1195 συνθέσει
687 1127 792 1177 τούς
821 1126 930 1170 κατὰ
968 1126 1048 1182 τὴν
1085 1125 1236 1171 Ἀσίαν
1267 1127 1479 1198 Έλληνας
1517 1128 1726 1180 ἐκδότους

341 1182 646 1251 πεποιηκέναι,
679 1182 961 1238 μετεμέλοντο
992 1189 1084 1235 τοῖς
1112 1183 1432 1257 πεπραγμένοις
1461 1186 1535 1232 καὶ
1556 1185 1729 1240 πρόφα-

262 1240 314 1282 55
344 1251 415 1282 σιν
445 1238 629 1311 εὔλογον
659 1239 838 1296 ἐζητουν
867 1244 947 1284 τοῦ
975 1242 1088 1296 πρὸς
1111 1242 1194 1309 τᾲν
1210 1241 1489 1313 Ἀρταξέρξην
1517 1243 1731 1298 πολέμου.-

346 1295 498 1350 διόπερ
549 1297 731 1353 άσμενοι
778 1298 1014 1342 συνέθεντο
1062 1299 1175 1354 πρὸς
1220 1299 1300 1343 τόν
1338 1303 1381 1344 Γ
1378 1316 1442 1342 αω
1489 1315 1571 1357 την
1607 1312 1726 1356 συμα

380 1371 406 1396 α
434 1356 515 1396 ίαν.

260 1412 316 1452 10
345 1370 375 1410 μ
406 1371 431 1410 χ
452 1409 732 1466 Ἀρταξέρξης
759 1409 805 1454 δε
833 1410 1080 1462 καταλύσας
1108 1409 1187 1455 τὸν
1208 1410 1321 1467 πρὸς
1342 1412 1621 1463 Καδουσίους
1649 1410 1728 1455 πό-

343 1472 501 1538 λεμον,
541 1469 760 1522 προέθηκε
798 1470 943 1521 κρίσιν
980 1467 1219 1526 Τιριβάζῳ,
1258 1469 1333 1512 καὶ
1371 1469 1576 1519 δικαστὰς
1611 1473 1726 1522 τρεῖς

255 1531 312 1570 70
342 1523 536 1568 ἀπέδωκε
565 1528 654 1567 τῶν
683 1523 868 1579 μάλιστα
897 1513 1232 1595 εὐδοκουμένων
1261 1524 1384 1579 παρὰ
1406 1531 1498 1576 τοῖς
1521 1525 1726 1578 Πέρσαις.

340 1599 453 1626 κατα
482 1579 668 1632 τούτους
696 1580 742 1623 δὲ
772 1581 878 1631 τούς
906 1580 1095 1636 χρόνους
1125 1581 1265 1637 ἕτεροι
1295 1583 1494 1626 δικασταὶ
1524 1581 1726 1633 δόξαντες

340 1655 488 1689 κακως
517 1639 681 1691 κρίνειν
712 1641 864 1690 ζωντες
894 1638 1177 1695 ἐξεδάρησαν,
1219 1655 1294 1682 και
1331 1638 1441 1708 υπὲρ
1478 1643 1567 1681 τῶν
1608 1640 1726 1683 δικα-

341 1699 501 1740 στικών
551 1697 726 1749 δίφρων
763 1697 1080 1749 περιτεθέντων
1116 1698 1205 1738 τῶν
1245 1693 1470 1749 δερμάτων
1508 1696 1578 1754 έπι
1617 1694 1726 1739 τού-

341 1769 431 1797 των
459 1751 658 1804 ἐδίκαζον
689 1753 732 1794 οἱ
761 1754 981 1804 δικασταί,
1021 1751 1131 1805 παρ’
1160 1749 1424 1806 ὀφθαλμούς
1453 1750 1618 1809 ἔχοντες
1645 1768 1724 1795 πα-

255 1807 311 1849 75
342 1809 555 1867 ράδειγμα
584 1812 660 1864 τῆς
696 1806 744 1850 ἐν
784 1813 845 1867 τῷ
881 1813 1026 1860 κακῶς
1064 1810 1246 1878 κρίνειν
1269 1811 1608 1864 τιμωρίας.οί
1646 1824 1725 1864 μεν

340 1869 424 1911 οὐν
452 1868 802 1937 κατηγοροῦντες
842 1865 922 1920 τὴν
962 1865 1199 1934 έπιστολην
1220 1863 1484 1920 ἀναγνόντες
1513 1882 1607 1922 την
1608 1882 1725 1922 πεμ-

340 1928 531 1992 φθεῖσαν
559 1920 646 1966 υπὸ
673 1925 753 1965 τοῦ
781 1922 1002 1976 Ορόντου,
1032 1921 1194 1978 ταύτην
1225 1922 1381 1991 ἱκανήν
1412 1891 1582 1978 ε’φασαν
1611 1923 1724 1992 ἔχειν

339 1980 451 2049 πρὸς
480 1981 759 2050 κατηγορίαν.
817 1978 840 2023 ὁ
884 1980 930 2023 δὲ
965 1981 1196 2049 Τιρίβαζος
1234 1979 1343 2050 πρὸς
1380 1979 1479 2051 μὲν
1495 1980 1576 2034 τὴν
1611 1996 1722 2023 κατα

340 2037 420 2081 τόν
453 2035 694 2091 Ευαγόραν
725 2037 939 2108 διαβολὴν
969 2035 1265 2092 [ανεγίνωσκε]
1294 2035 1374 2092 τὴν
1402 2034 1479 2079 υπ’
1511 2036 1722 2090 Ὀρόντου

259 2100 312 2140 80
341 2094 640 2164 γεγενημένην
660 2091 956 2137 *υπακούειν
994 2111 1052 2144 ως
1087 2093 1267 2150 βασιλέα
1306 2096 1475 2149 βασιλεῖ
1491 2091 1723 2162 προςήνε-

342 2164 470 2220 γκεν·
513 2149 674 2194 εαυτὸν
705 2151 751 2193 δὲ
779 2167 858 2206 την
887 2149 1064 2206 εἰρήνην
1103 2154 1432 2201 συντεθεῖσθαι,
1475 2148 1579 2200 ω’ςτε
1607 2166 1722 2193 υπα-
1761 2180 1764 2181 ⁷

344 2206 496 2253 κουέιν
525 2205 775 2280 Εὐαγόραν
805 2211 867 2265 τῷ
901 2211 1071 2263 βασιλεῖ
1097 2224 1156 2258 ως
1186 2208 1349 2250 δοῦλον
1377 2208 1586 2276 δεσπότῃ·
1625 2205 1724 2260 περὶ

346 2265 393 2309 δε
411 2268 501 2308 τῶν
529 2267 735 2333 χρησμῶν
753 2254 885 2336 ε’φησε
902 2264 959 2320 μὴ
982 2265 1256 2320 χρηματίζειν
1283 2263 1363 2307 τόν
1390 2263 1499 2306 θεὸν
1523 2262 1723 2308 καθόλου

260 2325 314 2369 85
343 2322 441 2377 περὶ
468 2320 693 2369 θανάτου·
733 2321 808 2366 καὶ
836 2321 999 2366 τούτου
1033 2323 1261 2378 μάρτυρας
1295 2322 1519 2376 παρείχετο
1556 2319 1723 2371 πάντας

342 2457 399 2494 46.
423 2456 591 2505 ἐπιβολῇ]
610 2458 833 2530 μεταβολῇ
825 2459 854 2494 [ι
1036 2458 1093 2494 47.
1119 2453 1236 2494 αὕτὸν
1268 2457 1402 2503 AFIK,
1435 2457 1563 2493 caeteri
1586 2454 1720 2492 ἑαυτὸν

525 2505 582 2539 48.
608 2517 661 2539 ετι
685 2507 752 2549 δέ]
779 2506 837 2542 επὶ
863 2506 976 2546 AFK,
1001 2505 1129 2539 caeteri
1151 2503 1228 2540 ἐπεὶ

433 2551 490 2585 11.
515 2551 572 2586 68.
595 2552 809 2596 προέθηκε]
834 2553 1062 2608 προςέθηκε
1068 2553 1101 2585 Α
1278 2550 1336 2584 72.
1359 2548 1642 2593 περιτεθεντων]
1657 2560 1720 2584 πε

344 2596 597 2653 ριταθέντων
592 2599 760 2632 Reiskius
942 2599 999 2632 79.
1039 2595 1255 2642 ἀνεγίνωσκε
1288 2598 1469 2631 delendum
1506 2595 1645 2629 videtur

456 2644 513 2678 80.
543 2639 774 2689 υπακούειν]
810 2644 892 2678 libri
926 2642 1160 2691 υπάκουσιν,
1193 2643 1283 2677 unde
1315 2640 1542 2678 υπακούσειν
1573 2642 1720 2675 Rhodo-

341 2700 504 2725 mannus:
535 2692 680 2732 lacuna,
706 2702 810 2745 quam
833 2688 1037 2734 Stephanus
1060 2689 1321 2733 animadvertit,
1347 2687 1417 2724 hoc
1441 2689 1512 2722 fere
1536 2689 1638 2721 modo
1660 2698 1719 2720 ex·-

341 2737 466 2780 p!cnda
482 2741 552 2779 est,
578 2735 746 2772 σύλλυσιν
772 2734 861 2776 ὤςτε
886 2735 1004 2773 αὐτον
1028 2733 1233 2774 υπακούειν
1377 2734 1434 2771 81.
1459 2735 1721 2802 συντεθεῖσθαι

343 2783 522 2817 Rciskius:
542 2763 629 2818 libri
654 2785 898 2819 συντίθεσθαι
