1820 3249
521 181 643 226 LIB
683 179 1478 225 XV1.cAP.8.1049

103 300 198 348 τοῖς
235 298 375 350 κριοῖς
408 292 541 364 μέρος
578 309 620 336 τι
650 296 741 336 τὀὕ
776 293 973 348 τείχους,
1012 292 1306 362 παρειςελθων
1343 292 1386 337 δ’
1419 295 1479 345 εἰς
1507 304 1563 344 20

103 353 185 408 τὴν
212 351 341 396 πόλιν
374 350 446 394 διὰ
474 352 556 394 τοῦ
571 348 816 422 πτώματος
845 350 917 392 καὶ
945 352 1032 391 τῶν
1064 348 1356 393 ἀντιστάντων
1379 355 1479 394 πολ-

106 409 213 460 λοὺς
245 406 528 476 καταβαλών,
567 406 791 461 ἐκυρίευσε
826 410 904 461 τῆς
933 405 1123 455 πόλεως·
1170 406 1243 448 καὶ
1271 422 1374 456 τους
1403 423 1482 462 μεν

106 465 340 520 ἀλλοτρίως
365 462 475 517 πρὸς
506 462 642 507 αὐτὸν
672 463 972 532 διακειμένους
993 460 1283 531 ἐφυγάδευσε,
1313 468 1404 513 τοῖς
1435 463 1480 506 δ’

107 521 254 572 α’λλοις
283 520 608 590 φιλανθρώπως
636 519 920 590 προςηνέχθη.
978 517 1005 574 ἡ
1037 519 1084 561 δὲ
1112 518 1238 569 πόλις
1261 518 1369 589 αὕτη
1397 535 1482 562 κει·
1512 526 1567 568 25

105 578 214 634 μένη
242 577 352 621 κατὰ
381 581 457 632 τῆς
488 575 663 634 Θράκης
692 577 764 620 καὶ
786 581 875 619 τῶν
896 573 1106 630 σύνεγγυς
1125 574 1271 618 τόπων
1292 575 1483 647 εὐφυῶς,

105 633 245 678 πολλοὶ
294 635 555 689 συνεβάλετο
596 638 656 691 τῷ
699 634 902 689 Φιλίππῳ
939 632 1048 688 πρὸς
1080 632 1279 703 αὔξησιν.
1347 631 1486 684 εὐθὺς

104 690 188 747 γὰρ
225 689 306 746 τὴν
343 707 422 747 μεν
451 678 640 734 Πύδναν
677 689 957 758 ἐχειρώσατο,
1008 688 1118 740 πρὸς
1153 690 1198 732 δὲ
1225 687 1487 740 Ὀλυνθίους

103 748 372 818 συμμαχίαν
381 747 519 798 ἔθετο,
545 748 619 791 καὶ
643 749 886 791 Ποτίδαιαν
910 745 1160 802 ὡμολόγησε
1186 744 1487 802 περιποιήσειν

105 803 267 856 αὐτοῖς,
295 820 407 858 υπερ
436 807 488 860 ῆς
515 802 738 848 Ὀλύνθιοι
757 803 929 876 πολλὴν
946 803 1171 859 σπουδην’
1158 803 1285 859 ε’σχον
1307 805 1482 857 κυριεῦ-
1511 813 1566 852 30

106 872 182 905 σαι
210 865 285 917 τῆς
302 861 492 912 ·.πόλεως.
550 864 638 904 τῶν
678 859 718 904 δ’
757 859 1004 904 Ὀλυνθίων
1043 863 1227 932 βαρεῖαν
1255 859 1385 904 πόλιν
1416 861 1482 903 οἰ-

104 917 327 969 κούντων,
369 918 442 961 καὶ
482 917 556 961 δια
595 917 646 961 τὸ
683 922 854 988 πλῆθος
882 921 972 960 τῶν
999 916 1161 973 ταύτην
1191 915 1483 961 ἐνοικούντων

107 973 276 1045 πολλὴν
303 973 493 1045 ἐχόντων
523 973 666 1030 ῥοπὴν
696 976 754 1025 εἰς
782 974 859 1018 τὸν
885 975 1088 1029 πόλεμον,
1115 990 1408 1044 περιμαχήτος
1426 969 1488 1046 ἦν

107 1029 136 1088 ἡ
166 1029 294 1083 πόλις
321 1036 412 1083 τοῖς
439 1029 672 1102 ἡγεμονίας
701 1032 897 1086 μείζονος
927 1030 1213 1087 ὀρεγομένοις.
1261 1031 1413 1086 διόπερ
1440 1030 1488 1073 σι’

107 1103 153 1131 τε
177 1085 404 1160 Ἀθηναῖοι
434 1088 509 1131 καὶ
548 1087 572 1131 6
606 1091 821 1138 Φίλιππος
850 1091 1235 1143 διεφιλοτιμοῦντο
1248 1087 1376 1159 πρὸς
1406 1085 1482 1130 αλ-
1512 1092 1568 1134 35

106 1143 270 1215 λήλους
298 1145 395 1199 περὶ
421 1148 497 1200 τῆς
524 1148 611 1188 τῶν
629 1143 876 1189 Ὀλυνθίων
899 1147 1152 1214 συμμαχίας
1204 1143 1258 1188 ου’
1281 1145 1373 1215 μὴν
1386 1142 1483 1187 ἄλλ’

107 1199 132 1245 6
165 1203 381 1274 Φίλιππος
401 1203 648 1246 Ποτίδαιαν
675 1200 1031 1270 ἐκπολιορκήσας,
1053 1201 1142 1257 τήν
1162 1201 1242 1257 μὲν
1259 1206 1348 1244 τῶν
1363 1199 1485 1271 Ἀθη-

107 1259 245 1302 ναίων
267 1258 474 1329 φρουραν
503 1259 706 1315 ἐξήγαγεν
736 1261 782 1303 ἐκ
811 1263 886 1315 τῆς
915 1256 1095 1310 πόλεως,
1126 1259 1199 1302 καὶ
1231 1257 1484 1330 φιλανθρώ-

107 1330 200 1366 πως
223 1313 333 1372 αὐτῆ
351 1317 752 1386 προςενεγκάμενος
782 1315 1072 1368 ἐξαπέστειλεν
1095 1317 1156 1367 είς
1178 1315 1252 1365 τὰς
1277 1313 1485 1385 Ἀθήνας
1517 1319 1571 1362 40

111 1370 285 1440 σφόδρα
309 1371 393 1428 γὰρ
423 1371 644 1441 εὐλαβεῖτο
661 1373 749 1416 τὸν
779 1375 920 1441 δῆμον
949 1376 1038 1415 τῶν
1066 1370 1313 1442 Ἀθηναίων
1344 1371 1416 1416 διὰ
1437 1370 1484 1416 τὸ

111 1427 247 1484 βάρος
281 1429 356 1472 καὶ
392 1428 442 1473 τὸ
480 1429 646 1485 οἷξίωμα
677 1434 757 1485 τῆς
789 1429 979 1479 πόλεως·
1028 1428 1107 1485 τήν
1138 1430 1184 1473 δὲ
1212 1428 1342 1472 πόλιν
1372 1429 1489 1481 ἐξαν-

112 1483 487 1554 δραποδισαμενος
513 1486 738 1541 παρέδωκε
766 1491 857 1537 τοῖς
885 1483 1148 1545 Ὀλυνθίοις,
1179 1485 1490 1556 δωρησαμενος

111 1540 200 1596 ἅμα
228 1542 303 1584 καὶ
331 1542 408 1593 τὰς
437 1559 546 1585 κατα
581 1559 663 1600 τήν
702 1541 849 1598 χώραν
880 1543 1061 1599 κτήσεις.
1120 1559 1225 1598 μετα
1266 1544 1312 1586 δὲ
1351 1547 1490 1586 ταῦτα
1520 1545 1574 1589 45

110 1597 349 1651 παρελθών
378 1599 448 1642 ἐπὶ
476 1597 606 1643 πόλιν
634 1601 887 1655 Κρηνίδας,
929 1600 1094 1655 ταύτην
1134 1599 1214 1654 μὲν
1231 1599 1493 1671 ἐπαυξήσας

83 1653 356 1710 4οἰκητόρων
375 1654 545 1724 πλήθει
564 1657 864 1726 μετωνόμασε
899 1658 1166 1709 Φιλίππους,
1214 1654 1300 1711 ἀφ’
1331 1656 1492 1699 εαυτοῦ

111 1710 490 1782 προςαγορεύσας·
521 1712 574 1755 τοὶ
604 1714 650 1756 δὲ
679 1730 789 1756 κατα
818 1711 898 1769 τὴν
927 1712 1076 1768 χώραν
1103 1711 1283 1768 χρύσεια
1304 1714 1493 1784 μέταλλα

111 1772 333 1819 παντελως
362 1767 470 1812 ὄντα
498 1771 592 1812 λιτοὶ
622 1770 695 1812 καὶ
725 1769 861 1821 ἄδοξα
889 1775 984 1820 ταῖς
1012 1775 1298 1820 κατασκευαῖς
1328 1769 1397 1813 ἐπι
1424 1787 1492 1812 το-

112 1828 276 1868 σοῦτον
313 1824 500 1896 ηὔξησεν
539 1825 643 1877 ὤςτε
682 1825 903 1869 δύνασθαι
941 1824 1092 1880 φέρειν
1122 1824 1242 1883 αὐτῷ
1272 1826 1491 1881 πρόςοδον
1520 1831 1574 1874 50

109 1885 264 1925 πλεῖον
302 1880 332 1937 ἢ
366 1880 591 1926 ταλαντων
621 1885 782 1938 χιλίων.
839 1882 887 1926 ἐκ
918 1882 963 1926 δὲ
992 1882 1162 1926 τούτων
1192 1882 1299 1939 ταχύ
1331 1883 1492 1938 σωρεύ-

112 1949 191 1989 σας
219 1941 428 1990 πλοῦτον,
459 1937 535 1982 αεὶ
560 1943 729 2009 μᾶλλον
761 1938 832 1984 δια
861 1939 940 1996 τὴν
969 1938 1184 1994 εὐπορίαν
1213 1945 1302 1983 τῶν
1330 1939 1492 1997 χρημά-

111 2010 201 2038 των
235 1996 295 2046 εἰς
321 1993 542 2065 ὑπεροχὴν
579 1995 770 2052 μεγάλην
805 1996 939 2052 ἤγαγε
969 1995 1047 2053 τὴν
1075 1999 1387 2053 Μακεδονικήν
1417 2001 1492 2053 βα-

113 2052 304 2095 σιλείαν·
333 2050 526 2108 νόμισμα
552 2053 637 2108 γάρ
668 2057 866 2110 χρυσοῦν
895 2053 1038 2105 κόψας
1067 2054 1116 2097 τὸ
1134 2055 1491 2126 προςαγορευθὲν
1520 2066 1575 2108 55

113 2105 192 2151 ἄπ’
223 2107 393 2152 ἐκείνου
426 2111 680 2154 Φιλίππειον
707 2110 1002 2180 μισθοφόρων
1030 2127 1074 2154 τε
1104 2113 1295 2166 δύναμιν
1325 2110 1492 2164 ἀξιόλο-

111 2180 193 2220 γον
222 2164 513 2235 συνεστήσατο
542 2167 615 2210 καὶ
642 2171 730 2210 τῶν
754 2166 970 2222 Ἑλλήνων
1000 2167 1193 2219 πολλους
1223 2167 1294 2211 δια
1326 2169 1491 2213 τούτου

111 2221 408 2276 προετρέψατο
447 2222 670 2277 προδότας
707 2224 912 2294 γενέσθαι
950 2227 1039 2267 των
1076 2226 1311 2295 πατρίδων.
1381 2224 1492 2269 αλλὰ

113 2278 211 2331 περὶ
241 2278 321 2334 μὲν
349 2277 520 2322 τούτων
560 2282 607 2323 αἱ
642 2297 753 2324 κατα
793 2281 927 2336 μέρος
962 2279 1140 2334 πράξεις
1168 2281 1327 2325 ἕκαστα
1357 2282 1492 2338 δηλώ-

113 2344 280 2378 σουσιν.
336 2334 462 2405 ἡμεῖς
501 2333 545 2380 δ’
584 2336 654 2380 ἐπὶ
681 2336 758 2390 τὰς
788 2342 980 2394 συνεχεῖς
1008 2336 1183 2395 πράξεις
1211 2340 1494 2398 μεταβιβασο-
1523 2347 1578 2386 60

113 2405 194 2445 μεν
220 2390 298 2436 τὸν
326 2391 476 2449 λόγον.

203 2548 262 2585 88.
292 2549 354 2588 27.
400 2546 543 2608 ευθύς]
574 2550 670 2589 εὕθυ
696 2553 730 2588 Τ
753 2554 836 2589 Bas.
1022 2553 1079 2590 3⁷.
1127 2551 1197 2599 μεν
1220 2553 1320 2598 των]
1356 2552 1497 2590 invertit

114 2594 196 2628 Bas.
377 2597 435 2634 42.
481 2597 591 2634 πόλιν
623 2600 877 2645 Wesselingius
913 2611 955 2635 ex
985 2600 1165 2637 Gemisto.
1206 2600 1290 2635 libri
1331 2599 1494 2636 Πύδναν

113 2639 172 2675 48.
214 2637 377 2695 χρυσεια]
401 2641 536 2688 χρύσεα
559 2646 592 2690 Q
785 2647 841 2681 52.
890 2647 963 2683 αἰεὶ
985 2648 1016 2681 F
1200 2647 1258 2684 54.
1304 2648 1492 2692 χρυσουν]

123 2698 262 2730 ἴθυσαν
287 2688 351 2722 FY
373 2689 454 2724 Bas
613 2690 760 2729 55.τό
786 2693 950 2728 asterisco
974 2692 1110 2728 notavit
1133 2693 1333 2738 Stephanus

119 2733 352 2778 Φιλίππειον]
378 2736 575 2773 Φιλίππιον
598 2739 616 2772 1
800 2738 857 2773 57.
904 2739 1064 2797 τούτου]
1088 2740 1232 2775 τούτων
1255 2740 1386 2786 FQTY
1410 2740 1494 2774 Bas.

275 2782 545 2826 προςετρέψατο
578 2785 608 2818 F
660 2792 662 2794 ·
770 2785 828 2819 60.
876 2782 998 2829 3³10,
1029 2787 1160 2822 caeteri
1184 2784 1225 2824 δὲ
1385 2797 1494 2830 μετα·

113 2822 338 2871 βιβάσομεν]
361 2828 662 2875 μιταβιβάσωμεν
685 2830 749 2867 FY
771 2832 854 2868 Bas.
