1820 3249
289 109 400 150 1436
641 102 760 146 LIB.
790 102 904 145 XIX.
965 104 1094 146 CAP.
1125 109 1191 149 95.
1220 109 1288 149 96.

288 219 391 269 τούς
428 219 475 263 δὲ
515 215 878 290 διεγειρομένους
894 217 965 261 καὶ
1003 222 1252 274 χωροῦντας
1292 220 1350 271 εἰς
1386 218 1498 263 ὅπλα
1526 236 1651 278 κατη-

288 275 510 347 u6vttgov‘·
557 275 632 318 καὶ
669 273 804 327 πέρας
835 275 878 317 οἱ
914 275 992 328 μὲν
1026 277 1142 328 πεζοι
1171 276 1326 326 πάντες
1358 275 1649 345 ανῃρέθησαν,

289 337 377 376 τῶν
405 330 448 375 δ’
480 331 645 374 ἱππέων
672 331 944 387 διεσώθησαν
974 333 1033 382 εἰς
1064 333 1351 391 πεντήκοντα,
1382 336 1455 376 καὶ
1483 334 1652 377 τούτων

204 390 258 429 70
291 391 335 433 οἱ
361 390 535 439 πλείους
571 389 843 442 τραυματίαι.
886 389 930 431 οἱ
967 389 1044 442 μὲν
1074 393 1156 432 οὑν
1192 391 1289 443 περὶ
1317 390 1394 433 τόν
1421 389 1653 460 'sffifivoccov

290 446 339 489 ἐν
378 445 512 502 ἄρχῃ·
528 444 888 497 κατορθώσαντες
932 444 974 496 ἐξ
1011 444 1194 500 ὑστέρου
1235 446 1306 490 διὰ
1354 446 1432 502 τὴν
1486 447 1654 490 ἑαυτῶν

290 501 504 557 α’βουλίαν
531 506 691 545 τοῦτον
726 501 805 545 τόν
840 500 1005 554 τρόπον
1035 502 1294 558 ἐσφαλησαν.
1351 509 1445 553 ταῖς
1473 520 1555 558 γαρ
1587 502 1655 547 εὐ-

289 561 456 614 τυχίαις
498 560 652 602 εἴωθεν
692 575 750 609 ως
787 558 943 601 ἐπίπαν
983 557 1245 602 ακολουθεῖν
1285 562 1480 629 ῥςιθυμια
1509 577 1553 603 τε
1582 577 1655 603 και

289 614 629 671 καταφρόνησις.
697 612 857 680 διόπερ
900 615 1007 657 ἔνιοι
1053 616 1356 670 προςηκόντως
1402 615 1655 672 ὑπολαμβά

206 672 262 712 75
291 685 447 716 νουσιν
487 672 788 742 εὐχερέστερον
828 669 1039 726 ὑπάρχειν
1078 673 1306 728 συμφορὰς
1341 673 1531 727 ἐνεγκεῖν
1568 674 1658 717 ἐπι-

293 731 440 780 δεξίως
467 728 506 799 ἢ
547 729 621 780 τὰς
661 727 901 783 εὐμεγέθεις
937 727 1172 797 εὐημερίας
1204 729 1443 800 ἐμφρόνως.
1506 731 1551 773 αἱ
1579 730 1658 785 μὲν

292 786 376 842 γὰρ
409 784 482 829 διὰ
510 785 588 829 τὸν
615 785 714 837 περὶ
740 789 821 827 τοῦ
852 784 1083 839 μέλλοντος
1113 784 1258 840 φόβον
1291 786 1660 840 ἐπαναγκάζουσιν

295 844 609 896 ἐπιμελεῖσθαι,
648 843 694 884 αἱ
735 841 780 884 δὲ
819 841 891 884 διὰ
927 841 975 884 τό
1007 843 1272 900 προγεγονὸς
1301 842 1516 900 εὐτύχημα
1545 859 1658 898 προ-

293 899 524 954 τρέπονται
552 903 847 953 καταφρονεῖν
873 914 1061 941 παντων.

413 957 467 998 Οἱ
505 956 565 999 δὲ
593 957 842 1009 Ναβαταῖοι
878 956 980 1006 τοὺς
1014 957 1247 1011 πολεμίους
1284 956 1547 1007 κολασαντες
1588 954 1660 999 ἀν-

211 1001 266 1039 80
297 1013 490 1066 δρωδῶς,
523 1011 648 1055 αὐτοὶ
677 1011 756 1068 μὲν
784 1012 1033 1085 ἐπανῆλθον
1052 1015 1111 1064 εἰς
1139 1030 1217 1068 την
1244 1013 1406 1067 πέτραν
1434 1013 1486 1065 τὰ
1516 1013 1662 1068 σφέτε-

296 1084 354 1123 ρα
382 1067 706 1138 κεκομισμένοι·
738 1070 846 1122 πρὸς
874 1068 917 1113 6⁹
943 1069 1188 1125 Ἀντίγονον
1217 1071 1442 1140 ἐπιστολὴν
1471 1070 1664 1139 γράψαν-

294 1142 363 1176 τες
391 1128 579 1179 Συρίοις
613 1124 838 1181 γράμμασι
874 1130 962 1169 τῶν
992 1128 1068 1182 μὲν
1099 1143 1196 1181 περι
1224 1125 1456 1198 Ἀθήναιον
1486 1125 1664 1182 κατηγό-

208 1191 265 1235 85
297 1199 432 1253 ρουγ,
472 1182 582 1238 νπὲρ
626 1182 793 1225 ἑαυτῶν
832 1183 877 1226 δὲ
916 1182 1217 1238 ἀπελογοῦντο
1279 1202 1302 1226 ο
1344 1183 1386 1226 δ’
1423 1183 1664 1254 Ἀντίγονος

295 1239 562 1294 ἀντέγραψεν
591 1238 755 1291 αὐτοῖς,
786 1245 1129 1311 προςμαρτυρῶν
1159 1258 1216 1291 ως
1247 1243 1422 1290 δικαίως
1452 1242 1528 1294 μὲν
1556 1239 1664 1296 ἠμύ-

292 1312 454 1348 ναντο,
483 1313 572 1338 των
602 1297 648 1340 δὲ
677 1297 776 1349 περὶ
801 1295 1036 1367 Ἀθηναιον
1052 1297 1305 1367 κατηγόρει,
1337 1306 1519 1351 φασκων
1543 1298 1662 1350 παραὶ

292 1352 369 1404 τὰς
400 1353 635 1408 δεδομένας
672 1353 849 1404 ἐντολὰς
875 1352 958 1396 ὑπ’
1007 1352 1145 1397 αὐτοῦ
1175 1358 1439 1409 πεποιῆσθαι
1468 1371 1547 1408 την
1577 1354 1664 1396 ἐπί-

293 1415 436 1453 θεσιν.
495 1413 624 1453 τοῦτο
655 1408 696 1453 δ’
728 1410 905 1464 ἔπραττε
935 1410 1139 1464 κρύπτων
1167 1411 1245 1466 τὴν
1275 1411 1433 1454 ἑαυτοῦ
1463 1412 1664 1482 προαίρε

210 1475 265 1515 90
295 1478 366 1510 σιν
402 1466 476 1509 καὶ
516 1466 785 1537 βουλόμενος
824 1467 1127 1523 ὑπαγαγέσθαι
1165 1485 1269 1518 τους
1306 1467 1557 1535 βαρβαρους
1607 1469 1666 1517 εἰς

295 1524 544 1580 ῥαθυμίαν,
580 1523 700 1574 ὅπως
743 1522 1006 1575 ανελπίστως
1053 1525 1307 1597 ἐπιθέμενος
1352 1523 1543 1594 κρατήσῃ
1591 1540 1668 1578 της

295 1581 524 1637 ἐπιβολης·
577 1579 631 1624 οὐ
659 1598 752 1647 γαρ
775 1582 931 1638 ῥᾴδιον
959 1585 1017 1653 ἦν
1046 1582 1150 1625 ἀνευ
1182 1582 1316 1625 δόλου
1345 1582 1461 1632 τινός
1493 1580 1668 1633 ανδρῶν

295 1638 600 1707 περιγενέσθαι
639 1626 818 1692 νομάδα
852 1641 952 1692 βίον
995 1639 1268 1693 ἐζηλωκότων
1299 1641 1372 1680 καὶ
1410 1653 1668 1694 καταφυγην

212 1702 268 1744 95
298 1692 550 1752 ἅπρόςιτον
573 1693 762 1749 ἐχόντων
802 1712 882 1751 την
911 1695 1082 1760 ἔρημον
1143 1698 1186 1738 οἱ
1225 1695 1266 1738 δ’
1284 1695 1464 1751 ’Ἄραβες
1499 1711 1668 1763 περιχα-

298 1756 386 1804 ρεῖς
415 1751 508 1820 μὲν
521 1753 634 1806 ἦσαν
669 1752 738 1795 ἐπὶ
774 1755 834 1809 τῷ
865 1755 1012 1796 δοκεῖν
1041 1751 1337 1796 ἀπολελύσθαι
1348 1752 1563 1824 μεγάλων
1591 1749 1668 1805 φό-

297 1811 411 1878 βων,
455 1805 510 1851 οὐ
553 1808 638 1862 μὴν
675 1814 897 1860 παντελῶς
934 1809 1162 1853 ἐπίστευόν
1201 1826 1248 1865 γε
1293 1815 1385 1860 τοῖς
1419 1807 1670 1864 Ἀντιγόνου

298 1864 468 1920 λόγοις,
505 1863 614 1908 ἀλλα
654 1883 731 1916 τας
767 1866 941 1917 ἐλπίδας
970 1867 1138 1922 ἔχοντες
1167 1865 1545 1938 αμφιδοξουμένας
1575 1878 1672 1908 σκο-

297 1921 410 1973 πούς
439 1921 517 1978 μὲν
553 1922 818 1978 κατέστησαν
849 1923 916 1966 ἐπι
944 1929 1032 1966 τῶν
1069 1923 1243 1978 λόφων,
1282 1922 1363 1978 αφ’
1397 1927 1458 1966 ὠν
1497 1925 1551 1978 ἡν
1591 1921 1670 1977 ῥᾴ-

191 1985 270 2024 100
301 1980 400 2022 διον
440 1983 638 2048 συνορᾶν
682 1980 917 2048 πόρρωθεν
963 1982 1038 2030 τὰς
1083 1983 1140 2030 εἰς
1180 1982 1258 2036 τὴν
1293 1979 1499 2035 Ἀραβίαν
1547 1979 1672 2034 ἐμβο-

297 2033 394 2085 λας·
437 2032 562 2078 αὐτοὶ
582 2036 640 2082 δὲ
670 2037 981 2090 συνταξάμενοι
1021 2054 1072 2079 τα
1102 2037 1199 2091 περὶ
1230 2037 1412 2087 ἐαυτους
1438 2035 1672 2092 προςηκόν-

297 2109 382 2143 τως
411 2090 712 2143 ἐκαραδόκουν
741 2093 790 2135 τό
821 2091 1161 2148 ἀποβησόμενον.
1202 2092 1224 2136 6
1255 2092 1300 2136 δ’
1327 2093 1568 2148 Αντίγονος
1594 2109 1671 2146 φι-

299 2149 646 2218 λοποιησάμενος
681 2149 843 2220 χρόνον
879 2167 976 2192 τινα
1006 2167 1111 2200 τους
1141 2149 1416 2218 βαρβάρους,
1447 2150 1519 2194 καὶ
1550 2150 1671 2202 νομί-

300 2218 379 2256 σας
409 2205 571 2255 αὐτους
600 2205 959 2276 ἐξηπατημένους
969 2207 1325 2260 παραδεδωκέναι
1353 2205 1431 2249 τὸν
1460 2204 1563 2250 καθ’
1595 2223 1674 2247 αυ-

242 2268 268 2310 5
300 2266 387 2305 τῶν
425 2261 602 2318 καιρόν,
643 2262 824 2316 ἐξέλεξεν
860 2263 902 2316 ἐξ
943 2262 1111 2322 απάσης
1150 2268 1224 2320 τῆς
1265 2262 1488 2320 δυνάμεως
1517 2262 1674 2316 πεζοὺς

209 943 265 980 96

295 2376 353 2410 68.
389 2373 433 2410 δ’
469 2376 499 2410 F
680 2377 737 2411 71.
769 2375 807 2420 ἐξ
838 2373 1017 2422 ὖστέρου]
1041 2376 1234 2420 ἐξύστερον
1268 2378 1350 2411 Bas.
1393 2410 1395 2413 ,
1541 2375 1598 2409 73.
1632 2387 1669 2409 τε

296 2434 364 2455 om.
377 2423 459 2456 Bas.
485 2425 518 2455 et
530 2423 697 2468 Florileg.
722 2424 799 2457 Yat
823 2436 886 2467 pos
873 2425 1001 2458 tExc.
1015 2426 1089 2459 V.at
1113 2437 1147 2468 p.
1162 2424 1236 2457 145.
1248 2424 1302 2457 19.
1419 2421 1474 2457 75.
1501 2419 1667 2465 ἐνεγκεῖν]

295 2465 505 2512 υπενεγκεῖν
530 2470 654 2502 Floril.
792 2470 850 2504 77.
862 2469 1077 2525 ἐπαναγκ]
1109 2482 1303 2513 συναναγκ.
1335 2470 1413 2503 Fw
1437 2469 1533 2502 Flor.

297 2515 354 2550 78.
380 2528 491 2559 προγ
479 2512 602 2559 εγονό..
598 2516 619 2558 ·]
641 2514 891 2560 παραγεγονὸς
915 2518 993 2551 FW
1083 2517 1140 2550 79.
1164 2529 1347 2560 ευτνχημα
1371 2515 1555 2548 om.F101·.

299 2562 355 2595 80
375 2562 600 2609 Ναβαταῖοι]
627 2561 801 2605 Νομάδες
826 2563 906 2606 QW
1035 2563 1090 2598 82.
1115 2562 1383 2607 κεκομισμένοι]
1407 2558 1672 2603 κεκοσμημένοι

298 2608 384 2643 Bas.
508 2607 565 2642 88.
589 2611 831 2654 πεποιῆσθαι]
855 2610 1046 2645 ποιεῖσθαι
1065 2610 1124 2643 Fv
1249 2608 1291 2644 δ’
1315 2610 1398 2644 Bas.
1426 2616 1429 2618 ·
1504 2607 1571 2643 91.
1597 2605 1674 2641 ἐπι

542 2666 587 2688 ου
1465 2686 1470 2690 .

300 2700 432 2745 βολῆς]
456 2697 629 2744 ἐπιβολῆς
652 2701 681 2737 F
841 2701 897 2736 94.
933 2699 1000 2747 τὴν
1023 2700 1186 2748 ἔρημον]
1218 2701 1368 2748 ἔρημον»
1388 2702 1422 2736 Τ
1454 2700 1536 2734 Bas.

299 2747 356 2782 96.
389 2746 450 2791 γε]
486 2746 524 2781 τε
547 2748 628 2781 Bas.
766 2748 799 2783 2.
825 2744 865 2783 6’
885 2749 965 2783 Bas.
