1820 3249
696 170 810 212 Lm.
865 171 992 218 xlx.
1429 175 1537 218 1591

149 300 285 337 agmen
312 284 541 335 Antigonum
579 298 601 320 a
628 287 727 321 hollo
758 288 916 325 Eumeni
947 289 1146 324 ‚inferendo
1173 290 1307 326 avertit
1337 288 1437 341 [15.].
1465 292 1538 327 hoc

147 354 316 392 tempore
345 344 491 380 Attalus
525 345 714 389 ceterique
744 346 879 390 captivi
919 342 1034 393 [conf.
1063 347 1194 382 XVIII.
1216 345 1290 398 45.]
1322 359 1341 382 e
1371 349 1535 385 custodia

149 404 247 438 elabi
276 409 477 443 conantum
519 401 582 435 sed
619 401 868 437 circumventi
904 414 1029 438 rursus
1060 403 1100 438 in
1131 404 1336 439 custodiam
1374 407 1624 457 redeuntlffi·

149 457 252 509 [16.].
282 461 486 506 Antigonus
521 458 614 492 inita
642 457 814 493 societate
844 472 930 494 cum
960 461 1118 496 Seleuco
1145 468 1182 496 et
1210 463 1377 507 Pythone
1406 470 1532 498 movet
1565 480 1595 514 1·

145 519 183 552 in
215 520 444 563 Eurnqnem3
486 514 547 549 hic
576 521 700 550 autem
731 517 776 550 ad
804 517 934 563 Tigrin
962 519 1152 561 occurrit,
1182 524 1375 565 totamque
1403 520 1532 554 flumi-

147 575 203 609 nis
236 567 358 619 ripam
388 572 576 618 praesidiis
611 573 759 616 firmat,
800 575 961 619 acceptis
991 587 1011 609 e
1039 575 1160 612 Persia
1195 577 1350 613 auxiliis.
1405 579 1533 618 Persa-

145 643 233 670 rum
271 630 393 668 nuntii
432 630 569 668 celeres
606 629 646 664 in
687 630 844 676 speculis
883 631 1059 667 collocati
1104 632 1225 667 obiter
1271 633 1532 669 describuntur

146 685 248 736 [17.].
283 687 431 721 interea
460 687 666 732 Antigonus
695 687 785 722 Susa
819 696 1051 732 pervenerat.
1095 690 1182 724 inde
1218 701 1440 725 aerumnoso
1470 692 1532 725 iti·

143 756 236 781 nere
267 743 313 779 ad
343 746 526 789 Copraten
549 744 589 779 fl.
619 755 832 790 progressus
861 746 997 791 partim
1026 746 1181 781 navium
1211 748 1365 792 penuria
1394 748 1530 793 partim

144 801 467 838 Eumenianorum
508 802 649 846 impetu
688 801 727 836 in
765 813 954 837 summum
992 803 1151 838 incurrit
1189 804 1387 838 discrimen
1433 800 1533 853 [18.].

144 858 203 894 his
233 864 383 893 coactus
420 858 469 893 ad
507 858 637 892 urbem
671 858 874 903 Badacam,
914 860 1000 894 hine
1039 871 1129 895 vero
1168 871 1234 906 per
1262 861 1416 895 infestas
1446 862 1534 895 Cos-

145 927 317 950 saeorum
354 920 472 949 terras
513 927 600 949 cum
640 916 841 961 multiplici
882 916 989 953 clade
1025 918 1065 952 iu
1097 918 1264 952 Mediam
1305 920 1377 952 iter
1416 918 1535 952 flectit

148 969 247 1021 [19.].
277 972 315 1007 in
346 972 470 1007 Media
503 972 704 1006 exercitum
734 973 780 1007 ab
817 975 1004 1009 aerumnis
1032 981 1196 1017 recreat,
1227 975 1403 1022 novisque
1433 975 1532 1009 mili-

143 1030 241 1064 tibus
279 1035 389 1076 auget
419 1029 626 1075 Antigonus
659 1026 760 1078 [20.].
801 1031 950 1076 cognito
983 1032 1157 1077 Antigoni
1196 1031 1236 1066 in
1271 1033 1439 1067 Mediam
1470 1033 1534 1066 ad-

142 1093 256 1122 ventu
284 1092 443 1132 ortoque
477 1078 576 1120 inter
604 1086 722 1120 socios
752 1086 901 1123 dissidio
931 1088 1115 1123 Eumenes
1144 1089 1189 1122 ad
1219 1089 1391 1123 tutandas
1427 1100 1533 1135 supe—

141 1144 258 1179 riores
295 1143 474 1188 satrapias
504 1143 541 1176 in
572 1144 735 1184 Persiam
772 1155 810 1177 se
842 1146 1025 1179 convertit
1057 1142 1158 1193 [21.].
1193 1147 1382 1180 Peucestes
1415 1147 1533 1180 Persi·

140 1201 197 1236 dis
227 1207 375 1246 satrapa
403 1200 609 1234 exercitum
639 1200 828 1234 sociorum
866 1201 1075 1247 magnificis
1106 1202 1228 1247 epulis
1258 1203 1419 1248 excipit,
1449 1203 1532 1237 Ale·

142 1257 360 1303 xandroque
400 1263 437 1290 et
467 1257 639 1302 Philippo
680 1263 721 1291 ut
762 1257 829 1292 diis
869 1270 1019 1293 sacrum
1056 1259 1236 1301 instituit,
1279 1260 1531 1306 principatum

141 1314 284 1349 scilicet
314 1314 490 1348 affectans
524 1310 625 1362 [224
663 1314 741 1348 eius
768 1315 980 1360 superbiam
1010 1317 1194 1350 Eumenes
1223 1316 1319 1351 fictis
1349 1317 1394 1350 de
1424 1328 1531 1351 recu-

140 1378 271 1417 perato
309 1371 355 1406 ab
385 1370 605 1417 Olympiade
644 1382 762 1417 regno
804 1373 1016 1411 rumoribus
1057 1374 1234 1418 reprimit
1278 1369 1379 1422 [23.].
1420 1374 1532 1408 simul

140 1430 331 1472 comitate,
353 1428 466 1462 simul
495 1428 662 1474 pecuniis
689 1434 865 1463 mutuum
894 1430 1025 1464 sumtis
1050 1429 1151 1464 velut
1179 1430 1336 1476 pignore
1364 1430 1533 1465 omnium

139 1487 282 1525 animos
319 1485 513 1520 obstrictos
553 1491 669 1521 tenet.
711 1485 856 1520 interea
883 1487 1035 1521 nuntius
1071 1487 1220 1521 advenit
1248 1487 1478 1534 Antigonum
1514 1500 1533 1522 e

139 1543 265 1578 Media
302 1542 341 1577 in
378 1543 543 1578 Persiam
581 1553 743 1577 movere.
793 1544 980 1589 extemplo
1017 1545 1204 1582 Eumenes
1242 1544 1337 1578 hosti
1385 1545 1532 1580 obviam

139 1611 354 1646 progressus
390 1599 430 1634 iu
464 1599 586 1633 medio
624 1599 757 1634 itinere
786 1601 917 1634 morbo
949 1601 997 1635 ad
1027 1601 1171 1647 aliquot
1209 1600 1284 1635 dies
1322 1601 1535 1636 retardatur

138 1654 242 1705 [244
273 1662 400 1703 postea
439 1668 526 1690 cum
557 1657 699 1690 hostem
729 1665 916 1692 assecutus
947 1665 1061 1700 esset,
1102 1658 1271 1692 locorum
1303 1658 1394 1692 situs
1423 1670 1532 1703 proe-

138 1714 232 1749 lium
265 1725 338 1748 non
369 1714 529 1748 admisit.
568 1714 772 1759 Antigonus
800 1725 888 1748 vero
919 1715 1146 1751 Macedones
1174 1715 1221 1749 ab
1252 1715 1426 1749 Eumenis
1447 1727 1530 1761 par·

139 1771 239 1808 tibus
268 1777 436 1805 avertere
471 1771 613 1815 studet3
655 1783 748 1806 vano
786 1777 912 1806 tamen
944 1778 1079 1806 conatu
1111 1769 1197 1820 [25]
1228 1773 1412 1807 Eumenes
1441 1784 1529 1807 con-

138 1829 280 1864 iectans
327 1828 473 1863 hostem
515 1834 681 1874 spectare
718 1829 913 1864 Gabienen
960 1830 1151 1876 regionem
1196 1829 1435 1876 opulentam,
1489 1841 1533 1864 eo

138 1885 236 1919 clam
267 1890 426 1931 occupat
452 1886 535 1920 iter.
564 1885 803 1931 subsequitur
832 1886 1051 1932 Antigonus
1082 1886 1123 1921 in
1143 1888 1390 1921 Paraetacene
1419 1887 1534 1933 igitur

137 1942 412 1976 subsistendum
444 1949 522 1977 erat
554 1939 653 1990 [264.
684 1953 860 1977 numerus
891 1943 1085 1989 copiarum
1114 1943 1302 1988 Antigoni.
1351 1943 1532 1977 instructa

138 2000 237 2033 acies
274 1999 452 2034 Eumenis
488 1999 710 2043 describitur
749 1996 831 2045 [27.
870 1998 965 2048 28.].
1007 2000 1104 2036 acies
1141 2001 1315 2046 disposita
1357 2002 1529 2046 Antigoni

141 2053 242 2104 [294.
280 2057 449 2102 sequitur
484 2056 670 2101 proelium
700 2057 928 2091 acerrimum
961 2054 1060 2105 [.30.].
1092 2058 1248 2091 victoria
1287 2068 1420 2102 anceps
1450 2064 1530 2092 erat

139 2110 239 2161 [31.].
271 2113 469 2147 defunctus
499 2113 642 2159 proelio
675 2113 881 2159 Antigonus
914 2115 1115 2151 exercitum
1145 2115 1185 2149 in
1215 2114 1381 2149 Mediam
1411 2115 1527 2149 abdu-

137 2170 210 2213 xit,
240 2177 280 2204 ut
308 2181 393 2205 suos
424 2169 585 2216 largiore
614 2170 716 2205 victu
756 2176 794 2204 et
821 2171 945 2216 quiete
973 2171 1156 2209 reficeret.
1191 2172 1363 2207 similiter
1393 2173 1525 2207 Eume·

135 2238 204 2262 nes
232 2227 305 2262 suis
334 2227 502 2274 quietem
535 2228 716 2262 concessit
750 2223 851 2275 [52.].
888 2228 1130 2263 memorabile
1157 2228 1317 2263 duarum
1347 2239 1392 2262 ex
1421 2229 1528 2263 India

139 2290 396 2320 matronarum
426 2284 471 2318 de
502 2284 672 2319 obeunda
699 2284 738 2319 in
765 2284 898 2319 funere
927 2286 1055 2319 mariti
1074 2292 1195 2321 morte
1214 2292 1404 2320 certamen
1429 2283 1529 2334 [33.].

139 2341 273 2375 victrix
311 2341 439 2377 iunior
468 2342 637 2388 coniugis
665 2353 704 2376 se
741 2341 904 2375 flammis
936 2343 1147 2388 superiicit,
1191 2348 1227 2376 et
1256 2354 1344 2376 cum
1376 2354 1420 2377 eo
1451 2354 1532 2378 cre·

137 2404 276 2434 matur.
329 2404 480 2443 peracto
524 2399 657 2433 funere
699 2399 884 2435 Eumenes
925 2410 1062 2444 agmen
1100 2401 1140 2434 in
1178 2400 1374 2437 Gabienen
1416 2399 1530 2434 ducit.

139 2451 241 2502 [34.].
270 2456 311 2489 In
342 2455 490 2501 Europa
520 2456 723 2491 Cassander
751 2455 883 2490 relicta
918 2455 1169 2502 Peloponneso
1197 2456 1238 2491 in
1265 2456 1529 2491 Macedoniam

136 2517 270 2545 contra
301 2511 560 2558 Olympiadem
589 2518 728 2549 movet.
756 2512 949 2558 Olympias
980 2514 1218 2549 Aristonoum
1248 2525 1332 2548 cum
1364 2513 1529 2548 exercitu

138 2567 174 2603 ei
202 2568 352 2603 obviam
387 2569 514 2608 mittit.
549 2567 652 2618 [35.].
686 2570 751 2604 sed
781 2569 987 2604 Cassander
1017 2556 1278 2616 Olympiadem
1308 2571 1427 2616 ipsam
1458 2572 1527 2616 Py-

137 2625 233 2659 dnae
258 2625 443 2660 obsessam
471 2633 584 2661 tenet.
613 2626 729 2662 simul
757 2627 804 2661 ab
832 2638 909 2661 una
938 2633 1043 2673 parte
1071 2627 1268 2663 Aeacidam
1290 2639 1421 2673 regem
1440 2627 1529 2673 Epi-

136 2687 329 2724 rotarum,
371 2682 419 2716 ab
460 2684 578 2718 altera
616 2679 995 2730 Polys'perchontem‚
1024 2685 1164 2719 auxilio
1202 2690 1396 2729 venturos,
1427 2690 1528 2718 arcet

139 2735 239 2786 [36..]
276 2741 319 2774 ln
347 2739 431 2775 Asia
460 2741 666 2786 Antigonus
695 2746 864 2786 suscepto
901 2752 968 2787 per
999 2741 1143 2777 deserta
1179 2741 1362 2776 laborioso
1392 2740 1528 2775 itinere

136 2796 339 2830 Eumenem
381 2807 424 2831 ex
451 2797 653 2843 improviso
691 2798 902 2845 opprimere
931 2798 1103 2835 instituit.
1141 2799 1204 2834 scd
1233 2803 1396 2845 agrestes
1423 2796 1527 2832 adhi-
