1820 3249
449 175 713 218 LlB.X1x:
764 175 1152 218 CAP.109.116.
1372 177 1484 218 1449

117 290 342 346 νουμένης.
399 287 539 345 τούτῳ
584 287 631 331 δὲ
672 291 734 344 τῷ
771 287 932 354 τρόπωΙ
962 287 1066 339 τοὺς
1082 287 1303 356 δἘλληνας
1338 287 1386 330 ἐκ
1413 290 1488 341 τῆς

117 348 391 418 παρεμβολῆς
429 333 683 417 ἐκβαλόντες
721 344 975 414 ἐκράτησαν.
1053 344 1182 387 πάλιν
1222 343 1270 386 δὲ
1304 345 1346 387 οἱ
1390 345 1489 398 περὶ

116 403 195 446 τὸν
218 402 493 458 Ἀγαθοκλέα
510 399 608 445 κατ’
638 399 795 451 ἄλλους
825 401 986 452 τόπους
1015 400 1256 457 προςβολοὲς
1274 399 1484 443 ἐποιοῦν-

117 477 191 509 το,
220 461 294 504 καὶ
323 459 378 528 δή
405 462 482 515 τῆς
509 461 784 513 παρεμβολῆς
813 456 897 514 ἤδη
927 458 1044 501 κατα
1054 458 1239 511 κράτος
1240 456 1486 511 ἁλισκομέ-

117 533 197 586 νης
231 515 487 559 κατέπλευσε
525 520 616 564 τοῖς
652 516 971 583 Καρχηδονίοις
1009 514 1192 569 δύναμις
1240 514 1303 556 ἐκ
1324 513 1490 568 Λιβύης
1519 519 1574 558 70

118 570 382 622 ἀνέλπιστος.
441 570 508 615 διὸ
554 571 627 614 καὶ
669 578 760 621 ταῖς
807 577 964 626 ψυχαῖς
1010 571 1142 614 πάλιν
1187 569 1492 625 θαῤῥήσαντες

117 630 162 672 οἱ
191 645 268 684 μεν
307 628 353 671 ἐκ
381 631 455 683 τῆς
483 630 757 699 παρεμβολῆς
796 630 906 670 κατὰ·
936 627 1071 683 στόμα
1102 627 1410 676 ἐκινδύνευον,
1448 627 1492 668 οἱ

117 685 165 728 65
191 683 430 744 παρόντες
437 684 504 727 ἐπὶ
540 684 620 740 τῆν
651 684 862 754 {30635ccw
899 684 1043 727 κύκλω
1072 686 1345 736 περιίσταντο
1385 682 1492 733 τοὺς

105 739 328 808 ’Έλληνας
396 737 458 784 ὠν
497 741 852 797 τιτρωσκομένων
891 731 1175 794 παραδόξως,
1198 739 1226 796 ἡ
1258 740 1336 794 μὲν
1378 741 1491 808 μάχη

110 797 222 868 ταχὺ
261 797 552 852 παλίντροπος
593 798 786 869 ἐγένετο,
834 798 1022 853 ἔφευγον
1060 795 1178 840 δὀἱ
1207 796 1256 850 μὲ
1239 803 1290 839 εν
1325 797 1384 846 εἰς
1414 796 1491 838 τὸν
1519 795 1573 838 75

110 852 280 909 Ἱμέραν
317 853 621 909 ποταμόν,οἱ
661 853 700 924 δ’
733 856 793 906 είς
829 856 925 924 τὴν
937 850 1235 908 παρεμβολήν.
1263 869 1491 904 τετταρα-

114 927 253 954 κοντα
283 913 486 961 σταδίους
515 909 558 954 6'
582 911 766 980 ἐχούσης
795 915 882 982 τῆς
903 909 1230 966 ἀποχωρήσεως,
1253 910 1336 953 καὶ
1354 912 1492 951 ταῦτα

117 968 272 1022 σχεδόν
298 968 437 1037 πάσης
451 970 640 1038 πεδινῆς
672 967 827 1023 οὔσης,
865 968 1102 1011 ἐπεδίωκον
1135 983 1224 1009 των
1253 965 1492 1036 βαρβαρων

117 1025 282 1077 ἱππεῖς,
323 1023 406 1067 ουίι
445 1023 666 1075 ἐλάττονες
709 1024 832 1073 ὄντες
879 1025 1275 1079 πεντακιςχιλίων·
1308 1022 1378 1066 διὸ
1414 1021 1489 1065 καὶ

38 1089 106 1124 402
118 1080 279 1136 συνέβη
317 1080 395 1123 τὸν
432 1081 591 1135 μεταξυ
631 1080 768 1124 τόπον
799 1085 967 1133 νεκρῶν
999 1083 1307 1149 πληρωθῆναι,
1329 1077 1488 1132 ,πολλὰ
1518 1077 1572 1117 80

115 1136 476 1207 συμβαλλομένου
518 1138 593 1180 καὶ
631 1140 715 1180 τοῦ
750 1140 954 1206 ποταμοῦ
982 1137 1092 1190 πρὸς
1120 1153 1201 1190 την
1229 1140 1340 1204 τῷν
1346 1135 1490 1190 Ἑλλή-

113 1208 206 1236 νων
242 1191 470 1236 απωλειαν.
537 1193 628 1236 υπὸ
665 1191 780 1236 κύνα
822 1193 906 1263 γὰρ
945 1192 1081 1248 οὔσης
1120 1197 1196 1248 τῆς
1236 1191 1389 1245 ὥρας,
1407 1191 1489 1235 καὶ

113 1253 192 1294 τοῦ
222 1251 413 1319 διωγμοῦ
451 1249 551 1304 περὶ
585 1250 720 1302 μέσον
756 1249 918 1306 ἡμέρας
954 1249 1215 1319 γινομένου,
1252 1250 1297 1291 οἱ
1328 1248 1489 1291 ,πολλοὶ

113 1310 204 1349 τῶν
230 1305 483 1376 φευγόντων
520 1306 594 1350 διά
621 1323 666 1350 τε
694 1306 744 1350 τὸ
777 1311 933 1376 καῦμα
953 1307 1027 1350 καὶ
1055 1322 1137 1379 την
1164 1305 1211 1348 ἐκ
1238 1309 1314 1360 τῆς
1338 1309 1490 1375 φυγῆς
1517 1305 1571 1348 85

113 1361 414 1407 κακοπάθειαν
431 1363 603 1415 ἔκδιψοι
629 1362 855 1419 γενόμενοι
882 1362 1087 1418 λάβρως’
1074 1364 1238 1412 ε’πινον,
1261 1361 1336 1404 καὶ
1355 1360 1490 1404 ταῦθ’

114 1417 283 1463 ἁλυκοῦ
318 1423 400 1463 τοῦ
431 1419 646 1475 ῥεύματος
674 1420 812 1470 ὄντος
871 1420 1024 1475 διόπερ
1055 1417 1138 1463 οὐκ
1166 1418 1374 1468 ἐλάττους
1403 1434 1493 1461 των

113 1475 162 1519 ἐν
190 1479 251 1532 τῷ
281 1477 456 1544 διωγμῷ
483 1477 736 1532 σφαγέντων
767 1474 1013 1547 εὑρέθησαν
1040 1491 1159 1531 παρα
1188 1474 1267 1518 τόν
1295 1474 1494 1543 ποταμὸν

113 1520 455 1588 τετελευτηκότες
493 1533 693 1588 ἄτρωτοι.
768 1533 921 1576 ἔπεσον
963 1531 1007 1576 δ’
1037 1532 1084 1576 ἐν
1123 1535 1176 1587 τῇ
1208 1548 1322 1602 μαχῃ
1352 1530 1490 1586 ταύτῃ

112 1605 204 1632 των
231 1589 310 1661 μὲν
339 1589 575 1660 βαρβάρων
605 1591 703 1643 περὶ
731 1592 1057 1641 πεντακοσίους,
1087 1605 1176 1632 των
1205 1586 1247 1631 6'
1273 1587 1491 1643 Ἑλλήνων
1520 1595 1574 1635 90

115 1645 197 1690 οὐκ
226 1646 430 1696 ελαττους
457 1646 791 1702 έπτακιςχιλίων.

221 1700 489 1759 Ἀγαθοκλῆς
518 1704 564 1747 δὲ
591 1703 824 1761 τηλικαύτη
854 1706 1062 1759 συμφορᾷ
1091 1699 1356 1756 περιπεσών,
1386 1716 1492 1751 τους
1520 1707 1603 1746 110

113 1758 162 1802 ἐκ
189 1762 266 1831 τῆς
305 1764 467 1829 τροπῆς
497 1760 792 1810 διασωθέντας
821 1758 1000 1814 α’νέλαβε
1042 1759 1115 1802 καὶ
1150 1759 1230 1813 τὴν
1267 1760 1490 1828 παρεμβο-

113 1815 195 1870 λὴν
231 1815 451 1886 ἐμπρήσας
480 1818 540 1868 εἰς
577 1817 717 1860 Γέλαν
746 1815 1007 1872 απεχώρησε.
1059 1815 1289 1865 διαδόντος
1330 1812 1375 1856 δ’
1406 1813 1490 1856 αύ-
1519 1818 1573 1861 95

114 1874 197 1914 τοῦ
234 1871 367 1928 λόγον
408 1890 467 1923 ως
503 1890 613 1916 κατα
653 1874 851 1929 σπουδὴν
890 1875 949 1924 εἰς
979 1871 1274 1927 Συρακούσας
1314 1868 1490 1923 αναζευ-

113 1926 267 1983 γνύειν
295 1929 520 1984 διέγνωκε,
549 1931 792 1982 τριακόσιοι
820 1947 909 1973 των
938 1930 985 1972 ἐκ
1012 1929 1180 2001 Λιβύης
1209 1928 1375 1971 ιππέων
1409 1944 1490 1970 κα-

115 1985 170 2027 τὰ
205 1984 284 2039 τὴν
319 1985 468 2044 χώραν
479 1986 746 2059 ’περιέπεσόν
774 1999 860 2029 τισι
899 1991 987 2028 τῶν
1012 1985 1326 2042 Ἀγαθοκλέους
1357 1995 1490 2037 στρα-

113 2057 293 2085 τιωτων.
352 2044 415 2085 ὠν
452 2044 665 2086 εἰπόντων
704 2060 762 2094 ως
787 2042 1055 2098 Ἀγαθοκλῆς
1098 2045 1156 2092 εἰς
1194 2040 1489 2095 Συρακούσας

113 2095 470 2155 αποκεχώρηκεν,
508 2102 707 2155 είςηλθον
738 2102 796 2149 είς
835 2100 976 2143 Γέλαν
1007 2099 1064 2149 ὠς
1104 2101 1252 2168 φίλοι,
1284 2099 1357 2141 καὶ
1387 2100 1487 2140 δια-
1521 2098 1599 2138 100

113 2157 374 2206 ψευσθέντες
401 2172 478 2212 της
506 2156 678 2225 ἐλπίδος
705 2159 1123 2212 κατηκοντίσθησαν.
1184 2155 1207 2198 6
1239 2154 1280 2198 6'
1312 2153 1488 2209 ’-Αγαθο

114 2216 219 2267 κλῆς
258 2211 528 2256 συνέκλεισεν
559 2212 698 2256 αὑτὸν
736 2215 795 2263 εἰς
831 2230 912 2268 την
948 2215 1112 2264 Γέλαν,
1145 2210 1226 2255 οὐκ
1258 2209 1489 2254 αδυνατων

114 2269 174 2318 εἰς
201 2269 495 2322 Συρακούσας
528 2271 821 2339 διασωᾷιχναι,
853 2270 1122 2326 βουλόμενος
1153 2269 1199 2311 δὲ
1227 2268 1489 2338 περισπάσαι

113 2340 219 2375 τους
249 2328 578 2394 Καρχηδονίους
603 2325 713 2379 πρὸς
743 2342 821 2381 την
850 2328 1113 2380 πολιορκίαν
1141 2329 1216 2380 τῆς
1247 2325 1395 2376 Γέλας,
1427 2322 1488 2366 ι’ν’

117 2381 160 2423 οἱ
200 2381 473 2435 Συρακόσιοι
501 2383 668 2440 πολλην
708 2352 861 2427 &ffe‘mv
903 2388 1036 2438 σχῶσι
1075 2383 1334 2438 συγκομίσαι
1383 2380 1489 2430 τούς
1547 2378 1573 2418 5

116 2537 172 2572 76.
194 2538 348 2582 τετταρ-]
374 2550 515 2583 τεσσαρ.
542 2551 660 2575 omnes
753 2538 819 2583 δ’]
843 2541 925 2574 abes
929 2543 941 2575 t
964 2541 1008 2574 ab
1033 2539 1131 2574 libris
1207 2540 1267 2575 79.
1290 2538 1492 2583 ἐλάττονες]

118 2582 269 2618 ἔλασσον
291 2585 325 2618 Τ
351 2586 440 2625 ssas.
465 2585 655 2627 ἔλασσονες
676 2588 729 2621 ed.
754 2588 874 2631 Steph.
887 2612 897 2628 ,
922 2587 1050 2620 caeteri
1074 2584 1263 2626 ἐλάσσονες

209 2629 289 2665 402.
335 2629 392 2664 83.
425 2613 461 2664 όὶ
492 2634 641 2677 πολλοὶ]
677 2633 807 2668 πολλοὶ
842 2634 886 2667 W
919 2634 1039 2675 etqui
1069 2632 1254 2675 γινόμενοι
1279 2632 1308 2665 F

117 2673 176 2710 85.
199 2672 408 2720 γιγνόμενοι
430 2677 482 2719 Y,
508 2679 634 2713 caeteri
658 2679 845 2723 γινόμενοι
969 2678 1026 2714 86.
1051 2677 1215 2735 ἁλυκου]
1252 2675 1386 2713 αλικου
1407 2677 1490 2710 Bae.

299 2722 356 2756 93.
387 2721 497 2768 τούς]
531 2724 594 2759 καὶ
626 2725 714 2766 τούς
745 2727 775 2759 F
959 2725 1016 2759 95.
1053 2722 1098 2760 6’
1121 2736 1189 2760 om.
1217 2725 1248 2758 F
1429 2721 1487 2755 96-

119 2763 376 2822 ἀναζευγνύειν
407 2770 596 2816 διέγνωκε]
632 2767 866 2816 ἀναζευγνύει
897 2769 930 2804 Τ
963 2772 1047 2805 Bas.
1184 2771 1219 2804 2.
1239 2768 1487 2814 διασωθῆναι]

119 2811 367 2859 ἀποσωθῆναι
388 2815 483 2859 FQv
489 2817 531 2851 W
