1820 3249
236 1523 313 1558 105.

238 1749 317 1786 105.

244 2373 321 2408 105.

267 2427 302 2464 4.

325 187 438 229 1572
869 185 990 226 LIB.
1050 185 1176 228 XVI.

328 302 420 336 facit
448 301 486 334 in
519 299 694 346 Cyclades
723 300 881 343 insulas,
920 301 1090 347 ipsosque
1119 302 1355 337 Athenienses
1383 302 1476 336 duce
1505 302 1710 336 Leosthene

328 359 368 392 in
398 358 601 404 Peparetho
639 354 761 392 insula
796 359 944 392 relictos
983 358 1133 393 infestat
1171 367 1210 394 et
1246 360 1388 393 damnis
1428 359 1558 397 afficit.
1616 360 1709 392 Leo-

329 416 476 449 sthenes
505 415 551 448 ob
582 426 663 449 rem
684 415 782 449 male
801 422 943 461 gestam
973 416 1101 461 capitis
1131 417 1350 451 damnatur:
1380 416 1541 450 mittitur
1568 427 1637 460 pro
1666 425 1709 447 eo

332 473 488 515 Chares,
524 471 646 517 priore
685 472 799 516 peior.
825 463 827 465 ¹
852 472 1129 517 Dionysodorus
1168 480 1203 507 et
1242 474 1374 507 Anaxis
1416 472 1592 506 historici.
1633 472 1708 505 iam

328 529 514 564 Diodorus
542 528 739 563 transitum
769 535 874 576 parat
906 530 953 563 ad
984 530 1196 574 proximum
1224 531 1363 566 librum
1391 527 1492 578 [95]-

872 650 990 691 LIB.
1047 648 1179 690 XVI.

442 758 485 792 Iu
513 756 705 801 prooemio
737 755 924 791 Diodorus
954 768 995 790 ea
1024 757 1150 790 laudat
1180 768 1293 802 opera
1329 756 1506 791 historica
1535 767 1626 801 quae
1656 765 1713 788 res

329 819 450 860 gestas
487 814 533 847 ab
562 814 667 847 initio
697 825 813 860 usque
843 814 888 846 ad
923 814 1036 847 finem
1073 815 1184 859 plena
1221 821 1258 847 et
1295 815 1469 847 continua
1505 813 1714 846 narratione

327 877 550 917 proponant.
581 870 737 915 proinde
767 871 964 904 annuntiat
992 882 1029 905 se
1058 871 1097 904 in
1129 871 1336 904 enarranda
1366 870 1526 915 Philippi
1561 869 1715 903 historia

329 927 486 962 eandem
513 927 732 960 methodum
761 933 988 961 secuturum.
1033 928 1131 961 vitae
1158 928 1268 962 huius
1297 929 1394 973 regis
1424 926 1623 973 praecipua
1653 937 1712 959 ca-

304 985 425 1039 ·pita,
456 984 630 1028 deinceps
659 983 808 1018 uberius
837 984 1078 1029 explicanda,
1106 996 1218 1030 parva
1252 985 1354 1018 velut
1389 985 1517 1018 tabula
1547 983 1712 1017 indican-

327 1047 388 1074 tur
420 1037 495 1088 [l.].
538 1040 701 1086 Philippi
737 1041 896 1086 pueritia
933 1042 1070 1075 Thebis
1108 1042 1226 1085 culta,
1266 1041 1328 1075 ubi
1362 1042 1465 1075 obses
1504 1041 1711 1074 tenebatur.

327 1104 409 1144 post
437 1098 554 1143 patris
583 1098 765 1142 Amyntae
795 1098 1029 1144 fratrumque
1059 1105 1151 1132 natu
1186 1098 1372 1131 maiorum
1404 1099 1547 1132 obitum
1577 1097 1713 1141 Philip-

327 1166 395 1200 pus
435 1154 602 1188 custodia
641 1154 787 1200 elapsus
823 1166 981 1200 regnum
1019 1156 1184 1189 hostibus
1222 1167 1389 1200 pressum
1424 1155 1624 1198 multisque
1653 1163 1712 1187 ae-

327 1211 440 1246 mulis
480 1211 689 1257 appetitum
733 1211 916 1256 suscipere
958 1219 1113 1246 conatur
1154 1209 1231 1259 [2].
1279 1212 1422 1246 animos
1460 1211 1712 1246 Macedonum

327 1269 489 1314 trepidos
518 1279 649 1313 resque
670 1268 830 1302 afflictas
852 1269 1041 1314 Philippus
1070 1269 1180 1314 erigit
1211 1275 1246 1302 et
1275 1270 1402 1302 firmat
1431 1280 1517 1301 cum
1548 1268 1712 1300 oratione

326 1332 409 1360 tum
439 1325 654 1371 disciplinae
693 1325 865 1358 militaris
895 1325 1170 1361 emendatione.
1216 1332 1258 1359 ut
1287 1325 1566 1359 Atheniensium
1594 1324 1713 1357 studia

329 1382 519 1425 eluderet,
551 1381 791 1426 Amphipolin
829 1382 986 1426 imperio
1028 1383 1175 1417 exemit.
1233 1385 1423 1416 Paeonum
1460 1382 1602 1427 legatos
1633 1393 1714 1414 mu·

328 1439 478 1472 neribus
507 1439 739 1482 conciliavit3
777 1440 998 1474 Pausaniam
1026 1440 1135 1485 regni
1165 1439 1358 1473 aemulum
1387 1451 1407 1472 a
1434 1438 1620 1484 proposito
1651 1438 1712 1471 de-

328 1496 446 1541 pulit3
485 1495 672 1529 Mantiam
709 1500 747 1529 et
786 1497 974 1542 Argaeum
1012 1496 1154 1541 proelio
1193 1496 1294 1530 vicit.
1331 1502 1412 1529 tum
1442 1495 1618 1530 Crenides
1648 1506 1713 1540 per

326 1553 477 1588 Thasios
506 1552 660 1586 coloniis
689 1557 832 1587 auctae.
862 1553 991 1586 notitia
1022 1553 1254 1598 Theopompi
1285 1553 1366 1587 Chii
1399 1549 1475 1600 [⁸..]
1504 1564 1594 1598 pace
1626 1563 1711 1586 cum

328 1609 609 1644 Atheniensibus
639 1609 741 1644 facta
769 1610 958 1655 Philippus
994 1611 1154 1644 Paeones
1183 1610 1280 1643 bello
1319 1610 1476 1656 subegit.
1524 1611 1599 1643 iam
1629 1609 1711 1653 llly-

329 1667 404 1701 rios
429 1666 543 1700 etiam
573 1666 725 1700 adortus
753 1667 982 1711 recuperatis
1009 1668 1154 1701 cunctis
1183 1666 1423 1701 Macedoniae
1454 1667 1606 1701 urbibus
1625 1677 1710 1699 cum

328 1735 418 1770 rege
445 1723 597 1769 Bardyli
633 1734 764 1769 pacem
793 1724 883 1758 fecit
915 1721 993 1772 [4η]
1040 1725 1084 1758 In
1122 1724 1247 1759 Sicilia
1276 1724 1474 1769 Dionysius
1502 1724 1626 1758 iunior
1654 1734 1710 1755 re-

329 1793 446 1827 gnum
475 1793 496 1814 a
526 1787 631 1826 patre
659 1786 856 1826 acceptum
890 1781 1026 1815 desidia
1055 1787 1092 1814 et
1120 1781 1255 1815 inertia
1283 1780 1462 1826 disperdit
1495 1777 1571 1828 [η.],
1613 1781 1711 1814 Dion

328 1838 526 1883 Hipparini
555 1837 652 1871 filius
670 1864 679 1881 ,
709 1838 881 1882 Dionysii
909 1838 1109 1883 superioris
1138 1838 1320 1872 secundae
1349 1838 1472 1871 uxoris
1501 1838 1635 1881 frater,
1667 1837 1714 1870 ob

328 1895 552 1940 multiplices
582 1895 735 1928 virtutes
763 1901 924 1940 tyranno
955 1896 1092 1930 invisus
1121 1902 1158 1929 et
1186 1896 1268 1929 neci
1298 1894 1511 1938 destinatus,
1542 1895 1581 1928 in
1611 1894 1713 1938 Pelo-

328 1963 532 1997 ponnesum
563 1951 730 1998 aufugit,
767 1958 803 1986 et
833 1952 1002 1987 Corinthi
1040 1963 1150 1986 naves
1180 1953 1394 1997 militesque
1425 1958 1635 1997 comparat,
1668 1950 1712 1984 ad

327 2009 561 2042 liberandam
596 2009 756 2053 patriam
794 2009 832 2042 in
862 2009 1027 2043 Siciliam
1055 2010 1285 2043 transmissos
1317 2006 1392 2056 [6η]
1445 2011 1516 2044 Res
1555 2020 1713 2042 coaevae

329 2072 692 2099 commemorantur:
733 2066 1029 2100 Tauromenium
1074 2066 1114 2100 in
1149 2068 1253 2100 Naxo
1301 2065 1422 2099 insula
1466 2066 1641 2108 condita3
1673 2065 1730 2098 in>

328 2123 480 2157 Euboea
508 2121 640 2156 seditio
673 2129 767 2165 orta,
797 2129 834 2156 et
863 2135 883 2156 a
914 2123 1052 2157 duabus
1081 2123 1306 2156 factionibus
1336 2123 1504 2156 Thebani
1535 2129 1572 2156 et
1603 2122 1714 2156 Athe-

329 2179 473 2214 nienses
503 2178 691 2221 advocati3
721 2179 870 2213 Bellum
899 2180 1035 2213 sociale
1065 2180 1112 2213 ab
1147 2179 1427 2213 Atheniensibus
1455 2178 1494 2212 in
1518 2180 1636 2213 socios
1658 2191 1714 2212 re-

329 2236 444 2270 belles
489 2242 636 2282 gestum
678 2232 756 2283 [7..]
803 2236 994 2281 Philippus
1034 2236 1187 2271 devictis
1226 2236 1360 2281 Illyriis
1397 2236 1715 2281 Amphipolitanos

329 2293 495 2339 subegit3
525 2304 611 2326 mox
639 2293 804 2337 Pydnam
840 2293 951 2327 etiam
982 2299 1018 2327 et
1048 2293 1274 2330 Potidaeam.
1332 2293 1509 2326 Crenidas
1543 2304 1561 2326 e
1590 2293 1715 2326 nomi—

332 2360 379 2383 ne
407 2361 471 2383 suo
502 2349 690 2395 Philippos
718 2349 901 2396 appellat,
931 2350 1055 2396 ibique
1084 2350 1312 2385 aurifodinas
1342 2349 1494 2394 excolit,
1527 2349 1624 2384 unde
1655 2350 1713 2384 iu-

331 2413 458 2452 gentes
488 2418 575 2452 opes
613 2406 661 2440 ad
690 2406 813 2452 ipsum
841 2407 1000 2441 redeunt
1034 2404 1112 2455 [8..]
1158 2407 1304 2441 Bellum
1339 2406 1469 2440 Dionis
1498 2405 1538 2440 in
1569 2407 1712 2451 Diony-

331 2463 428 2497 sium
457 2463 605 2497 Siciliae
633 2468 851 2508 tyrannum.
894 2475 913 2497 e
941 2465 1130 2510 Zacyntho
1158 2464 1205 2497 ad
1240 2463 1410 2497 Minoam
1439 2463 1572 2497 urbem
1602 2463 1712 2497 adve-

332 2526 436 2554 ctum
463 2520 624 2555 Dionem
652 2521 790 2566 recipit
816 2521 978 2565 Paralus,
1004 2520 1364 2566 Carthaginiensium
1380 2521 1602 2565 praefectus,
1635 2520 1711 2554 eius

333 2577 487 2611 amicus.
525 2577 625 2610 ultro
657 2577 703 2610 ad
732 2588 819 2612 eum
846 2578 1023 2612 deficiunt
1050 2577 1199 2612 Siciliae
1227 2577 1377 2622 populi3
1402 2577 1457 2611 his
1486 2588 1523 2611 se
1552 2579 1712 2623 iungunt

334 2634 474 2668 Graeci
502 2643 546 2667 ex
574 2633 682 2667 Italia
713 2630 791 2681 [9..]
840 2635 1041 2680 Dionysius
1070 2635 1238 2680 quamvis
1267 2634 1385 2668 aciem
1416 2641 1545 2668 contra
1574 2635 1710 2668 instru-

334 2692 460 2735 xisset,
489 2697 614 2725 tamen
644 2689 764 2733 Dion,
795 2690 855 2725 cui
885 2691 1040 2736 populus
1067 2691 1235 2734 favebat,
1265 2691 1395 2725 urbem
1424 2692 1620 2735 Syracusas
1651 2701 1710 2723 oc-

336 2754 449 2793 cupat
479 2744 581 2794 [10.].
614 2746 834 2791 Syracusani
863 2759 991 2783 omnes
1021 2749 1185 2783 Dionem
1220 2759 1308 2781 cum
1337 2759 1481 2782 summa
1512 2753 1712 2793 congratu-

334 2805 473 2839 latione
503 2803 698 2850 recipiunt.
737 2804 793 2838 his
829 2804 965 2839 auditis
995 2805 1212 2852 Dionysius,
1252 2810 1335 2839 tum
1363 2804 1461 2851 circa
1492 2803 1712 2839 Cauloniam
