1820 3249
320 142 431 183 1034
691 139 808 180 LlB.
838 139 926 180 XV.
985 139 1114 181 cAl’.
1143 143 1212 182 92.
1247 143 1315 182 93

241 253 295 295 55
324 248 384 294 δι’
424 247 630 304 ἀνδρείαν
665 250 740 293 καὶ
781 249 1068 318 στρατηγικὴν
1111 249 1290 294 σύνεσιν
1330 249 1684 309 τεθαυμασμένῳ.

324 310 406 350 τοῦ
443 307 491 351 δε
524 309 737 350 ναυτικοῦ
771 305 851 360 τὴν
887 309 1148 376 στρατηγίαν
1175 307 1399 361 ἐνεχείρισε
1427 308 1598 363 Χαβρία
1626 324 1684 363 τῳ

319 363 560 433 Ἀθηναίῳ,
589 364 774 432 δημοσίᾳ
803 362 882 417 μὲν
909 361 995 406 ὑπὸ
1026 380 1102 418 της
1130 365 1339 417 πατρίδος
1371 361 1454 406 οὐκ
1483 362 1687 405 απεσταλ-

324 421 453 479 μένῳ,
482 422 572 463 ἰδία
601 420 647 463 δὲ
676 419 763 462 ὑπὸ
792 423 871 462 τοῦ
901 420 1109 475 βασιλέως
1139 418 1441 472 συστρατεύειν
1470 419 1687 474 πεπεισμέ-

240 483 293 521 60
322 493 397 532 νῳ.
459 476 591 526 αὐτὸς
620 475 665 519 δὲ
693 479 781 519 τῶν
808 478 1057 545 Αἰγυπτίων
1087 476 1194 531 ἔχων
1227 476 1449 544 [ἅπασαν]
1482 476 1563 530 τήν
1590 475 1687 531 ἡγε-

321 535 481 589 μονίαν
509 534 582 576 καὶ
612 531 849 599 στρατηγός
879 533 943 576 ω“ν
971 532 1141 587 ἁπάσης
1168 535 1244 587 τῆς
1273 531 1498 587 δυνάμεως
1525 531 1687 588 Ἀγησι-

321 590 412 646 λαῳ
449 590 528 645 μὲν
564 588 940 645 συμβουλεύσαντι
974 589 1118 644 μένειν
1154 589 1223 632 ἐπὶ
1250 593 1327 645 τῆς
1356 589 1584 644 Αἰγύπτου
1613 589 1688 631 καὶ

323 647 395 691 δια
426 650 515 689 τῶν
550 650 802 702 στρατηγῶν
829 646 908 689 τὸν
937 645 1128 700 πόλεμον
1166 648 1349 689 διοικεῖν
1390 645 1444 688 οὐ
1482 644 1686 700 προςέσχε

322 707 466 753 καλῶς
505 704 860 774 συμβουλεύοντι.
915 706 992 758 τῆς
1020 702 1102 757 γὰρ
1133 701 1358 757 δυναμεως
1386 701 1688 770 προελθούσης

237 761 291 803 65
320 759 585 815 πορρωτέρω
627 759 699 802 καὶ
734 759 833 811 περὶ
879 760 1092 827 Φοινίκην
1140 757 1687 828 καταστρατοπεδευούσης,

323 815 346 860 6
385 815 708 870 καθεσταμένος
748 815 817 858 ἐπὶ
855 819 930 870 τῆς
969 813 1194 882 Αἰγύπτου
1243 817 1481 869 στρατηγὸς
1528 813 1688 869 απέστη

321 871 408 916 απὸ
450 876 532 915 τοῦ
574 871 810 925 βασιλέως,
866 870 1218 941 διαπεμψαμενος
1259 872 1304 914 δὲ
1341 871 1454 927 πρός
1481 869 1559 913 τὸν
1587 871 1689 914 υἱόν

321 928 605 1001 Νεκτανεβώ,
634 945 708 972 και
739 930 890 978 πείσας
919 926 1174 983 αντέχεσθαι
1201 930 1276 997 τῆς
1304 927 1351 970 ἐν
1379 926 1584 984 Αἰγύπτῳ
1616 921 1711 981 βα-

321 987 503 1036 σιλείας,
554 985 689 1040 μέγαν
717 986 908 1041 πόλεμον
936 985 1175 1036 ἐξέκαυσεν.
1231 984 1375 1040 ογάρ
1406 983 1690 1053 Νεκτανεβως

235 1048 291 1087 70
319 1042 408 1087 ὑπὸ
434 1045 515 1085 τοῦ
546 1041 752 1098 βασιλέως
780 1041 1035 1096 τεταγμένος
1055 1039 1243 1111 ἡγεμων
1278 1045 1366 1083 τῶν
1394 1040 1437 1093 ἐξ
1465 1039 1689 1096 Αἰγύπτου

318 1103 607 1153 στρατιωτῶν,
637 1100 711 1142 καὶ
738 1099 954 1167 πεμφθεὶς
982 1097 1067 1141 απὸ
1098 1115 1172 1168 της
1198 1099 1427 1166 Φοινίκης
1435 1101 1690 1151 πολιορκεῖν

318 1156 394 1207 τὰς
434 1155 481 1199 ἐν
520 1159 574 1212 τῇ
616 1157 764 1210 Συρίᾳ
802 1154 966 1206 πόλεις,
1006 1155 1294 1225 συγκάταινος
1328 1153 1561 1210 γενόμενος
1597 1158 1691 1203 ταῖς

319 1217 400 1256 τοῦ
429 1214 594 1264 πατρός
621 1212 845 1268 ἐπιβολαῖς
876 1210 983 1262 τούς
1011 1211 1090 1266 μὲν
1116 1209 1332 1279 ἡγεμόνας
1362 1212 1557 1265 δωρεαῖς,
1587 1209 1691 1260 τούς

235 1270 289 1313 75
320 1270 367 1314 δὲ
397 1267 661 1322 στρατιώτας
691 1269 959 1338 ἐπαγγελίαις
986 1266 1362 1321 προτρεψάμενος,
1393 1267 1532 1310 ε’πεισε
1563 1278 1691 1309 συνα-

317 1325 532 1397 γωνιστὰς
571 1324 784 1381 γενέσθαι.
844 1323 965 1375 τέλος
1000 1325 1046 1368 δὲ
1088 1325 1439 1393 καταληφθείσης
1475 1323 1561 1366 ὑπὸ
1602 1339 1689 1365 των
1704 1329 1749 1363 76

320 1383 577 1427 ἀποστατῶν
619 1385 694 1451 τῆς
733 1379 988 1435 Αἰγύπτου,
1030 1379 1053 1424 ὁ
1098 1396 1176 1435 μεν
1221 1379 1370 1435 Ταχώς
1407 1380 1692 1433 καταπλαγεὶς

318 1439 526 1494 ἐτόλμησε
567 1437 639 1481 δια
680 1441 756 1492 τῆς
781 1436 981 1493 Ἀραβίας
1011 1435 1228 1493 ἀναβῆναι
1256 1436 1366 1491 πρὸς
1393 1437 1471 1480 τὸν
1500 1436 1690 1506 βασιλέα,

318 1497 392 1541 καὶ
422 1494 682 1550 συγγνώμην
712 1493 833 1563 ἠξίου
863 1496 1022 1536 δοῦναι
1049 1495 1147 1547 περὶ
1175 1497 1264 1536 τῶν
1292 1493 1627 1564 ἡμαρτημένων·
1666 1491 1689 1537 6

234 1558 288 1596 80
319 1553 365 1597 δὲ
400 1551 675 1606 Ἀρταξέρξης
713 1548 767 1594 ου’
807 1549 948 1618 μόνον
986 1549 1118 1595 αὐτὸν
1159 1548 1342 1593 ἀπέλυσε
1369 1554 1458 1593 τῶν
1487 1549 1693 1604 ἐγκλημά-

315 1625 417 1660 των,
450 1607 563 1651 αλλα
592 1608 664 1652 καὶ
694 1605 936 1665 στρατηγὸν
965 1606 1156 1660 ἀπέδειξε
1183 1611 1266 1650 τοῦ
1296 1605 1407 1661 πρὸς
1427 1607 1694 1671 Αἰγυπτίους

314 1665 420 1711 πολέ
455 1682 522 1708 ου.

231 1727 288 1766 93
422 1683 545 1765 aaa,
577 1719 726 1793 ὀλίγον
755 1719 801 1762 δε
831 1719 855 1763 ὁ
883 1736 963 1774 μεν
986 1719 1187 1776 βασιλεὺς
1208 1722 1298 1762 τῶν
1321 1722 1506 1772 Περσῶν
1534 1719 1693 1763 ετελεύ-

234 1782 288 1824 85
318 1790 447 1835 τησεν
476 1777 607 1831 α’ρξας
636 1778 706 1832 ε’τη
736 1778 836 1834 τρία
866 1775 976 1830 πρὸς
1013 1781 1106 1826 τοῖς
1142 1792 1484 1830 τετταρακοντα,
1528 1792 1610 1830 την
1645 1776 1691 1819 δὲ

320 1837 544 1906 βασιλείαν
575 1833 787 1885 διεδέξατο
819 1828 948 1888 Ὦχος
984 1832 1007 1876 ὁ
1038 1833 1377 1888 μετονομασθεὶς
1402 1831 1691 1888 Ἀρταξέρξης,

281 1924 284 1928 -
318 1894 391 1937 καὶ
433 1893 709 1946 ἐβασίλευσεν
750 1889 820 1944 ἔτη
860 1891 961 1943 τρία
997 1889 1107 1944 πρὸς
1144 1895 1232 1940 τοῖς
1272 1891 1421 1932 ε’ίκοσι
1477 1893 1560 1932 τοῦ
1603 1906 1690 1945 γαρ

313 1947 594 2004 Ἀρταξέρξου
622 1949 764 1997 καλῶς
793 1945 1163 2016 βεβασιλευκότος
1178 1946 1252 1990 καὶ
1279 1945 1519 2015 γενομένου
1540 1961 1690 1989 παντε-

319 2011 403 2057 λῶς
434 2007 657 2062 εἰρηνικοῦ
694 2004 768 2046 καὶ
799 2004 1050 2059 ἐπιτυχοῦς,
1089 2002 1194 2053 τούς
1222 2018 1327 2058 μετα
1364 2006 1523 2046 τοῦτον
1561 2006 1691 2075 ss'ocffl—

233 2069 288 2108 90
314 2063 526 2113 λεύοντας
557 2058 861 2129 μετωνόμαζον
889 2061 962 2103 καὶ
984 2060 1064 2131 τὴν
1089 2059 1251 2103 τούτου
1268 2060 1565 2128 προςηγορίαν
1583 2060 1691 2127 ἔχειν
1720 2091 1723 2093 -

316 2119 618 2174 προςέταττον
664 2122 744 2160 τοῦ
775 2117 821 2160 δὲ
851 2116 1060 2172 βασιλέως
1093 2116 1217 2171 Ταχώ
1247 2114 1566 2166 ἐπανελθόντος
1583 2114 1692 2169 πρὸς

316 2194 422 2226 τους
452 2176 551 2228 περὶ
579 2175 655 2217 τὸν
683 2171 959 2228 Ἀγησίλαον,
1003 2173 1290 2243 Νεκτανεβῖως
1316 2171 1540 2242 ἠθροικώς
1569 2184 1691 2226 στρα

316 2233 472 2283 τιώτας
506 2233 680 2280 πλείους
708 2233 796 2272 τῶν
826 2231 929 2274 δέκα
955 2229 1185 2286 μυριαδων
1212 2231 1316 2285 ἡκεν
1347 2230 1413 2272 ἐπὶ
1443 2229 1521 2272 τὸν
1553 2228 1690 2298 Ταχώ,

234 2290 289 2332 95
318 2291 391 2335 καὶ
423 2292 708 2345 προεκαλεῖτο
745 2287 845 2342 περὶ
880 2291 957 2344 τῆς
993 2288 1211 2343 βασιλείας
1241 2287 1603 2342 διαγωνίσασθαι.
1664 2285 1688 2329 ὁ

313 2453 372 2489 54.
419 2450 578 2495 ἀνδρίαν
600 2452 631 2486 F
817 2449 875 2486 55.
914 2450 976 2487 καὶ
1001 2451 1193 2495 στρατηγ.]
1226 2460 1394 2506 στρατηγ.
1419 2452 1450 2484 Λ
1632 2450 1690 2485 59.

315 2498 467 2536 ἅπασαν
491 2500 543 2531 de'
548 2504 581 2532 et
603 2497 767 2532 Reisldus
951 2497 1008 2532 60.
1057 2496 1251 2540 δυνάμεως
1273 2498 1333 2533 F1
1359 2494 1557 2540 ἡγεμονίας
1581 2509 1635 2541 γρ.
1662 2498 1691 2530 F

315 2557 397 2581 cum
420 2545 567 2579 caeteris
726 2543 784 2577 67.
812 2541 1047 2601 Νεκτανεβω]
1075 2546 1175 2580 Νεκν
1162 2540 1298 2588 νεναβω
1323 2544 1351 2576 Ι
1355 2544 1456 2586 11<Q=
1482 2548 1515 2577 et
1535 2543 1585 2576 sic
1602 2555 1690 2576 sem-

306 2603 400 2637 spel·>
498 2612 501 2614 -
571 2589 628 2625 71
676 2586 771 2633 ἆπὸ]
814 2589 854 2624 ἐκ
884 2590 913 2623 Λ
1095 2589 1153 2623 Ί2.
1201 2588 1471 2633 συγκάταινος]
1512 2588 1690 2634 συγκατά-

319 2651 408 2678 νονς
430 2637 526 2670 Allh
709 2635 767 2670 73.
817 2634 1031 2682 ἐπιβολαῖς]
1057 2633 1269 2680 ἐπιβουλαῖς
1291 2637 1388 2670 FHL

408 2683 465 2716 76
503 2682 562 2717 76.
611 2682 939 2726 καταληφθείσης]
972 2681 1224 2725 καταληφθεὶς
1257 2682 1284 2716 Α
1471 2681 1527 2716 80.
1575 2678 1691 2715 αὐτόν

316 2741 386 2766 om.
412 2730 446 2766 K
630 2727 687 2761 84.
720 2728 815 2771 πρὸς
839 2728 936 2769 Flu,
960 2727 1085 2762 caeteri
1110 2726 1178 2763 σὺν
1361 2727 1417 2762 89.
1448 2727 1597 2770 τοῦτον]
1623 2728 1692 2761 τοῦ

317 2778 349 2810 Κ
534 2773 590 2808 91.
645 2772 774 2819 Ταχώ]
813 2770 943 2819 Ταχώς
966 2773 1001 2807 Η
