1820 3249
265 119 376 160 13:38
659 118 774 159 1218.
803 117 910 161 XIX.
937 116 1101 163 ·cAl’.
1127 123 1167 163 3.
1196 124 1238 164 4.

265 222 329 271 ῶν
355 226 410 271 τά
436 227 549 271 κατὰ
573 227 705 299 μέρος
733 227 761 285 ἦ
789 229 875 284 πρὸ
883 230 1063 303 ταύτης
1091 231 1274 287 περιέχει
1295 228 1459 302 βίβλος.
1513 243 1639 276 συνε-

241 284 523 342 στρατεύετο
563 282 606 328 δ’
649 283 797 337 αὐτοῖς
824 287 910 330 καὶ
924 286 1209 360 Ἀγαθοκλῆς,
1249 288 1521 358 ἐγνωσμένος
1549 288 1636 333 ὑπὸ

261 345 344 384 τοῦ
372 338 523 411 δήμου
544 342 620 384 καὶ
647 343 904 413 τεταγμένος
930 344 1012 388 ἐπὶ
1018 349 1284 445 χιλιαρχικῆς
1314 343 1558 415 ἡγεμονίας,
1589 344 1639 397 ὃς

178 399 233 442 45
262 397 312 441 τὸ
342 397 441 452 μὲν
450 401 628 450 πρῶτον
655 398 702 442 ἐν
729 404 823 471 ταῖς
850 399 964 454 πρὸς
991 401 1071 445 τοι)
1074 418 1095 452 ς
1122 401 1385 456 βαρβάρους
1395 401 1550 474 μάχαις
1571 417 1641 457 γε

258 454 446 522 νόμενος
472 453 701 507 κράτιστος
726 456 814 503 ὑπὸ
843 462 932 501 τῶν
959 459 1059 513 περὶ
1082 461 1398 513 Σωσίστρατον
1428 457 1638 530 ἀφῃρέθη

258 510 339 567 τήν
371 515 459 553 τῶν
484 511 725 582 ἀριστείων
743 515 876 584 τιμὴν
906 514 978 558 διά
1008 515 1086 557 τὸν
1115 516 1306 568 φθόνον.
1366 513 1438 569 ἐφ’
1473 514 1543 566 οἷς
1567 529 1638 558 πε-

229 566 449 623 ριαλγὴς
465 566 699 638 γενόμενος
732 568 902 621 αὐτούς
915 570 1203 626 διεγνωκότας
1222 571 1453 616 ἐπιθέσθαι
1481 587 1638 625 τυραν-

174 626 228 669 50
257 625 350 669 νίδι
376 624 671 682 κατηγόρησεν
699 625 747 669 ἐν
770 630 837 686 τῶ
867 626 1001 683 δήμῳ.
1059 627 1115 670 οὐ
1147 627 1455 684 προςεχόντων
1475 629 1521 671 δὲ
1549 631 1638 671 τῶν

257 684 553 734 Συρακοσίων
582 687 676 733 ταῖς
704 672 975 737 διαβολαῖς,
1006 685 1051 726 οἱ
1077 700 1157 753 μεν
1194 686 1312 739 περὶ
1329 688 1641 739 Σωσίστρατον

257 736 580 784 ἐδυνάστευσαν
607 742 684 811 τῆς
711 741 919 792 πατρίδος
938 754 1056 810 μετα
1089 740 1170 797 τήν
1199 742 1245 784 ἐκ
1276 740 1511 812 Κρότωνος
1540 742 1640 785 ἐπά-

198 799 228 837 4
256 796 449 839 νοδον.
467 793 491 838 ὁ
535 792 587 838 6'
618 793 884 851 Ἀγαθοκλῆς
922 794 1161 850 αλλοτρίως
1198 797 1311 852 ἔχων
1339 797 1392 840 τά
1422 798 1533 852 πρὸς
1563 797 1638 841 αὐ-

172 854 228 896 55
256 849 374 902 τούς,
402 850 454 894 τὸ·
482 866 561 903 μεν
589 855 776 910 πρῶτον
796 852 1032 909 κατέμενεν
1058 853 1103 896 ἐν
1131 852 1284 922 Ἰταλίᾳ
1314 869 1420 907 μετα
1438 857 1526 897 τῶν
1547 871 1639 897 κοι·

258 907 631 977 vonoayo6vmv3
674 908 749 951 καὶ
774 908 1199 978 καταλαμβάνεσθαι
1211 910 1312 982 τήν
1340 914 1428 957 τῶν
1458 913 1640 964 Κροτω-

258 968 422 1006 νιατῶν
452 962 581 1006 πόλιν
610 963 883 1034 ἐπιχειρήσας
919 966 1104 1018 ἐξέπεσε,
1151 965 1224 1010 καὶ
1263 964 1356 1021 μετ’
1388 965 1548 1021 ὀλίγων
1579 969 1639 1017 εἷς

261 1019 466 1074 Τάραντα
496 1020 731 1089 διεσωθη.ι
757 1023 928 1077 ταχθεὶς
950 1023 995 1067 δὲ
1013 1039 1134 1077 παρα
1159 1029 1262 1074 τοῖς
1277 1025 1565 1095 Ταραντίνοις
1590 1023 1639 1066 ἐν

256 1093 310 1133 τη
340 1080 427 1119 τῶν
444 1075 751 1131 μισθοφόρων
778 1080 913 1131 τάξει,
957 1080 1032 1123 καὶ
1059 1084 1236 1131 πολλαῖς
1265 1081 1339 1123 καὶ
1356 1080 1640 1135 παραβόλοις

172 1137 228 1178 60
259 1133 466 1203 ἐγχειρῶν
493 1133 717 1186 πράξεσιν,
750 1136 809 1185 εἰς
837 1136 1036 1188 ὑποψίαν
1062 1132 1171 1193 ἦλθε
1200 1142 1489 1191 καινοτομεῖν.
1549 1136 1638 1180 διό-

253 1206 334 1244 περ
378 1188 618 1241 ἀπολυθεὶς
661 1190 735 1233 καὶ
782 1192 939 1249 ταύτης
983 1197 1060 1249 τῆς
1100 1195 1325 1247 στρατείας
1369 1192 1637 1249 συνήθροισε

251 1246 359 1297 τούς
388 1262 498 1291 κατα
515 1246 610 1316 τήν
634 1245 817 1291 Ἰταλίαν
838 1248 1055 1321 φυγάδας,
1083 1250 1156 1292 καὶ
1180 1249 1394 1305 Ρηγίνοις
1421 1254 1638 1305 πολεμου-

251 1304 400 1374 μένοις
436 1302 524 1347 ὑπό
551 1307 640 1347 τῶν
673 1305 773 1359 περὶ
802 1305 899 1348 τὸν
906 1305 1194 1372 ἹΙρακλείδην
1222 1307 1296 1349 καὶ
1325 1308 1638 1360 Σωσίστρατον

199 1404 202 1405 .
251 1359 511 1416 ἐβοήθησεν.
567 1360 714 1404 ἔπειτα
742 1365 819 1416 τῆς
847 1362 910 1409 ἐν
922 1362 1232 1415 Συρακούσαις
1271 1365 1526 1413 δυναστείας
1561 1379 1636 1406 κα-

166 1417 222 1461 65
251 1418 513 1472 ταλυθείσης
531 1416 604 1459 καὶ
621 1420 710 1460 τῶν
728 1418 826 1473 περὶ
841 1417 920 1461 τόν
930 1421 1242 1473 Σωσίστρατον
1262 1419 1512 1473 φυγόντων,
1536 1435 1635 1462 κατ-

249 1478 389 1529 ῆλθεν
415 1474 474 1522 εἰς
490 1489 571 1542 την
586 1475 789 1528 πατρίδα.
833 1474 1191 1520 συνεκπεσόντων
1214 1476 1259 1518 δὲ
1279 1481 1370 1526 τοῖς
1398 1475 1635 1527 δυνάσταις

249 1533 425 1574 πολλῶν
449 1529 640 1581 ἐνδόξων
674 1530 866 1585 ανδρῶν,
897 1532 957 1584 ῶς
985 1532 1042 1575 ἂν
1068 1537 1145 1588 τῆς
1166 1530 1415 1601 ὀλιγαρχίας
1433 1548 1634 1576 κεκοινω-

246 1586 449 1655 νηκότων
470 1590 545 1642 τῆς
572 1590 662 1630 τῶν
687 1587 925 1638 ἑξακοσίων
957 1593 1046 1632 τῶν
1077 1589 1454 1643 ἐπιφανεστάτων,
1485 1589 1635 1645 ἐνέστη

247 1643 452 1715 πόλεμος
464 1647 555 1693 τοῖς
584 1644 751 1698 φυγάσι
783 1644 894 1698 πρὸς
921 1645 1026 1697 τούς
1056 1644 1370 1702 ἀντεχομένους
1401 1650 1479 1701 τῆς
1506 1648 1634 1701 δημο-

162 1704 218 1744 70
248 1703 449 1754 κρατίας
502 1699 849 1756 συμμαχούντων
881 1702 928 1745 δὲ
957 1706 1045 1746 τῶν
1074 1703 1391 1759 Καρχηδονίων
1405 1707 1510 1753 τοῖς
1533 1702 1635 1755 περὶ

246 1758 326 1800 τὸν
361 1758 677 1808 Σωσίστρατον
708 1758 925 1813 φυγάσιν,
970 1759 1186 1819 ἐγίνοντο
1209 1761 1411 1802 κίνδυνοι
1443 1764 1634 1828 συνεχεῖς

246 1814 322 1858 καὶ
349 1812 608 1884 παρατάξεις
625 1813 776 1868 ἁδρῶν
795 1815 1040 1868 δυνάμεων,
1071 1815 1119 1860 ἐν
1139 1819 1206 1866 αἱς
1219 1814 1496 1871 Ἀγαθοκλῆς,
1526 1815 1632 1858 ποτὲ

246 1886 325 1940 μεν
355 1869 531 1925 ἰδιώτης
563 1869 637 1920 ω’ν,
668 1871 772 1914 ποτὲ
801 1873 848 1915 δὲ
878 1871 952 1928 ἐφ’
974 1872 1207 1943 ἡγεμονίας
1224 1872 1495 1944 τεταγμένος,
1525 1870 1630 1915 ὑπε-

247 1926 397 1982 λήφθη
429 1927 659 1980 δραστικὸς
688 1925 800 1970 εἶναι
831 1930 904 1971 καὶ
935 1929 1189 1984 φιλότεχνος
1220 1929 1266 1972 ἐκ
1296 1933 1376 1972 τοῦ
1397 1928 1514 1986 πρὸς
1532 1928 1630 1972 ἕκα-

164 1991 219 2034 75
250 1994 354 2025 στου
384 1987 473 2028 τῶν
502 1987 672 2034 καιρῶν
700 1984 971 2028 ἐπινοεῖσθαί
1003 2003 1045 2029 τι
1073 1990 1163 2029 τῶν
1190 1988 1432 2053 χρησίμωνε
1479 1987 1542 2027 ῶν
1578 1987 1629 2027 εν

249 2040 417 2093 ἔπραξε
436 2039 509 2082 καὶ
538 2039 655 2094 μάλα
684 2039 855 2096 μνήμης
889 2040 1024 2092 ἄξιον.
1085 2040 1518 2111 στρατοπεδευόντων
1542 2039 1625 2108 γάρ

245 2112 375 2141 ποτε
389 2098 480 2139 τῶν
521 2098 810 2152 Συρακοσίων
847 2099 1033 2154 πλησίον
1064 2102 1140 2155 τῆς
1179 2098 1349 2177 Ιέλας,
1380 2097 1509 2149 αυτὸς
1549 2113 1628 2154 μεν

245 2299 304 2335 46.
349 2298 571 2345 κράτιστος]
598 2300 660 2336 καὶ
682 2301 878 2343 κράτιστος
901 2301 961 2335 FV
1151 2301 1438 2345 Σωσίστρατον]
1466 2301 1630 2337 σωσίπα·

245 2359 334 2389 τρον
358 2348 412 2387 F,
440 2345 666 2391 Σώστρατον
690 2349 773 2383 Bas.
957 2347 1015 2381 48.
1063 2345 1385 2392 αὐτοῦς]·αὖτου“ς
1409 2346 1456 2392 δὴ
1484 2349 1511 2381 F

240 2393 298 2427 50.
346 2393 435 2437 τῶν]
461 2393 608 2429 τούτων
632 2397 708 2429 τῶν
732 2396 763 2428 F
928 2396 1173 2437 Συρακοσίων
1200 2396 1282 2429 Bas.
1448 2393 1625 2435 Σωστρα-

239 2452 307 2473 τον
332 2439 414 2474 Bas.
599 2439 655 2475 53.
703 2454 750 2475 τα
781 2439 896 2486 πρὸς]
926 2440 973 2475 τοὶ
1006 2439 1101 2484 πρός
1132 2440 1335 2476 ἐπάνοδον
1346 2439 1390 2475 τά
1414 2440 1511 2485 πρὸς
1534 2442 1623 2483 VW,

241 2487 287 2520 τοὶ
312 2484 406 2528 πρὸς
430 2482 618 2520 ἐπάνοδον
640 2484 735 2528 πρός
755 2488 784 2522 F
969 2486 1027 2521 55.
1059 2488 1134 2521 τῶν
1158 2489 1314 2522 o1n.F
1386 2502 1389 2503 ⁷
1466 2486 1524 2521 57.
1559 2499 1624 2520 τα-

240 2534 310 2577 κθε
314 2532 358 2576 ὶς]
384 2533 628 2575 καταταχθεὶς
653 2534 729 2567 FW
899 2532 959 2567 59
991 2532 1242 2590 παραβόλοις]
1268 2530 1492 2577 παραλόγοις
1514 2533 1623 2576 QVW

424 2578 482 2611 (ii.
531 2577 596 2612 τόν
625 2579 912 2623 Σωσίστρατον]
937 2579 1004 2614 τὸν
1030 2578 1260 2625 Σώστρατον
1286 2581 1377 2621 Bas„
1403 2579 1471 2614 τόν
1496 2579 1623 2612 om.1·

240 2624 298 2658 (56.
346 2626 425 2663 τοῖς
450 2623 673 2675 δυνάσταις]
699 2630 782 2665 ταῖς
806 2626 1039 2665 δυναστείαις
1063 2627 1092 2660 F
1260 2626 1316 2661 67.
1364 2626 1430 2668 τῆς
1452 2626 1527 2660 τῶν
1551 2636 1623 2659 ser-

244 2676 368 2704 mrunt
403 2671 462 2703 F}
470 2671 511 2704 W
705 2672 762 2706 70.
823 2671 1045 2727 Σόστρατον
1080 2673 1162 2707 Bas.
1352 2672 1408 2705 71.
1466 2668 1620 2714 αδρῶν]

242 2717 324 2751 libri
348 2713 500 2758 α’νὸρων
525 2717 588 2752 καὶ
801 2718 857 2752 73.
900 2714 1123 2763 ἡγεμονίας]
1162 2731 1219 2759 αις
1251 2729 1354 2762 super
1390 2730 1434 2757 ας
1465 2717 1562 2762 11011119
1592 2715 1621 2749 F

426 2761 483 2796 'H-
529 2762 569 2798 ἐκ
593 2764 682 2808 τοῦ]
710 2762 750 2800 ἐν
770 2766 822 2811 τῶ
849 2765 922 2799 Fw
1107 2765 1166 2799 77.
1218 2766 1462 2809 Συρακοσιων
1487 2764 1568 2797 Bas.
