1820 3249
610 211 669 252 111
679 211 723 252 B.
776 211 812 253 X
824 208 861 253 V
874 206 919 255 11'
930 213 958 253 Ι.
1371 216 1485 259 1589

97 333 164 367 cas‘
199 330 367 369 civitates
399 322 542 366 reddita
578 329 752 365 libertate
792 330 862 366 sibi
903 330 1105 371 conciliare
1140 330 1229 385 [55.]
1264 332 1398 368 literae
1430 344 1487 369 re—

97 389 180 435 giae
218 399 286 435 per
314 387 665 439 Polysperchontem
702 388 749 422 ad
780 389 1013 425 Graecorum
1044 390 1211 425 civitates
1246 391 1354 425 datae
1386 387 1485 440 [56.].

95 445 169 482 alia
201 443 520 491 Polysperchontis
548 443 720 479 instituta
749 451 785 480 et
815 445 948 480 edicta.
976 447 1014 481 in
1045 453 1168 492 partes
1196 448 1318 494 regias
1346 449 1484 482 Eume-

97 513 162 537 nes
200 513 348 548 quoque
375 501 625 546 singularibus
662 501 780 536 literis
816 509 976 538 vocatur
1009 501 1106 552 [57.].
1137 505 1318 550 pecuniae
1353 511 1389 538 et
1419 517 1481 539 co—

95 560 181 605 piae
210 557 370 593 Eumeni
397 558 609 603 promissae.
640 558 870 605 Olympiadis
900 561 946 594 ad
975 560 1132 596 eundem
1167 561 1306 597 literae.
1336 562 1393 596 his
1422 573 1483 596 ac—

96 615 212 662 ceptis
251 616 436 650 Eumenes
475 615 601 661 regiae
640 616 746 662 stirpi
782 616 898 650 fidem
934 618 1072 652 addixit
1105 614 1203 666 [58.].
1254 619 1437 653 Eumenes
1466 630 1486 653 e

95 671 331 719 Cappadocia
368 671 407 705 in
435 671 604 707 Ciliciam
637 673 825 718 profectus
853 674 990 720 ubique
1023 675 1203 720 singulari
1234 676 1360 710 studio
1389 676 1485 710 exci-

96 731 209 775 pitur.
247 727 378 775 ingens
403 729 576 763 fortunae
616 730 807 764 conversio
846 731 885 764 in
924 742 967 765 eo
1002 731 1203 777 conspicua
1235 728 1333 781 [59.].
1372 733 1485 767 insta-

94 786 162 821 bili
197 785 350 820 fortuna
388 785 531 820 cautior
558 786 681 820 factus
709 787 892 822 Eumenes
922 799 1017 822 nova
1047 787 1195 823 fortuna
1235 788 1399 823 modeste
1430 790 1483 824 uti

94 843 237 889 coepit,
267 841 517 877 ministerium
553 855 629 878 non
656 844 911 889 principatum
939 845 1128 881 affectans.
1176 845 1374 880 Alexandri
1404 858 1484 880 ma-

95 911 160 934 nes
197 900 235 934 in
272 898 376 944 regio
414 899 506 934 solio
545 899 698 935 adorare
737 907 773 934 et
807 902 999 937 consulere
1039 903 1168 936 suadet
1199 899 1299 951 [60.].
1330 903 1484 938 consilia

91 957 244 1003 publica
280 956 416 992 ducum
455 956 502 990 ad
539 957 674 992 solium
711 957 810 1004 regis
848 959 950 993 velut
997 960 1199 1005 praesentis
1244 960 1384 997 habita.
1429 960 1484 994 di-

91 1006 197 1048 missi·
224 1023 373 1060 quoque
403 1013 514 1047 amici
543 1013 746 1048 fidelissimi
774 1015 821 1048 ad
851 1016 1012 1051 militem
1042 1017 1146 1050 novis
1176 1017 1366 1062 stipendiis
1398 1029 1484 1051 con-

93 1070 305 1105 ducendum
336 1066 436 1118 [61.].
475 1070 603 1117 itaque
642 1071 847 1106 Ptolemaei
878 1079 913 1106 et
951 1073 1125 1119 Antigoni
1154 1073 1295 1108 invidia
1330 1075 1368 1108 in
1397 1070 1480 1108 Eu-

90 1138 242 1162 menem
282 1127 426 1161 exarsit.
466 1133 623 1172 uterque
664 1129 918 1175 argyraspides
947 1131 995 1164 ad
1025 1129 1273 1165 defectionem
1302 1131 1482 1165 sollicita—

89 1185 202 1231 bant,
241 1183 396 1229 aliisque
426 1183 566 1218 insidiis
603 1185 834 1231 Eumenem,
863 1186 967 1220 nullo
1002 1191 1129 1221 tamen
1158 1199 1349 1234 successu,
1379 1194 1481 1234 pete-

88 1242 180 1291 bant
219 1237 305 1289 [62]
348 1241 601 1288 argyraspides
638 1242 803 1288 aliosque
853 1243 1099 1288 Macedones,
1142 1245 1317 1291 Antigoni
1366 1245 1482 1279 literis

88 1309 209 1345 paene
247 1297 494 1341 abalienatos,
532 1299 718 1333 Eumenes
747 1311 918 1334 sermone
959 1300 1177 1334 reconciliat
1206 1307 1243 1335 et
1274 1302 1481 1337 confirmat.

88 1355 174 1390 inde
215 1355 253 1388 in
293 1354 504 1389 Phoenicen
544 1356 735 1389 contendit
774 1368 930 1403 remque
968 1358 1161 1392 nauticam
1194 1365 1343 1403 reparat
1380 1356 1482 1407 [63.].

88 1413 233 1447 interea
261 1412 429 1446 Nicanor
469 1423 490 1446 a
519 1412 724 1447 Cassandro
754 1414 983 1459 Munychiae
1011 1415 1221 1460 praefectus
1252 1415 1338 1449 dolo
1371 1427 1481 1450 occu-

88 1475 154 1516 pat
183 1469 402 1512 Piraeeum,
436 1474 473 1502 et
495 1470 691 1504 Cassandri
731 1477 854 1516 partes
885 1476 1012 1505 tuetur
1044 1468 1144 1519 [64.].
1176 1471 1408 1517 Olympiadis
1438 1472 1482 1506 li-

87 1526 177 1561 teris
204 1526 449 1572 Munychiam
476 1532 514 1559 et
542 1527 737 1561 Piraeeum
767 1528 1049 1562 Atheniensibus
1069 1528 1224 1562 reddere
1242 1529 1374 1573 iussus,
1399 1541 1481 1563 rem

87 1583 346 1630 procrastinat.
394 1583 545 1618 interim
577 1584 848 1630 Polysperchon
877 1591 1076 1632 utrumque
1106 1591 1258 1631 portum
1288 1598 1355 1632 per
1384 1587 1479 1621 Pho-

85 1640 201 1675 cionis
235 1639 486 1686 proditionem
513 1640 552 1674 in
589 1652 672 1675 suos
710 1653 796 1676 usus
834 1647 1004 1687 occupat.
1044 1642 1285 1677 Athenienses
1314 1643 1351 1676 in
1382 1643 1480 1677 Pho-

86 1699 235 1733 cionem
273 1697 435 1744 aliosque
475 1697 690 1744 gravissime
729 1699 1073 1733 animadverterunt
1106 1695 1207 1747 [65.].
1239 1699 1404 1735 Phocion
1441 1706 1479 1734 et

85 1754 227 1789 exsules
265 1754 327 1788 alii
365 1754 410 1788 ad
451 1755 677 1789 Macedones
717 1756 958 1802 confugiunt3
999 1755 1061 1790 sed
1107 1767 1128 1791 a
1164 1756 1480 1802 Polysperchonte

86 1811 369 1846 Atheniensibus
414 1811 625 1846 traduntur.
677 1813 936 1847 turbulentum
974 1813 1020 1847 de
1058 1812 1247 1848 Phocione
1294 1813 1478 1848 iudicium

88 1865 192 1917 [66.].
222 1867 385 1902 Phocion
415 1874 610 1914 sontesque
639 1869 777 1915 reliqui
806 1870 852 1904 ad
881 1869 1103 1916 supplicium
1132 1870 1231 1916 rapti
1263 1866 1362 1918 [67.].
1394 1877 1476 1916 post

85 1925 180 1960 haec
210 1925 414 1960 Cassander-
452 1926 566 1960 classe
596 1926 772 1961 advectus
803 1927 951 1961 Piraeeo
984 1926 1139 1972 potitur.
1178 1938 1252 1973 qua
1283 1938 1323 1961 re
1353 1934 1476 1961 motus

84 1982 357 2028 Polysperchon
387 1983 594 2016 exercitum
622 1983 659 2017 in
691 1984 891 2018 Graeciam
922 1983 1047 2021 ducit:
1077 1983 1114 2017 in
1146 1983 1269 2018 Attica
1296 1983 1476 2030 relinquit

87 2039 336 2074 Alexandrum
364 2039 503 2082 filium,
544 2040 626 2085 ipse
658 2040 694 2073 in
726 2041 1020 2087 Peloponnsum
1049 2041 1179 2074 transit
1215 2041 1260 2074 ad
1301 2041 1472 2087 subigew

85 2097 149 2131 dos
179 2096 462 2143 Megalopolitas
494 2092 595 2145 [68.].
633 2097 777 2132 interea
818 2098 1023 2132 Cassander
1058 2097 1278 2132 Salaminios
1307 2097 1474 2132 obsidere

86 2153 226 2199 coepit,
263 2153 431 2199 repulsus
478 2160 603 2187 tamen
642 2154 855 2189 interventu
903 2154 1234 2201 Polysperchontis.
1284 2155 1477 2200 Polysper-

86 2211 183 2246 chon
208 2211 506 2256 Peloponnesum
535 2210 718 2256 reliquam
749 2223 834 2246 cum
864 2211 911 2245 ad
940 2211 1157 2256 obsequium
1183 2211 1373 2257 adegisset,
1392 2213 1475 2246 Me·

84 2267 276 2314 galopolin
310 2267 548 2302 obsidendam
583 2269 715 2303 statuit
746 2265 848 2316 [69.].
888 2273 1021 2302 cuncta
1054 2267 1184 2302 civitas
1223 2268 1272 2301 ad
1302 2268 1474 2303 munien-

85 2325 174 2357 dam
205 2324 337 2358 urbem
366 2335 550 2361 conversa.
603 2325 690 2359 urbs
729 2332 942 2371 oppugnata
973 2324 1178 2370 acerrime,
1215 2325 1364 2360 defensa
1395 2325 1472 2359 for-

82 2381 224 2415 tissime
255 2377 355 2429 [70.].
383 2381 666 2428 elephantorum
695 2382 948 2416 immissorum
975 2381 1027 2417 vis
1057 2387 1094 2416 et
1120 2382 1282 2426 impetus
1301 2382 1470 2417 Damidis

82 2437 261 2484 singulari
296 2437 460 2473 sollertia
492 2445 650 2473 retusus.
695 2439 747 2473 ita
776 2439 884 2473 irrita
916 2438 1016 2473 facta
1053 2439 1243 2473 obsidione
1283 2435 1369 2488 [71.]
1401 2440 1469 2473 Ρο-

83 2494 301 2540 lysperchon
328 2494 467 2529 Clitum
497 2507 582 2530 cum
614 2496 730 2531 classe
759 2496 798 2530 in
827 2495 1110 2542 Hellespontum
1139 2495 1267 2538 mittit,
1300 2496 1363 2542 qui
1383 2507 1466 2541 pro-

82 2551 208 2586 hibeat
244 2562 294 2584 ne
334 2551 464 2597 copiae
499 2563 543 2587 ex
573 2553 654 2586 Asia
693 2553 732 2588 in
762 2554 952 2598 Europam
991 2552 1292 2589 transvehantur,
1336 2552 1467 2587 eodem

82 2608 248 2643 Nicanor
275 2619 363 2642 cum
392 2608 504 2643 classe
532 2623 554 2644 a
583 2610 787 2645 Cassandro
816 2611 961 2644 missus.
992 2609 1242 2644 committitur
1268 2609 1466 2655 proelium,

81 2676 156 2712 quo
186 2664 304 2699 Clitus
332 2665 460 2700 vincit.
497 2667 559 2700 sed
599 2678 685 2701 mox
713 2667 897 2702 succurrit
926 2666 1152 2712 Antigonus,
1183 2666 1246 2713 qui
1275 2666 1373 2701 Clito
1410 2666 1465 2700 in-

81 2726 234 2770 gentem
276 2721 420 2756 cladem
459 2720 580 2757 infert'
614 2719 714 2772 [721.
752 2724 805 2758 ita
846 2723 1051 2769 Antigonus
1092 2724 1217 2757 animo
1255 2722 1468 2769 viribusque

81 2784 231 2822 auctus,
273 2778 474 2825 imperium
507 2780 623 2815 maris
660 2786 697 2814 et
727 2781 832 2815 Asiae
861 2780 1023 2815 affectat.
1057 2779 1140 2814 ideo
1170 2781 1380 2815 Eumenem
1410 2780 1467 2812 in—

81 2834 265 2882 sequendo
295 2842 425 2882 urget,
457 2837 520 2884 qui
550 2838 669 2872 multo
697 2837 826 2872 labore
857 2837 894 2871 in
929 2836 1090 2872 Persiam
1125 2848 1162 2871 se
1202 2836 1338 2882 recipit
1365 2832 1465 2883 [73.].

1512 535 1546 569 3.

1498 476 1573 511 115.
