1820 3249
309 124 419 165 1036
645 121 756 164 LIB.
790 120 880 163 XV.
939 121 1067 165 GAP.
1095 126 1163 166 9-1
1192 144 1247 153 -
1275 126 1344 165 95.

226 237 281 280 40
310 232 387 284 τοὶς
423 233 794 303 προγεγενημένας
830 232 974 284 πόλεις
1012 235 1056 277 οῖ
1090 237 1450 289 Μεγαλοπολῖται
1477 234 1681 304 συνηνά-

309 293 472 345 γκαζον
499 292 690 334 ἐκλιπεῖν
717 306 794 341 τας
822 292 1051 362 πατρίδας.
1094 291 1165 333 δια
1186 292 1230 334 δὲ
1254 291 1416 360 ταύτην
1437 289 1517 347 τήν
1540 293 1682 334 αἰτίαν

308 346 542 416 γενομένης
570 349 807 402 διαφορᾶς,
854 348 897 388 οἱ
925 346 1004 401 μὲν
1035 345 1081 389 ἐκ
1107 351 1196 390 τῶν
1225 346 1502 402 πολισμάτων
1529 345 1684 403 η’ξίουν

310 402 459 453 αὐτοῖς
489 407 672 459 βοηθεῖν
702 406 938 453 Μαντινεῖς
963 402 1034 445 καὶ
1062 407 1151 446 τῶν
1180 402 1322 447 ἄλλων
1346 403 1591 458 Ἀρκάδων,
1622 404 1683 448 ε’τι

310 461 356 503 δὲ
389 457 584 510 Ἠλείους
630 459 703 502 καὶ
749 458 855 510 τοὺς
892 458 1052 509 ἄλλους
1104 477 1209 510 τους
1247 459 1571 532 μετεσχηκότας
1593 466 1683 512 τοῖς

223 517 278 559 45
307 519 582 560 Μαντινευσι
611 517 946 571 συμμαχίας·οῑ
976 515 1020 558 δε
1051 519 1403 570 Μεγαλοπολῖται
1431 517 1538 568 τούς
1560 515 1683 587 Ἀθη-

305 574 458 623 ναίους
486 572 765 626 παρεκάλουν
793 577 1041 628 συμμαχεῖν.
1084 576 1151 623 οἱς
1172 572 1425 616 ἀπέστειλαν
1455 573 1681 647 συντόμως

305 627 482 679 ὁπλίτας
511 645 589 684 μεν
617 630 898 682 τριςχιλίους,
929 631 1069 685 ἱππεῖς
1099 629 1144 672 δὲ
1171 632 1475 683 τριακοσίους,
1507 635 1571 673 ὠν
1600 630 1680 686 τήν

304 687 567 755 στρατηγίαν
594 683 676 741 εἶχε
700 684 947 757 Παμμένης.
1008 686 1138 736 οὗτος
1168 687 1213 729 δὲ
1242 688 1474 742 παρελθών
1503 689 1564 737 εἰς
1584 692 1678 730 Με-

223 743 277 786 50
305 741 442 798 γάλην
470 741 627 793 πόλιν,
658 741 731 785 καὶ
759 746 848 784 τῶν
875 742 1151 795 πολισμάτων
1180 741 1208 784 ἂ
1237 760 1315 798 μεν
1342 741 1620 812 ἐκπορθήσας
1651 762 1678 786 α

307 799 353 842 δὲ
388 797 795 870 καταπληξάμενος,
810 797 1138 869 συνηνάγκασεν
1167 800 1227 848 εἷς
1256 799 1335 854 τὴν
1365 798 1572 868 Μεγάλην
1600 800 1679 843 πό-

305 859 376 898 λιν
404 859 668 926 μετόικῆσαι.
728 854 800 898 καὶ
837 871 890 897 τα
929 854 1009 909 μὲν
1045 854 1144 907 περὶ
1171 854 1248 898 τὸν
1277 855 1562 910 συνοικισμὸν
1588 862 1678 899 τῶν

303 910 473 955 πόλεων
491 911 563 954 ἐπὶ
580 914 764 954 τοσοῦτο
793 915 981 965 ταραχῆς
1010 910 1196 954 ἐλθόντα
1225 911 1372 980 ἔτυχεν
1400 912 1678 982 ἐνδεχομένης

220 970 274 1012 55
303 971 584 1024 καταστολῆς.
628 971 717 1010 τῶν
747 967 793 1010 δὲ
811 967 1111 1052 συγγραφέων
1135 965 1322 1018 Ἀθάνας
1352 968 1375 1012 6
1396 968 1678 1023 Συρακόσιος

300 1029 389 1068 τῶν
416 1025 517 1079 περὶ
540 1025 694 1067 Δίωνα
716 1022 915 1079 πράξεων
936 1024 1140 1067 ἐντεῦθεν
1158 1023 1398 1093 ἀρξάμενος
1419 1025 1577 1081 ε’γραψε
1597 1043 1677 1081 μεν

300 1084 482 1153 βίβλους
510 1083 808 1135 τριςκαίδεκα,
841 1080 1136 1136 προςανέλαβε
1167 1082 1212 1124 δὲ
1241 1081 1318 1124 τὸν
1346 1080 1549 1153 ἄγραφον
1577 1083 1677 1138 χρό-

299 1154 384 1181 νον
422 1137 532 1181 ἐτῶν
564 1137 669 1181 έπτοὶ
701 1136 788 1181 άπὸ
798 1141 896 1208 τῆς
926 1139 1134 1180 Φιλίστου
1163 1139 1403 1189 συντάξεως
1431 1138 1479 1181 ἐν
1508 1144 1585 1195 μιᾷ
1616 1141 1678 1195 βί-

300 1196 406 1251 βλῳ,
436 1195 512 1238 καὶ
541 1193 730 1240 διελθων
757 1211 833 1246 τας
861 1193 1036 1250 πράξεις
1064 1193 1111 1237 ἐν
1137 1196 1390 1250 κεφαλαίοις
1419 1201 1577 1253 συνεχῆ
1597 1197 1677 1253 τήν

217 1256 273 1295 60
303 1252 500 1304 ἱστορίαν
531 1251 741 1320 ἐποίησεν.

215 1311 273 1351 95
412 1305 505 1351 Ἐπ’
550 1306 762 1379 ἄρχοντος
794 1306 840 1352 δ’
867 1306 1074 1377 Ἀθήνησι
1104 1308 1376 1364 Νικοφήμου
1404 1325 1485 1365 την
1512 1324 1676 1352 υπατι-

300 1363 384 1420 κὴν
417 1362 555 1421 άρχήν
584 1366 631 1408 ἐν
654 1363 796 1421 Ῥωμη
819 1365 987 1436 διέλαβε
1006 1364 1138 1416 Γάϊος
1158 1367 1426 1417 Σουλπίκιος
1444 1366 1519 1409 καὶ
1540 1365 1676 1416 Γάϊος

299 1422 511 1473 Λικίνιος.
573 1421 643 1464 ἐπὶ
673 1422 718 1464 δὲ
748 1420 917 1464 τούτων
945 1419 1223 1493 Ἀλέξανδρος
1252 1438 1331 1491 μεν
1363 1420 1386 1466 ὁ
1419 1426 1574 1476 Φερων
1602 1422 1676 1466 τύ-

217 1478 271 1521 65
303 1494 466 1532 ραννος
494 1479 727 1547 λῃστρίδας
755 1482 866 1528 ναῦς
894 1476 1112 1531 ἐκπέμψας
1139 1478 1210 1521 ’ἐπὶ
1236 1494 1313 1530 τας
1341 1480 1576 1531 Κυκλάδας
1587 1478 1676 1550 νή-

300 1546 433 1586 σους,
483 1534 605 1585 τινὰς
635 1534 714 1587 μὲν
749 1533 1092 1605 ἐκπολιορκήσας
1128 1539 1303 1578 πολλῶν
1341 1537 1564 1605 σωμάτων
1581 1535 1677 1579 ἐκυ-

299 1592 481 1646 ρίευσεν,
513 1592 575 1642 είς
605 1591 651 1634 δὲ
680 1589 759 1658 τὴν
777 1590 1046 1660 Πεπάρηθον
1067 1591 1340 1665 ἀποβιβάσας
1362 1591 1675 1648 μισθοφόρους

299 1647 564 1702 στρατιώτας
593 1646 838 1702 ἐπολιόρκει
866 1647 946 1703 τήν
973 1647 1113 1691 πόλιν.
1167 1648 1409 1703 Ἀθηναίων
1438 1649 1485 1691 δὲ
1509 1651 1674 1719 βοηθη-
1684 1651 1688 1654 ’

298 1703 471 1748 σάντων
515 1708 608 1755 τοῖς
647 1706 974 1775 Πεπαρηθίοις,
1022 1705 1096 1747 καὶ
1133 1704 1375 1760 στρατηγὸν
1409 1705 1674 1775 Λεωσθένην

159 1798 163 1802 .
211 1757 268 1797 70
297 1758 626 1819 ἀπολιπόντων,
678 1759 855 1804 ἐπέθετο
894 1766 986 1811 τοῖς
1018 1759 1292 1831 Ἀθηναίοις·
1349 1761 1587 1831 ἐτύγχανον
1627 1762 1673 1807 δ’

297 1819 422 1861 οὑτοι
461 1817 876 1889 παραφυλάττοντες
918 1834 1024 1868 τους
1062 1816 1110 1860 ἐν
1145 1822 1206 1877 τῷ
1247 1816 1470 1888 Πανόρμῳ
1511 1820 1674 1874 διατρίυ

295 1876 459 1930 βοντας
489 1877 579 1917 τῶν
603 1872 890 1927 Ἀλεξάνδρου
924 1862 1215 1928 στρατιωτῶν.
1270 1862 1604 1944 άπροςδοκήτως
1626 1876 1672 1920 δὲ

295 1931 567 2002 ἐπιθεμένων
594 1934 682 1973 τῶν
711 1934 791 1973 τοῦ
822 1929 1044 1975 δυνάστου
1071 1929 1320 2001 παράδοξος
1346 1930 1553 2003 εὕημερία
1569 1937 1667 1987 περι
1681 1940 1726 1975 78

294 1987 375 2031 τόν
400 1985 683 2039 Ἀλέξανδρον
718 1985 1012 2057 ἐγένετο.οὐ
1043 1986 1186 2043 μόνον
1213 2004 1296 2043 γαρ
1326 1987 1432 2039 τούς
1461 1988 1671 2033 ἀπεσταλ-

209 2045 265 2088 75
295 2042 457 2113 μένους
486 2044 533 2088 ἐν
560 2047 621 2100 τῷ
661 2043 885 2116 Πανόρμῳ
920 2045 1125 2088 διέσωσεν
1154 2044 1200 2088 ἐκ
1228 2049 1316 2088 τῶν
1343 2046 1556 2100 μεγίστων
1584 2063 1671 2089 κιν-
1736 2071 1740 2073 >

292 2099 463 2153 δύνων,
516 2087 625 2143 άλλοέ
662 2100 735 2143 καὶ
770 2100 960 2155 τριήρεις
989 2101 1066 2156 μὲν
1091 2100 1278 2151 Ἀττικὰς
1305 2101 1452 2151 πέντε,
1488 2104 1593 2156 μίαν
1623 2103 1670 2146 δὲ

291 2159 584 2228 Πεπαρηθίαν
613 2153 708 2208 εἷλε,
737 2157 810 2200 καὶ
839 2156 1050 2212 σωμάτων
1067 2157 1316 2213 ἐκυρίευσεν
1337 2157 1585 2209 ἑξακοσίων.
1626 2162 1670 2202 οἱ

292 2211 335 2256 δ’
375 2212 597 2270 Ἀθηναῖοι
647 2214 995 2268 παροξυνθέντες
1040 2218 1121 2257 τοῦ
1160 2231 1238 2284 μεν
1275 2215 1566 2265 Λεωσθένους
1611 2233 1670 2267 ως

207 2278 262 2317 80
289 2271 516 2324 προδότου
553 2268 754 2313 θάνατον
784 2271 1061 2339 κατέγνωσαν
1090 2271 1162 2314 καὶ
1191 2287 1272 2326 την
1302 2269 1459 2314 οὐσίαν
1469 2270 1616 2341 ἐδήμε
1619 2289 1669 2315 υ-

289 2337 387 2380 σαν,
414 2326 613 2383 ἑλόμενοι
641 2326 689 2370 δὲ
719 2326 962 2384 στρατηγὸν
990 2325 1170 2384 Χάρητα
1198 2328 1271 2371 καὶ
1299 2327 1509 2385 ναυτικήν
1537 2327 1667 2373 δύνα·

287 2484 345 2520 43.
390 2483 453 2519 καὶ
486 2485 562 2518 τῶν
594 2480 712 2525 αλλων
726 2482 941 2539 Ἀρκάδων]
983 2483 1047 2521 καὶ
1077 2498 1164 2524 τους
1190 2482 1323 2525 ἄλλους
1351 2470 1534 2528 Ἀρκάδας
1565 2487 1664 2521 Reis-

287 2533 381 2566 kius.
406 2530 515 2574 possis
525 2530 630 2566 etiam
647 2528 737 2573 μετοὶ
755 2531 817 2565 καὶ
838 2543 912 2567 των
933 2533 986 2565 vel
1003 2531 1095 2576 μετὰ
1110 2532 1204 2565 τῶνε
1229 2531 1287 2564 sed
1302 2531 1396 2565 deest*
1381 2544 1417 2564 se
1433 2532 1515 2575 quid
1533 2534 1666 2567 videtu·-

470 2575 528 2609 51.
576 2577 782 2618 μετοικίσαι
805 2577 835 2609 F
1017 2577 1075 2611 51.
1124 2574 1358 2620 Συρακόσιος
1381 2579 1416 2610 R.
1607 2580 1665 2614 57.

288 2621 401 2666 ἐπτοὶ]
428 2619 445 2656 ε’
470 2622 634 2655 Reiskius
801 2622 860 2658 (53.
908 2623 1074 2667 Λικίνιος
1097 2623 1132 2665 Ι,
1157 2623 1285 2657 caeteri
1312 2624 1499 2666 Λικίννιος

286 2669 345 2703 64.
396 2667 551 2712 Φερῶν]
579 2665 733 2711 Φερῤὥν
756 2669 789 2701 Κ

377 2713 434 2750 78.
470 2713 527 2748 76.
575 2712 670 2749 οἷλλοὶ
692 2713 775 2756 καὶ]
811 2708 901 2748 ἄλλα
923 2713 987 2748 ΑΚ
1170 2714 1227 2748 77.
1279 2714 1553 2761 Πεπαρηθίοιν]
1591 2718 1663 2751 Πε-

286 2761 484 2806 παρηθίων
507 2761 541 2796 Κ
726 2759 785 2794 79.
832 2757 1080 2805 κατέγνωσαν]
1107 2760 1350 2797 κατεδίκασαν
1374 2764 1403 2796 1.
