1820 3249
333 180 417 220 976
707 175 813 219 LIB
844 177 942 219 XV.
1001 178 1136 219 CAP
1168 181 1235 221 32.
1264 182 1330 222 33.

336 287 536 341 Θεσπιάς,
550 288 894 359 φρουρουμένην
911 287 998 333 ὑπὸ
1019 291 1390 346 Λακεδαιμονίων.
1412 292 1596 363 πλησίον
1615 306 1716 336 ταυ

331 362 426 415 της
435 346 900 399 κατεστρατοπέδευσε,
929 346 1002 390 καὶ
1035 347 1139 397 τοὺς
1160 347 1422 402 στρατιώτας
1450 347 1524 404 ἐφ’
1551 347 1717 405 ἡμέρας

330 419 452 453 τινας
474 401 808 458 ἀνελάμβανεν’
793 420 838 446 εκ
867 407 943 459 τῆς
960 406 1267 454 κακοπαθείας.
1318 403 1541 461 Ἀθηναῖοι
1562 407 1607 449 δὲ
1630 419 1717 449 πυ·

247 455 300 496 25
330 458 513 515 θόμενοι
527 477 620 530 την
639 463 727 503 τῶν
751 463 1110 532 Λακεδαιμονίων
1133 463 1381 511 παρουσίαν
1401 464 1461 512 εἰς
1483 462 1562 517 τὴν
1582 466 1717 506 Βοιω

328 518 450 568 τίαν
491 514 627 567 εὐθύς
664 516 885 572 ἐβοηθουν
926 519 985 567 εἰς
1020 515 1097 566 τάς
1142 516 1310 573 Θηβας,
1353 518 1523 573 ἔχοντες
1559 518 1718 572 πεζους

328 573 407 630 μὲν
447 575 836 643 πευτακιςχιλίους,
876 575 1017 623 ἱππεῖς
1058 573 1104 616 δὲ
1142 575 1404 626 διακοσίους.
1460 574 1629 618 τούτων
1669 576 1716 618 δὲ

326 635 415 674 τῶν
443 631 672 687 δυνάμεων
701 629 1028 701 αθροισθεισῶν
1058 630 1119 680 εἰς
1150 630 1224 673 ἕνα
1250 630 1494 683 τόπον,οἱ
1522 631 1601 686 μὲν
1634 635 1716 703 Θη-

327 690 447 743 βαῖοι
476 688 620 744 λόφον
648 689 743 731 τινά
775 686 1067 745 κατελάβοντο
1097 686 1355 744 παραμήκη,
1385 690 1587 755 σταδίους
1618 688 1714 732 ἁπέ-

242 755 297 795 30
328 763 460 801 χοντα
489 750 566 801 τῆς
595 745 760 796 πόλεως
790 748 938 798 εἴκοσι,
967 746 1041 788 καὶ
1065 745 1297 801 πρόβλημα
1327 744 1611 814 ποιησάμενοι
1641 745 1718 814 τοὶς
1746 753 1791 787 27

327 804 565 871 δυςχωρίας
594 801 804 856 ἀνέμενον
833 801 911 857 την
940 819 1027 845 των
1055 805 1274 857 πολεμίων
1304 803 1490 858 ἔφοδον·
1521 818 1601 858 την
1629 819 1712 858 γαρ

322 858 578 934 Ἀγησιλάου
610 859 740 910 δόξαν
770 858 1192 929 καταπεπληγμένοι
1231 859 1307 902 τὸν
1338 860 1384 903 ἐν
1414 864 1504 909 τοῖς
1544 861 1714 910 πεδίοις

326 916 368 969 ἐξ
406 919 506 960 ’ίσου
545 917 757 959 κί-νδυνον
792 916 1030 971 ὑπομένειν
1063 914 1343 970 εὐλαβοῦντο.
1406 913 1429 958 6
1470 914 1514 959 6’
1552 914 1711 972 Ἀγησί-

241 979 294 1020 35
324 978 428 1024 λαος
459 972 778 1043 συντεταγμένῃ
811 977 864 1030 τῇ
895 972 1079 1026 δυνάμει
1106 971 1313 1027 προάγων
1343 971 1411 1015 ἐπὶ
1441 970 1546 1022 τούς
1574 975 1711 1016 Βοιω-

323 1029 449 1081 τούς,
492 1029 550 1079 [ὃς
585 1029 734 1097 ἤγγισε
773 1035 864 1081 τοῖς
898 1028 1236 1083 πολεμίοις,τὸ
1275 1029 1353 1083 μὲν
1389 1044 1565 1083 πρωτον
1605 1046 1710 1080 τους

319 1086 479 1139 ψιλούς
494 1086 704 1156 ἐπαφῆκε
737 1092 830 1137 τοῖς
866 1085 1102 1137 ἐναντίοις,
1139 1086 1405 1153 πειρώμενος
1441 1089 1534 1136 πῶς
1563 1085 1709 1141 ἔχουσι

319 1142 429 1198 πρὸς
456 1142 536 1199 τὴν
566 1143 718 1214 μάχην.
775 1142 1178 1198 ἀποκρουσαμένων
1219 1144 1265 1186 65
1305 1141 1466 1194 αὐτοῦς
1503 1145 1592 1185 τῶν
1624 1147 1706 1214 Θη-

320 1202 460 1271 βαίων
488 1201 647 1268 ῥᾳδίως
677 1199 723 1242 ἐκ
750 1199 899 1243 τόπων
927 1199 1203 1253 ὑπερδεξίων,
1244 1199 1428 1255 ἐπήγαγε
1458 1203 1604 1242 πᾶσαν
1634 1199 1703 1243 ἐπ’

234 1258 288 1302 40
320 1256 484 1308 αὐτούς
507 1273 607 1328 την
615 1255 803 1311 δύναμιν
833 1257 1178 1312 συντεταγμένην
1207 1260 1571 1326 καταπληκτικῶς.
1619 1260 1704 1300 Χα-

318 1316 443 1385 βρίας
475 1311 517 1357 δ’
551 1313 574 1356 ὁ
597 1311 826 1369 Ἀθηναῖος
855 1318 944 1356 τῶν
973 1313 1267 1369 μισθοφόρων
1277 1311 1601 1383 ἀφηγούμενος
1628 1330 1706 1356 πα-

318 1372 513 1427 ρήγγειλε
543 1375 634 1420 τοῖς
671 1370 953 1424 στρατιώταις
983 1371 1183 1425 δέχεσθαι
1211 1369 1315 1420 τοὺς
1352 1372 1589 1425 πολεμιους
1628 1386 1705 1413 κα·

315 1427 707 1498 ταπεφρονηκότως
748 1428 837 1482 ἅμα
874 1428 948 1471 καὶ
988 1431 1041 1482 τῇ
1081 1428 1196 1478 τάξει
1235 1427 1465 1482 μένοντας,
1506 1427 1580 1469 καὶ
1625 1443 1704 1477 τας

230 1485 284 1528 45
315 1483 501 1535 ἀσπίδας
516 1484 653 1541 πρὸς
690 1484 739 1526 τὸ
779 1484 890 1538 γόνυ
930 1486 1161 1533 κλίναντας
1207 1484 1253 1526 έν
1292 1483 1427 1552 ὀρθῷ
1447 1487 1506 1554 τῷ
1548 1481 1703 1536 δόρατι

310 1543 465 1598 μένειν.
498 1542 560 1583 ὠν
581 1540 856 1612 ποιησάντων
877 1539 926 1583 τὸ
946 1539 1216 1608 προςταχθὲν
1242 1539 1379 1592 ὥςπερ
1403 1537 1476 1592 ἀφ’
1504 1538 1602 1591 ἑνός
1623 1557 1700 1582 πα·

310 1597 679 1653 ρακελεύσματος,
717 1595 740 1640 6
766 1595 1019 1666 Ἀγησίλαος
1049 1596 1280 1651 θαυμάσας
1310 1596 1410 1666 τήν
1417 1612 1461 1639 τε
1499 1593 1701 1648 ευταξίαν

261 1665 263 1667 ’
310 1659 399 1699 τῶν
426 1656 648 1709 πολεμίων
675 1670 749 1697 και
783 1655 864 1723 τὴν
892 1652 1246 1709 καταφρόνησιν,
1285 1652 1334 1696 τό
1366 1652 1444 1706 μὲν
1473 1651 1700 1708 βιάζεσθαι

311 1711 421 1765 πρὸς
450 1711 732 1780 ὑπερδεξίους
760 1709 924 1761 τόπους
967 1727 1040 1752 και
1070 1708 1415 1764 συναναγκάζειν
1444 1725 1548 1760 τους
1578 1709 1698 1752 ἐναν-

228 1766 281 1811 5Ο
311 1772 431 1819 τίους
462 1768 627 1821 α’νδρας
657 1765 856 1823 ἀγαθοὺς
884 1769 1084 1822 γίνεσθαι
1112 1765 1225 1820 πρός
1255 1766 1333 1809 τὸν
1364 1766 1410 1809 ἐκ
1437 1765 1580 1821 χειρός
1609 1769 1697 1809 κί-ν

312 1828 450 1869 δυνον
490 1823 573 1867 οὐκ
614 1824 775 1883 ἔκρινε,
823 1829 980 1876 πεῖραν
1027 1824 1073 1866 δε
1111 1822 1259 1895 λαβων
1298 1822 1365 1866 ὅτι
1405 1822 1698 1893 τολμήσουσιν

310 1880 652 1937 ἀναγκαζόμενοι
682 1883 1015 1950 διαγωνίζεσθαι
1043 1880 1143 1933 περὶ
1174 1883 1250 1934 τῆς
1277 1881 1421 1935 νίκης,
1452 1879 1500 1922 ἐν
1527 1883 1589 1936 τῷ
1617 1895 1696 1923 πε-

311 1941 389 1996 δίῳ
435 1936 856 2007 προεκαλεῖτο.ού
900 1936 1340 2006 συγκαταβαινόντων
1386 1936 1431 1979 δε
1477 1940 1566 1979 τῶν
1612 1941 1695 1991 Θη

225 1998 278 2040 55
310 1997 468 2050 βαίων,
496 2011 576 2051 την
605 2011 683 2049 μεν
713 1992 917 2063 φάλαγγα
957 1998 1046 2036 τῶν
1085 1997 1225 2045 πεζῶν
1257 1992 1468 2048 ἀπήγαγε,
1507 1991 1611 2043 τοὺς
1649 1992 1690 2037 δ’

305 2055 447 2103 ἱππεῖς
486 2068 560 2094 και
588 2051 641 2094 τά
671 2050 822 2102 ψιλικα
852 2055 940 2093 τῶν
968 2049 1198 2105 ταγμάτων
1239 2049 1538 2101 ἐξαποστείλας
1566 2049 1693 2119 ἐπόρ-

305 2115 416 2165 θησε
447 2125 527 2164 την
555 2108 704 2163 χώραν
740 2108 898 2158 άδεῶς,
937 2108 1010 2150 καὶ
1039 2111 1214 2150 πολλῶν
1242 2106 1455 2160 λαφύρων
1483 2105 1694 2176 ἐγκρατής

219 2178 275 2217 33
307 2167 487 2222 ἐγένετο.
549 2167 591 2208 οἱ
621 2165 666 2208 δὲ
702 2167 908 2215 συνόντες
937 2167 998 2222 τῷ
1024 2162 1257 2237 Ἀγησιλάῳ
1287 2167 1562 2214 Σπαρτιᾶται
1590 2162 1692 2219 σύμ·
1741 2180 1746 2182 ’

218 2237 273 2276 60
303 2226 460 2280 βουλοι
498 2222 572 2265 καὶ
614 2224 656 2264 οἱ
695 2238 772 2272 τας
819 2210 1052 2293 ἡγεμονίας
1092 2221 1262 2276 ἔχοντες
1300 2219 1550 2274 ἐθαύμαζον
1596 2223 1691 2271 πῶς

303 2277 541 2336 δραστικος-
565 2295 678 2322 ειναι
708 2281 853 2322 δοκῶν
881 2278 905 2322 ὁ
931 2276 1181 2334 Ἀγησίλαος
1208 2277 1281 2321 καὶ
1309 2278 1485 2333 μείζονα
1512 2276 1586 2320 καὶ
1615 2278 1690 2320 δυ·

298 2449 355 2485 21.
384 2446 572 2494 Θεσπιάς]
604 2445 782 2489 Θεσπειάς
806 2448 869 2482 FK
1043 2447 1100 2483 26.
1127 2445 1259 2489 πεζοὺς
1282 2443 1350 2490 μὲν
1374 2445 1526 2491 AFIKL,
1554 2445 1685 2481 caeteri

297 2495 367 2541 μὲν
394 2494 528 2538 πεζούς

391 2565 448 2600 27.
469 2564 526 2598 32.
554 2562 622 2598 τόν
639 2562 701 2607 ἐν]
725 2563 791 2597 τὸν
815 2561 881 2607 μὲν
906 2561 944 2599 ἐν
968 2563 998 2598 A
1182 2560 1241 2595 33.
1265 2558 1306 2594 δ’
1331 2560 1372 2602 F,
1399 2559 1524 2593 caeteri
1550 2556 1591 2594 δὲ

297 2611 354 2647 38.
379 2608 540 2654 αὐτούς]
569 2609 696 2650 αὐτοῖς
720 2611 814 2643 Flu,
1008 2609 1067 2644 39.
1090 2606 1255 2661 ε’πήᾳῃαςε
1268 2606 1418 2649 πᾶσαν]
1445 2604 1622 2650 ἐπήγαγεν
1649 2606 1680 2639 F

479 2657 539 2692 40.
563 2655 603 2690 6’
630 2657 670 2699 1⁴,
696 2656 825 2689 caeteri
851 2654 891 2691 δὲ
1074 2655 1130 2689 41.
1154 2651 1385 2697 παρήγγειλε]
1413 2652 1679 2697 παρήγγελλεΕ

1620 2697 1713 2731 43.

481 2703 538 2737 42.
563 2702 973 2746 καταπεφρονηκότως]
1006 2698 1385 2744 καταπεφρονηκότας

299 2749 471 2795 τῆ]ῑιᾱιὶο
495 2748 555 2783 511:
579 2760 611 2783 v.
638 2749 680 2781 ad
708 2744 1393 2803 v‹›1.1.p.‹›·81.50.53.m3v
1417 2756 1486 2777 om.
1511 2744 1540 2777 F

298 2797 354 2832 58.
381 2796 416 2832 οὶ
442 2794 502 2840 65]
529 2794 590 2832 καὶ
617 2794 653 2830 οἱ
677 2795 742 2828 FK
925 2795 982 2830 60.
1008 2790 1030 2829 6
1054 2793 1284 2838 Ἀγησίλαος]
1305 2788 1521 2836 Ἀγησίλαος
1545 2790 1574 2823 Α
